3182 5252
773 333 1004 378 nlenonnt'zlat
1024 328 1189 378 ntundnan.

948 623 1022 684 268.

414 779 484 843 ΙΙΙ.
502 780 629 866 Kdroly
654 781 784 846 sicilici
808 782 987 868 kirdlynclc
1010 806 1188 869 parnasso,
1213 785 1357 872 melplyel.
1377 809 1448 850 caca
1467 787 1538 850 udo·

738 895 850 977 mdnyt
857 891 1116 978 sopannlosr'tju.
1136 896 1229 998 1383.

524 1049 669 1115 Karalus
686 1049 819 1115 Tertius
836 1059 893 1115 etc.
915 1050 1097 1134 Capitaneo
1116 1051 1267 1118 Ciuitatis
1285 1051 1413 1120 Auerse
1427 1056 1538 1137 suique

416 1156 597 1236 districtus,
613 1157 666 1220 uel
682 1159 749 1222 eius
764 1159 995 1225 locumtenenti
1005 1159 1092 1224 fideli
1103 1167 1214 1225 nostro
1226 1164 1364 1244 gratiam
1375 1170 1434 1227 etc.
1450 1162 1538 1228 Scire

416 1270 450 1328 te
468 1267 623 1346 uolumus,
639 1267 835 1332 concessisse
851 1289 910 1333 nos
927 1269 1056 1334 nouiter
1072 1267 1209 1333 Michali
1225 1268 1265 1332 de
1281 1266 1438 1336 Glismali
1449 1269 1539 1334 Hun-

418 1394 498 1456 garo
514 1373 688 1457 Pelipario,
706 1373 860 1440 familiari
885 1382 918 1441 et
943 1374 1031 1460 fidelj
1049 1384 1161 1441 nostro
1179 1377 1298 1442 dilecto
1313 1384 1427 1461 patens
1443 1379 1541 1461 priui-

417 1481 536 1564 legium
552 1488 698 1546 nostrum
715 1483 894 1567 subscripta
911 1505 969 1567 per
986 1485 1096 1549 omnia
1111 1485 1212 1549 serici.

489 1653 491 1656 ,
523 1589 669 1654 Karalus
686 1589 816 1655 Tertius
833 1590 894 1656 stb.
911 1590 1117 1676 (kdvetlrezilr
1132 1590 1199 1655 III.
1216 1590 1344 1674 Karoly
1361 1593 1477 1657 siciliai
1495 1592 1538 1656 ki-

415 1695 553 1776 ralynak
569 1697 831 1781 adomanylerele
847 1699 930 1763 mint
945 1704 1019 1764 267.
1035 1722 1075 1763 sz.
1093 1700 1136 1785 a.)

525 1803 572 1869 Vt
598 1808 709 1888 itaque
736 1814 934 1872 memoratus
960 1807 1130 1888 Michalis‚
1164 1808 1292 1891 ipsique
1317 1809 1368 1873 sui
1398 1807 1539 1886 heredes,
1575 1849 1579 1860 ·

416 1911 508 1977 iuxta
536 1911 709 1996 benignum
737 1915 925 1980 intentionis
951 1922 1060 1980 nostre
1090 1917 1293 1999 propositum
1323 1925 1538 1998 assequantur

395 2096 397 2110 Ι
416 2021 547 2086 realiter
564 2021 705 2088 eiusdem
717 2024 930 2089 concessionis
947 2031 980 2088 et
996 2025 1100 2107 gratie
1110 2031 1221 2089 nostre
1232 2022 1383 2105 fructum3
1396 2023 1536 2090 volumus

416 2136 449 2192 et
466 2128 617 2193 fidelitati
634 2137 687 2194 tue
714 2131 753 2196 de
778 2133 851 2214 ipsa
872 2139 964 2197 certa
980 2138 1093 2196 nostra
1109 2133 1245 2196 scientia
1261 2133 1495 2198 committimus
1511 2139 1538 2196 ct

417 2235 610 2300 mandamus
626 2259 786 2321 expresse,
804 2247 964 2321 quatenus
989 2241 1161 2323 prescripti
1180 2241 1284 2304 nostri
1301 2240 1463 2323 priuilegii
1480 2239 1539 2304 sor·

417 2365 471 2408 rna
487 2343 659 2426 diligenter
676 2352 808 2411 actenta
833 2355 865 2411 et
888 2346 1062 2413 efficaciter
1078 2348 1260 2429 obseruata,
1275 2349 1463 2413 iamdictum
1481 2347 1540 2414 Mi-

418 2450 551 2530 chalem,
567 2474 623 2517 seu
641 2475 814 2538 personam
838 2439 1017 2538 legitimam
1043 2445 1103 2539 pr'o
1119 2456 1241 2535 eodem,
1258 2456 1290 2520 in
1307 2456 1538 2540 possessionem
1584 2495 1585 2498 =

417 2561 616 2642 prelatorum
634 2561 790 2627 bonorum
807 2585 877 2628 cum
901 2563 1030 2645 juribus
1048 2571 1080 2630 et
1096 2565 1301 2646 pertinentijs
1316 2585 1425 2628 eornm
1441 2566 1541 2628 omni·
1584 2551 1585 2562 ³

417 2669 478 2732 bus
495 2671 666 2735 antedictis
682 2670 815 2736 inducas
832 2693 887 2735 scu
904 2673 1011 2736 induci
1034 2673 1168 2738 mandes
1184 2679 1215 2736 et
1230 2671 1332 2736 iacias
1348 2675 1540 2737 auctoritate

417 2779 612 2860 presentium
640 2780 849 2862 corporalem,
875 2781 1087 2846 tenendorum
1112 2802 1170 2864 per
1196 2779 1333 2845 eundem
1366 2779 1538 2845 Michalem

417 2885 583 2966 ipsiusque
609 2886 742 2950 heredes
766 2888 798 2950 in
826 2887 956 2951 seudum
974 2887 1015 2951 ab
1032 2889 1103 2970 ipsa
1120 2894 1234 2952 nostra
1251 2885 1350 2951 Curia
1366 2888 1457 2951 iuxta
1473 2907 1540 2970 pre-

418 2995 506 3056 missi
524 2995 625 3058 nostri
644 2994 808 3079 priuilegij
826 2997 1058 3060 continentiam
1075 3001 1108 3058 et
1123 3001 1278 3077 tenorem,
1295 2993 1454 3060 fidelitate
1471 3017 1540 3059 nos·
1584 3039 1585 3048 η

417 3108 479 3177 tra,
495 3101 616 3167 feudali
633 3123 761 3184 quoque
791 3103 925 3166 seruitio
940 3123 1000 3184 pro
1017 3102 1113 3166 dictis
1139 3101 1232 3167 bonis
1249 3109 1358 3166 nostre
1375 3099 1475 3166 Curia
1489 3103 1540 3166 de·
1583 3133 1584 3136 ¹

418 3211 495 3290 bito,
513 3211 631 3274 nostris
649 3209 722 3290 alijs
748 3216 780 3273 et
805 3209 974 3275 cuiuslibet
1000 3208 1134 3274 alterius
1146 3209 1274 3294 juribus
1292 3231 1416 3293 semper
1431 3211 1539 3275 saluis,
1584 3231 1585 3234 ¹

418 3316 492 3380 Non
511 3317 687 3381 omissurus
712 3324 863 3399 preterea
883 3317 1057 3400 diligenter
1074 3319 1236 3400 inquirere
1257 3340 1320 3383 vna
1335 3340 1407 3381 cum
1422 3318 1537 3382 ‹ludiee

418 3434 451 3487 et
467 3433 613 3489 actorum
630 3423 769 3490 Notario
786 3448 843 3508 per
860 3425 996 3490 Curiam
1012 3425 1073 3490 tibi
1089 3425 1175 3489 datis
1192 3424 1232 3489 da
1249 3447 1357 3490 annuo
1370 3424 1477 3490 valore
1493 3429 1536 3508 ip

417 3555 526 3596 sorum
551 3533 717 3615 bonorum,
744 3557 805 3616 que
823 3534 849 3598 si
865 3533 950 3597 vltra
967 3553 1110 3597 annuum
1126 3534 1271 3598 valorem
1289 3533 1451 3597 unciarum
1470 3533 1536 3596 auri
1583 3577 1585 3610 3

418 3640 528 3706 (leuem
545 3639 666 3706 suerint
682 3642 789 3706 valere
807 3647 982 3724 comperta,
999 3639 1088 3719 illud,
1106 3639 1194 3704 ultra
1219 3641 1305 3722 quod
1323 3640 1440 3704 fuerint
1459 3639 1535 3702 bona

418 3750 489 3832 ipsa
505 3748 612 3814 valere
630 3756 804 3832 comperta,
830 3747 1028 3831 compendijs
1045 3755 1153 3812 nostre
1170 3745 1271 3813 Curia
1287 3768 1452 3813 reserunre
1468 3767 1536 3830 prc-
1583 3755 1585 3824 t

418 3878 520 3937 cures,
537 3879 574 3921 ac
592 3865 700 3922 nostre
717 3856 853 3922 Camere
870 3859 1047 3940 assignare.
1060 3855 1106 3920 Et
1122 3877 1307 3938 processum
1324 3855 1536 3937 inquisitionis
1582 3831 1585 3956 l

418 3965 526 4047 ipsius,
551 3963 637 4029 inira
663 3965 824 4048 prelatum
851 3965 1005 4030 bimestre
1031 3971 1159 4047 tempus
1183 3965 1215 4027 iu
1243 3963 1352 4027 eodem
1369 3961 1534 4044 priuilegio
1583 3957 1585 4040 l

418 4073 628 4152 declaratum,
654 4073 713 4137 sub
740 4074 857 4157 sigillis
875 4075 949 4153 tuis,
966 4071 1249 4156 predictorumquc
1264 4070 1390 4136 Judicis
1405 4075 1434 4132 et
1451 4075 1534 4134 acto·
1583 4077 1585 4174 i

418 4203 489 4245 rum
516 4178 644 4262 Notarij
663 4179 764 4244 Curia
780 4189 889 4246 nostre
908 4181 1145 4258 transmisere,
1162 4187 1199 4242 ut
1215 4180 1302 4242 iuter
1316 4176 1399 4241 illius
1413 4195 1533 4260 proces-
1583 4187 1585 4230 1

421 4311 473 4351 sus
490 4291 608 4354 merita
624 4289 835 4372 prouideatur
851 4311 910 4373 per
926 4311 983 4354 nos
1000 4297 1033 4352 et
1049 4295 1195 4353 nostram
1211 4284 1352 4368 Curiam,
1364 4292 1454 4368 prout
1463 4303 1534 4347 nos·
1583 4277 1585 4346 l

419 4402 470 4459 tra
488 4395 653 4462 Serenitas
670 4397 800 4460 duxerit
816 4397 1086 4476 demandandum,
1103 4403 1134 4458 et
1151 4397 1276 4478 pariter
1292 4391 1532 4467 declarandum

421 4503 563 4569 facturus
580 4506 651 4569 fieri
668 4505 706 4568 de
724 4507 911 4569 executione
925 4507 1123 4589 presentium
1141 4525 1212 4568 cum
1230 4525 1337 4568 earum
1355 4500 1454 4565 forma
1467 4500 1532 4563 tria
