3214 5250
592 371 685 436 1386.
1138 381 1199 442 611

70 551 178 634 gratia
194 547 351 635 Ungerie,
366 551 553 618 Jerusalem
569 557 602 615 et
619 551 729 618 Sicilie
746 551 873 634 Regina
900 559 959 618 ete.
985 552 1119 622 Vinaria
1137 559 1200 623 Ce-

70 660 191 725 neralie
209 659 429 726 Illustrissimi
455 664 488 725 61
514 657 718 725 Serenissimi
744 658 909 743 Principis
934 659 1057 726 domini
1081 662 1204 730 Karoli

72 766 136 833 Dei
153 769 262 852 gratia
277 768 435 852 Ungerie,
450 766 635 834 Jerusalem
652 774 686 833 et
702 767 812 834 Sicilie
841 767 944 852 Regis
969 777 1031 836 etc.
1057 795 1203 837 reveren-

71 876 197 942 dissimi
213 877 274 941 riri
290 878 349 959 sui,
365 876 478 958 voluit,
503 883 536 942 61
562 877 686 943 dictum
712 877 877 944 dominum
904 879 1028 963 Regem
1053 882 1119 946 iam
1145 881 1201 945 diu

70 983 212 1050 soluisse
241 985 393 1066 asseruit,
424 985 500 1051 dari
529 1006 587 1068 per
613 983 790 1052 Commune
822 986 990 1054 Florentia
1021 1009 1077 1054 seu
1103 988 1203 1054 alium

71 1092 120 1160 vel
152 1093 236 1158 alios
265 1095 335 1160 eius
366 1094 495 1160 nomine
521 1114 561 1160 ex
586 1094 729 1178 quadam
755 1115 880 1160 summa
905 1094 1101 1162 florenorum
1134 1099 1204 1164 anri

70 1199 283 1272 XXXVIII
298 1201 389 1267 milia
406 1201 516 1268 debita
532 1201 621 1267 dicto
639 1199 770 1268 domino
787 1203 872 1288 Regi
892 1225 951 1287 per
969 1205 1089 1271 dictum
1111 1205 1206 1273 Com·

70 1331 168 1375 mune
183 1311 295 1393 vigore
310 1310 452 1376 codicilli
476 1316 509 1374 et
533 1311 648 1376 ultime
673 1311 850 1378 voluntatis
876 1314 953 1380 olim
978 1313 1206 1381 1116611606-

71 1420 156 1484 mine
172 1419 302 1484 domine
319 1416 460 1502 Agnetis
475 1418 542 1483 filie
558 1419 636 1484 olim
653 1421 738 1486 clare
762 1422 918 1487 memorie
944 1421 1066 1488 domini
1086 1421 1205 1489 Karoli

70 1527 174 1593 Ducis
189 1527 334 1608 Duratii,
360 1526 584 1610 Imperatricis
610 1524 939 1612 Constantineapolis,
965 1530 1060 1594 utin
1086 1532 1204 1596 instru-

70 1644 179 1702 mento
196 1636 274 1701 inde
290 1635 436 1701 confecto
452 1633 490 1699 fit
506 1637 637 1718 mentio,
652 1637 678 1703 J
679 1635 799 1702 ohanni
816 1638 856 1703 de
874 1635 1071 1722 Pertinarijs
1090 1639 1207 1722 recipi·

70 1746 137 1810 enti
155 1766 216 1830 pro
234 1766 266 1810 se
284 1751 315 1810 et
331 1745 424 1811 sotiis
444 1747 511 1810 suis
536 1742 747 1810 Bartolomeo
773 1747 896 1828 borini,
922 1744 1068 1811 Jobanni
1096 1744 1206 1826 Giani,

69 1852 265 1918 Benacurso
282 1852 432 1934 Berardi,
449 1851 604 1920 Michaeli
620 1852 789 1919 Francisci
806 1861 838 1920 et
854 1855 1025 1926 Dominico
1043 1851 1206 1919 01616111-

71 1960 132 2028 bus
149 1967 184 2027 61
199 1963 436 2027 mercatoribus
453 1961 667 2044 Florentinis,
683 1969 715 2026 et
732 1962 797 2043 alii,
813 1967 918 2028 61666
934 1963 1008 2027 aliis
1035 1961 1202 2027 declaran-

72 2069 122 2135 dis
155 2069 914 2153 6116111161116116166111166661661166
944 2069 1128 2136 1611666616
1160 2069 1200 2134 16

73 2177 206 2260 11166116,
224 2175 405 2244 Cuidonem
427 2178 549 2244 domini
571 2177 760 2260 Tommasii,
786 2186 820 2245 61
836 2179 1048 2246 Franciscum
1074 2178 1114 2243 de
1140 2177 1204 2243 Ar·

72 2285 250 2370 dingbellis
267 2287 351 2352 cives
369 2286 586 2368 Florentinos,
602 2286 740 2351 florenos
757 2288 823 2353 tria
838 2287 928 2353 milia
954 2287 1108 2353 ducentos
1134 2289 1208 2351 euri

72 2396 152 2461 recti
171 2395 325 2479 ponderis
342 2402 374 2458 et
390 2395 474 2460 66611
490 2393 676 2460 Florentini
697 2415 757 2478 pro
781 2394 1005 2461 satisfactione
1024 2415 1207 2478 pannorum

73 2511 104 2569 et
121 2504 262 2569 aliarum
279 2503 532 2569 mercantiarum
548 2509 583 2568 et
598 2523 654 2568 666
669 2523 779 2567 161611
791 2502 837 2566 616
855 2502 931 2568 olim
948 2503 1132 2568 ablatarum
1150 2524 1209 2586 per

73 2611 305 2696 stipendiarios
322 2618 355 2678 ct
372 2633 428 2678 seu
444 2619 557 2695 gentes
573 2610 653 2676 dicti
670 2610 792 2677 domini
809 2609 921 2694 Regis,
947 2616 981 2675 et
1007 2609 1096 2694 quod
1121 2609 1209 2674 diota

74 2720 210 2786 domina
225 2721 354 2800 Regina
370 2725 406 2784 ut
421 2717 556 2786 Vinaria
572 2718 729 2803 predicta,
746 2739 818 2782 cum
844 2739 1001 2784 consensu
1027 2721 1060 2782 61
1086 2716 1209 2784 delibo·
1323 2751 1326 2758 ·

73 2829 203 2895 ratione
219 2827 279 2892 sibi
297 2828 480 2894 assistentis
497 2825 634 2892 Consilii
651 2828 838 2910 recognovit
855 2832 889 2890 et
905 2827 1089 2909 acceptavit
1113 2845 1208 2909 quas-

73 2937 149 3002 dem
162 2935 340 3001 solutiones
350 2935 545 3001 florenorum
558 2933 629 3000 auri
644 2933 829 2999 XXIIIIM
851 2931 983 3002 VIIII⁰
1004 2931 1210 2997 LXXXIII

72 3043 157 3110 libre
183 3042 203 3106 I
230 3042 409 3111 solidorum
444 3041 537 3110 XVI
574 3041 782 3108 denariorum
810 3041 979 3107 11166166
1003 3062 1063 3125 661
1088 3040 1209 3105 dictum

75 3150 265 3236 Commune,
281 3152 398 3235 quibus
416 3157 449 3218 et
464 3157 563 3235 prout
578 3152 612 3215 in
629 3149 716 3216 dicto
733 3150 946 3215 instrumento
962 3148 1037 3218 inde
1062 3147 1229 3213 66116616·

75 3259 112 3327 fit
127 3262 260 3340 1666116,
278 3268 312 3327 61
330 3261 531 3345 computavit
547 3267 581 3326 et
597 3261 779 3345 computari
790 3259 894 3325 voluit
912 3258 1034 3324 dictam
1050 3278 1209 3322 summam

74 3369 273 3436 florenorum
300 3371 373 3436 6611
399 3368 579 3434 ΧΧΠῙΙΜ
611 3367 742 3436 VIIIIC
766 3363 1030 3431 LXXXXIIII
1055 3363 1137 3430 libre
1163 3387 1212 3430 so·

75 3477 218 3544 lidorum
244 3475 336 3543 XVI
364 3476 570 3544 denariorum
597 3475 637 3541 H
662 3481 831 3558 tamquam
858 3494 931 3538 uere
957 3470 1097 3538 solutam
1124 3472 1211 3538 dicto

75 3586 208 3652 domino
225 3585 310 3671 Regi
327 3587 361 3652 in
380 3586 469 3652 etde
486 3607 611 3650 summa
628 3591 660 3649 et
675 3605 735 3668 pro
747 3581 971 3649 satisfactione
987 3581 1074 3646 dicte
1087 3601 1210 3646 summe

75 3694 272 3761 florenorum
289 3694 519 3764 XXXVIIlV
541 3694 613 3759 6611
625 3693 741 3776 debite,
751 3698 788 3757 61
798 3690 970 3775 616161161,
981 3689 1068 3755 dicto
1079 3688 1211 3754 domino

77 3801 161 3886 Regi
179 3825 236 3887 per
252 3803 375 3869 dictum
395 3802 571 3868 Commune
596 3803 708 3886 vigore
733 3800 895 3867 dictorum
922 3796 1153 3880 codicillorum,
1179 3804 1212 3862 et

77 3911 229 3976 similiter
255 3911 377 3978 dictam
403 3912 620 3996 quantitatem
645 3908 730 3974 ΠΙΜ
760 3906 815 3972 IIC
841 3906 1035 3972 florenorum
1052 3906 1124 3970 auri
1151 3927 1211 3988 pro

79 4018 168 4086 dicto
185 4019 316 4086 domino
332 4019 425 4106 Rege
442 4018 628 4084 solvendam
644 4039 704 4102 per
719 4017 843 4082 dietum
860 4013 1040 4080 Commune
1056 4013 1212 4098 predictis

79 4129 317 4194 mercatoribus
333 4135 366 4193 61
382 4127 456 4194 61116
472 4127 690 4207 nominandis,
707 4133 743 4191 61
760 4145 868 4208 66616,
884 4145 923 4188 ex
940 4143 1034 4205 11616,
1044 4127 1211 4204 tamquam

80 4237 242 4303 conversis
258 4239 291 4301 in
309 4237 511 4303 commodum
530 4242 563 4301 61
579 4234 757 4301 utilitatem
783 4233 862 4298 dicti
888 4232 1012 4297 domini
1037 4231 1147 4312 Regis,
1175 4229 1212 4293 li-

81 4342 201 4408 berans
217 4351 276 4412 etc.
292 4345 339 4412 Et
355 4346 508 4430 promisit
524 4365 588 4409 non
604 4350 716 4428 petere
733 4348 791 4408 etc
808 4341 855 4406 Et
880 4340 1028 4425 predicta
1055 4339 1166 4402 omnia
1183 4343 1215 4402 et

79 4451 209 4535 singula
224 4452 300 4519 fecit
318 4454 407 4520 dicta
423 4454 554 4520 domina
571 4451 701 4535 Regina
716 4451 804 4517 dicto
821 4449 960 4531 nomine,
972 4447 999 4512 si
1011 4453 1043 4511 61
1055 4447 1087 4511 11
1110 4467 1212 4528 quan-

78 4564 145 4625 tum
164 4560 243 4625 dieti
260 4567 457 4626 mercatores
473 4569 506 4625 et
522 4560 578 4624 alii
595 4557 795 4638 autumandi,
807 4555 1073 4640 utpremictitur,
1089 4573 1148 4637 616
1165 4571 1215 4616 66-

1046 4665 1106 4727 39*
