3190 5252
623 419 717 486 1381.
1172 425 1237 488 435

95 621 159 680 mo,
176 600 358 666 indiccione
375 607 503 684 quarta,
521 601 573 664 die
589 597 693 682 doris,
709 607 824 664 octavo
843 601 964 668 mensis
981 600 1138 684 Augusti,
1157 612 1236 670 ante

96 715 130 772 et
147 709 240 774 circa
260 708 375 775 horam
400 707 621 792 hesperorum,
645 710 680 773 in
706 705 848 774 Civitate
873 709 1032 774 Thaurini
1059 710 1232 778 Provincia

96 815 357 882 Pedemoncium
375 818 437 883 stb.

206 923 1229 1008 Inprimisstb.dictepartesintcrsemutuoetricissim,firma-

92 1039 215 1098 rerunt
231 1032 351 1098 bonam
362 1040 512 1097 etreram
525 1052 640 1115 pacem
652 1030 724 1094 Deo
733 1031 881 1115 propicio
898 1035 1064 1116 perpetuis
1073 1037 1228 1118 tempori·

91 1141 152 1205 bus
170 1137 619 1205 inviolabiliterduraturam.
636 1139 721 1204 Item
733 1137 794 1202 fuit
811 1146 919 1204 actum
937 1141 1138 1206 interdictas
1156 1163 1230 1226 par-

1 1266 2 1298 t
89 1253 151 1327 tes,
164 1249 255 1330 quod
267 1269 377 1313 omnes
388 1253 419 1312 et
432 1247 552 1330 singuli
562 1247 866 1329 captivi,carccrati,
877 1255 910 1312 et
921 1247 1077 1334 detempti
1083 1253 1228 1337 parcium

91 1356 322 1438 predictarum
339 1363 372 1421 et
388 1356 559 1421 cuiuslibet
576 1355 730 1437 ipsa-rum,
742 1376 781 1420 ac
796 1354 918 1419 subditi
936 1357 1081 1439 ipsarum
1097 1357 1229 1425 ubicun-

90 1484 154 1544 que
173 1465 249 1544 sint,
266 1471 296 1530 et
313 1487 412 1549 penes
428 1483 652 1550 quemcunque
669 1465 757 1546 capti
773 1464 824 1527 uel
843 1464 1000 1549 detempti
1017 1467 1091 1547 sint,
1108 1474 1140 1532 et
1156 1468 1228 1551 qui-

88 1593 222 1657 cunque
240 1573 313 1653 sint‚
331 1574 397 1640 sive
415 1573 503 1657 capti
518 1571 640 1637 fuerint
653 1593 710 1655 per
725 1573 814 1656 ipsas
825 1580 936 1656 partes
953 1575 1003 1638 vel
1020 1582 1133 1658 gentes
1143 1575 1227 1659 ipsa·

87 1701 173 1761 rum,
193 1677 243 1742 rel
253 1699 310 1762 per
320 1681 502 1761 singulares
514 1701 671 1764 personas
683 1701 739 1745 seu
750 1680 980 1763 stipendiarios
995 1681 1143 1763 ipsarum
1152 1703 1226 1765 par-

87 1788 188 1868 cium,
205 1793 238 1850 et
254 1787 427 1854 cuiuslibet
444 1809 562 1868 earum,
580 1790 645 1853 sive
662 1789 765 1854 eciam
776 1789 803 1853 si
818 1788 937 1853 fuerint
954 1789 1109 1873 detempti
1120 1791 1153 1853 in
1165 1791 1225 1854 rir-

86 1900 160 1960 tute
179 1917 236 1959 seu
253 1903 418 1980 potestate
434 1899 577 1982 ipsarnm
595 1897 751 1981 parcium,
767 1897 818 1961 vcl
832 1918 1095 1980 quarumcunque
1116 1899 1224 1980 singu-

85 2001 198 2069 larum
216 2027 438 2093 personarum,
453 2008 671 2089 cuiuscunque
689 2005 887 2070 condicionis
904 2013 937 2069 et
952 2006 1074 2089 gradus
1095 2008 1168 2088 sint,
1185 2010 1223 2072 li·

84 2109 166 2176 bere
185 2119 220 2176 et
236 2115 304 2180 sine
323 2115 436 2198 aliqua
461 2115 696 2198 redempcione,
721 2115 891 2180 exaccione
916 2113 966 2179 vel
991 2115 1219 2198 impedimento

1 2291 2 2294 Ἴ
85 2239 284 2302 quocunque
300 2221 382 2288 reali
398 2223 450 2287 rel
474 2222 638 2306 personali
664 2223 863 2298 relaxentur,
878 2220 1058 2286 liberentur
1076 2229 1108 2286 ct
1128 2243 1222 2305 expe-

84 2325 224 2392 diantur
240 2335 274 2393 et
288 2330 502 2395 restituantur
528 2330 666 2413 pristine
685 2329 832 2394 libertati
848 2327 935 2394 infra
950 2334 1105 2412 tempora,
1121 2337 1220 2412 prout

1 2473 2 2478 κ
84 2433 294 2501 interdictas
311 2444 421 2520 partes
438 2437 582 2502 extiterit
594 2436 789 2501 ordinatum.
800 2433 988 2501 Successive
1005 2457 1077 2499 cum
1093 2457 1218 2519 guerre,

82 2543 172 2624 lites,
202 2543 370 2625 discordie,
396 2547 580 2628 questiones
606 2551 640 2609 et
665 2545 880 2612 controversie
899 2549 1113 2626 verterentur,
1130 2544 1214 2608 verti

83 2658 326 2736 spect-arentur,
343 2655 426 2718 etin
443 2653 590 2718 futurum
600 2655 684 2718 serti
701 2659 834 2737 possent
849 2654 936 2719 inter
950 2653 1114 2737 prefatu'm
1125 2651 1218 2718 Scre-

82 2760 258 2824 nissimum
274 2759 438 2825 dominum
456 2760 581 2845 Regem
598 2783 637 2825 ex
654 2782 719 2826 una
734 2769 839 2843 parte,
850 2766 882 2825 et
898 2759 1023 2826 dictum
1040 2757 1217 2826 Oommune

81 2866 350 2934 Veneciarumex
360 2868 474 2950 altera,
485 2890 582 2952 super
593 2868 733 2952 eoquod
745 2867 890 2951 prefatus
901 2866 1133 2933 serenissimus
1144 2867 1216 2933 Rex

80 2977 261 3061 Hungarie
286 2975 418 3044 dicebat
441 2977 583 3044 bucchas
608 2978 774 3043 fluminum
802 2974 890 3042 Gulfi
906 2977 949 3042 ad
966 2997 998 3042 se
1016 2983 1165 3059 spectare
1184 2982 1216 3042 ct

79 3085 255 3168 pertinere,
266 3091 299 3150 et
309 3086 396 3169 quod
406 3085 468 3151 sibi
479 3093 509 3150 et
521 3087 586 3150 suis
598 3085 737 3151 subditis
746 3084 865 3151 licebat
875 3085 977 3150 libere
988 3091 1020 3148 et
1030 3085 1162 3165 impune
1172 3083 1214 3148 ad

79 3192 190 3258 dictas
200 3194 342 3259 bucchas
358 3201 391 3258 et
406 3195 439 3260 in
457 3197 502 3258 eis
519 3195 678 3278 navigere,
693 3195 816 3259 intrare
833 3201 866 3258 et
882 3195 978 3274 exire,
995 3191 1171 3257 immittere
1182 3197 1214 3255 et

79 3307 257 3384 exportare
273 3303 321 3367 sal
331 3309 364 3366 et
374 3301 455 3368 alias
465 3323 674 3388 quascunque
684 3323 808 3366 merces
820 3323 879 3384 pro
896 3322 951 3364 sue
961 3299 1056 3365 libito
1067 3299 1213 3366 volunta-

78 3408 134 3490 tis,
151 3408 236 3472 sicut
252 3416 284 3473 et
300 3409 573 3491 quemadmodum
588 3432 623 3474 rn
639 3409 712 3474 aliis
729 3409 879 3492 partibus
900 3408 978 3472 dicti
998 3405 1089 3473 Gulfi
1105 3407 1212 3486 habet,

79 3517 129 3580 sic
145 3515 250 3580 eciam
267 3515 397 3582 dicebat
412 3516 533 3583 habere
550 3540 570 3583 a
586 3518 813 3583 Pulmentcric
831 3524 863 3581 et
879 3517 920 3582 ab
938 3514 1090 3580 Arimino
1107 3513 1212 3579 exclu-

79 3626 148 3690 sive
165 3645 278 3690 versus
303 3623 475 3708 Venecias‚
492 3647 551 3693 nec
576 3627 662 3692 dicto
690 3626 862 3692 Communi
889 3625 1107 3692 Veneciarum
1126 3643 1210 3685 conr-

77 3739 191 3816 petere
208 3733 258 3796 ius
274 3733 469 3816 prohibendi
488 3735 550 3819 ipsi
577 3735 707 3800 domino
725 3735 811 3818 Regi
835 3733 886 3799 vel
912 3733 980 3797 eius
1007 3728 1146 3796 subditis
1163 3730 1210 3792 in·

78 3842 216 3905 troitum
226 3847 259 3905 et
270 3843 392 3906 exitum
402 3844 564 3909 dictarum
574 3844 771 3910 buccharum
782 3865 854 3908 cum
864 3842 1110 3926 quibuscunque
1121 3837 1209 3900 navi·

76 3949 148 4029 giis,
165 3948 271 4032 rebus,
288 3957 321 4014 et
336 3952 507 4017 mercibus.
530 3951 579 4017 Ac
604 3955 705 4018 eciam
733 3952 856 4016 diceret
881 3951 950 4034 ipse
975 3945 1208 4013 Serenissimus

76 4054 160 4137 Rex,
178 4055 265 4140 quod
282 4057 324 4122 ad
341 4059 553 4140 aperiendum
570 4060 674 4126 dictas
694 4059 835 4125 bucchas
853 4065 885 4122 et
901 4058 1002 4121 libere
1018 4053 1208 4138 permitten-

77 4162 165 4244 dum,
181 4165 287 4246 ipsum
304 4163 468 4233 dominum
485 4166 610 4250 Regem
628 4174 660 4232 et
676 4189 749 4232 suos
767 4164 924 4244 subditos,
946 4163 1048 4227 dictas
1065 4157 1206 4224 bucchas

77 4279 108 4337 ct
124 4272 307 4356 quamlibet
323 4293 436 4339 earum
454 4275 588 4356 intrare,
599 4275 695 4357 exire,
711 4276 886 4339 immittere
898 4278 931 4336 et
941 4269 1114 4337 extrahere
1134 4273 1206 4330 erat

75 4387 107 4445 et
117 4386 169 4449 est
186 4379 365 4448 Commune
376 4381 593 4449 Veneciarum
604 4385 709 4450 eidem
720 4403 872 4468 expresse
882 4390 917 4447 et
927 4378 1113 4463 specialiter
1124 4374 1204 4439 obli-

75 4499 189 4571 gatum
205 4492 316 4574 rigore
333 4491 422 4575 pacis
433 4492 516 4558 alias
526 4491 611 4558 facte
629 4499 661 4558 et
676 4493 804 4558 firmate
821 4493 907 4557 inter
918 4489 1023 4554 dictas
1034 4490 1153 4569 partes,
1164 4480 1204 4547 de

76 4621 140 4682 qua
158 4607 321 4682 apparent
336 4599 466 4684 publice
476 4601 583 4668 littere
594 4604 740 4686 ipsorum
750 4601 954 4667 dominorum
970 4595 1073 4678 Regis
1091 4590 1204 4672 etDu-

957 4759 959 4762 v
1036 4705 1096 4774 28*
