3190 5252
390 329 456 392 456
745 341 983 392 urruouuctrar
1000 327 1166 386 cursurus.

391 506 433 572 do
449 504 552 570 filium
569 525 626 570 seu
642 501 744 570 filiam
760 511 907 569 nostram
924 503 1092 582 maritare,
1109 505 1167 566 aut
1182 499 1317 582 nupcias
1333 518 1392 582 pro
1411 495 1520 561 liberis
1591 575 1592 586 ἵ

390 614 522 694 nostris,
545 611 599 676 rel
623 630 825 678 successores
851 611 955 678 nostri
984 629 1044 693 pro
1060 608 1205 692 ipsorum
1221 606 1388 684 faciemus,
1405 625 1466 668 seu
1481 602 1522 668 ia·
1591 619 1592 632 ¹

391 723 496 801 cient3
519 720 570 785 rel
585 719 673 803 ipsos
690 739 746 784 seu
761 720 901 784 alterum
918 737 1031 783 eorum
1047 716 1198 782 coronari
1209 713 1252 779 ad
1265 711 1429 780 Coronam
1446 711 1521 777 dicti

391 828 500 913 Regni
516 825 676 894 acciderit
699 831 733 891 et
758 827 939 912 contingat.
968 824 1128 890 Homines
1155 843 1230 888 vero
1256 842 1315 888 seu
1335 820 1522 902 iobagiones

392 934 586 1020 Monasterij
604 933 743 1020 predicti
767 954 827 1020 pro
842 955 881 1000 eo
898 931 1078 998 subsidium
1106 930 1316 996 caritatiuum
1334 949 1391 1014 per
1405 928 1521 994 omnia
1590 929 1592 980 ἶ

391 1052 554 1130 utsupra,
578 1042 775 1110 tenebuntur
800 1041 889 1122 dare,
914 1047 948 1107 et
973 1041 1042 1106 sine
1067 1038 1329 1106 contradiocione
1345 1037 1520 1122 assignare.

391 1151 553 1220 Volumus
578 1150 687 1230 etiam,
713 1156 746 1215 et
770 1170 809 1214 ex
834 1149 948 1214 innata
973 1147 1069 1214 nobis
1094 1143 1298 1232 benignitate
1316 1146 1521 1224 deceruimus,

391 1265 544 1346 pretextu
569 1256 788 1342 recolligendo
813 1257 948 1342 pecunie
974 1255 1084 1321 nullus
1108 1256 1323 1321 Rotariorum
1357 1251 1443 1339 (igy)
1469 1275 1520 1318 seu
1590 1309 1592 1346 ;

392 1368 495 1436 eciam
510 1366 772 1434 ministerialium
788 1367 962 1449 quicquam
980 1365 1089 1448 exigat
1104 1385 1160 1430 seu
1175 1363 1332 1448 requirat,
1347 1363 1408 1427 nisi
1423 1383 1517 1428 rnuru

393 1495 543 1560 grossum
561 1475 601 1541 de
618 1473 766 1558 qualibet
791 1473 877 1539 villa.
902 1471 1021 1539 Preter
1044 1478 1152 1538 autem
1169 1471 1325 1555 premissa
1340 1469 1441 1536 nichil
1457 1491 1519 1535 om-

391 1584 470 1650 nino
494 1583 536 1649 ab
560 1583 710 1650 Ecclesia
734 1581 930 1666 Monasterij
957 1586 990 1646 et
1015 1577 1205 1646 Conuentus
1239 1579 1461 1663 predictorum
1490 1579 1520 1642 in
1591 1589 1592 1596 ’

392 1689 591 1758 Stananthlri
608 1689 921 1770 sanctimonialium,
937 1689 988 1754 rel
1002 1688 1189 1754 hominibus
1201 1693 1233 1752 ct
1253 1688 1400 1770 personis
1410 1706 1521 1752 eorun-

392 1799 466 1864 dem
483 1800 632 1864 volumus
648 1798 780 1881 exigere
797 1818 855 1863 seu
871 1802 1077 1880 extorquere.
1092 1793 1134 1862 In
1150 1817 1290 1880 quorum
1305 1795 1448 1860 omnium
1463 1801 1519 1858 tes-

395 1906 564 1972 timonium
595 1911 764 1989 presentes
796 1905 925 1972 litteras
949 1903 1021 1970 lieri
1045 1904 1208 1980 iussimus,
1232 1909 1265 1968 et
1289 1902 1388 1987 sigilli
1418 1901 1519 1967 nostri

393 2014 551 2083 autentici
577 2012 752 2080 munimine
783 2011 940 2079 roborari.
972 2010 1094 2078 Actum
1125 2011 1286 2078 Craoouie
1316 2011 1349 2075 in
1380 2009 1520 2076 erastino

393 2122 496 2188 Beate
513 2119 697 2187 Katherine
724 2119 874 2204 Virginis
900 2127 933 2185 et
958 2120 1104 2186 martiris
1129 2118 1277 2203 gloriose,
1295 2138 1378 2184 anno
1393 2116 1519 2182 Domini
1591 2163 1592 2166 η

391 2230 563 2296 millesimo
582 2228 812 2295 trecentesimo
828 2229 1051 2312 octuagesimo
1065 2227 1178 2312 primo.
1194 2225 1319 2292 Datum
1333 2247 1393 2310 per
1408 2246 1519 2290 manus

390 2337 584 2404 venerabilis
600 2337 661 2402 viri
676 2335 842 2404 dohannis
852 2335 1011 2421 Radlioye
1030 2335 1226 2420 Cancellarij
1250 2333 1400 2419 Supremi
1414 2332 1516 2418 Regni

394 2445 497 2512 nostri
515 2444 652 2511 Polonie
667 2444 817 2529 predicti.

536 2589 676 2651 (Eredetie
688 2589 870 2654 bdrhtrtytm
883 2605 900 2639 a
914 2589 1072 2641 Etuuiautzi
1086 2589 1171 2640 zirda
1182 2587 1374 2648 leveltirbau.)

921 2897 996 2960 221.

390 3059 417 3122 Ι.
437 3059 537 3144 Lojos
555 3080 693 3144 mapyar
709 3059 741 3121 e's
756 3057 879 3144 leupyel
890 3055 1003 3143 kil-alp
1020 3057 1085 3122 elsb'
1101 3057 1152 3120 e'oi
1170 3062 1412 3143 nyrrptatoduyo
1439 3076 1516 3119 ozon

393 3169 482 3232 7000
513 3167 685 3252 aronyro‘l,
716 3166 867 3253 melyekct
899 3189 921 3229 a
953 3165 1106 3230 veterasce-i
1132 3165 1342 3252 kbztcirsaedp
1373 3191 1393 3228 a
1418 3163 1517 3228 turini

391 3274 717 3360 bikebdtc'snc'lfopoo
733 3297 754 3338 a
771 3295 911 3360 mappar-
937 3272 1132 3338 bononense
1158 3273 1312 3338 evenirent
1334 3273 1437 3353 tactui
1453 3283 1514 3335 tou

855 3391 958 3445 tozott.
980 3382 1076 3444 1381.

498 3542 537 3607 Iu
556 3540 680 3608 Christi
690 3542 818 3608 nomine
829 3537 947 3606 Amen.
960 3537 1058 3604 Anno
1070 3537 1286 3605 aNatiritate
1297 3540 1437 3624 ejusdem
1449 3536 1515 3602 mil·

391 3652 507 3718 lesimo
522 3651 746 3716 trecentesimo
763 3649 984 3733 octuagesimo
1000 3648 1114 3734 primo,
1135 3648 1314 3714 indiccione
1330 3652 1454 3732 quarta,
1467 3644 1514 3709 dic

391 3759 512 3825 Martis
529 3758 685 3842 vigesimo
696 3765 787 3824 sexto
799 3757 917 3824 mensis
928 3755 1133 3822 Novembris
1145 3753 1228 3821 Cum
1241 3757 1272 3820 iu
1285 3761 1452 3822 contractu
1461 3774 1514 3836 pa-

392 3868 436 3933 cis
448 3889 561 3951 nuper,
569 3865 692 3932 scilicet
702 3864 755 3931 die
766 3872 880 3934 octavo
891 3865 1012 3930 mensis
1023 3862 1170 3948 Augusti
1180 3865 1327 3948 proxime
1337 3863 1443 3950 elapso
1453 3861 1514 3925 sac·

390 3982 424 4040 te
441 3981 474 4041 et
485 3976 613 4040 firmate
622 3975 656 4039 iu
667 3972 808 4040 Ciuitate
819 3973 964 4055 Taurini,
975 3973 1162 4054 interventu
1173 3978 1207 4038 et
1217 3971 1431 4038 laudabilibus
1443 3990 1512 4053 ope

391 4082 482 4148 ribus
498 4080 630 4148 Excelsi
651 4087 683 4146 et
702 4080 847 4148 Illustris
867 4078 1001 4146 Domini
1021 4080 1144 4146 domini
1160 4077 1303 4147 Amadei
1315 4077 1447 4145 Comitis
1458 4075 1512 4142 Sa·

392 4188 512 4256 baudie
523 4187 827 4256 interReverendos
837 4187 958 4254 Patres
969 4187 1118 4254 dominos
1135 4188 1347 4257 Valentinum
1358 4185 1512 4272 Quinque·

391 4299 614 4366 Ecclesiarum
630 4305 664 4363 et
679 4298 820 4364 Paulum
836 4296 1071 4381 Zagrabiensis
1087 4297 1311 4363 Ecclesiamm
1329 4295 1511 4380 Episcopus,

391 4411 623 4493 procuratores
640 4413 672 4471 et
687 4405 813 4488 legatos
841 4404 1049 4472 Sereniesimi
1063 4411 1097 4471 et
1112 4404 1324 4472 Inviotissimi
1348 4399 1510 4482 Principis,

390 4515 524 4588 Domini
536 4514 659 4584 domiui
674 4514 843 4594 Ludovici,
854 4511 917 4578 Dei
934 4513 1048 4602 gracia
1059 4511 1094 4578 H
1097 4513 1232 4598 ungarie
1250 4517 1309 4576 etc.
1327 4508 1430 4600 Regis,
1440 4527 1509 4592 pro
