3182 5252
751 375 983 436 ninnouacz'rai
997 363 1167 434 mutinen.

915 573 990 632 287.

515 729 544 792 A
563 729 740 794 Cortaaai
754 729 941 813 prdfoknck
965 753 1043 815 pere
1065 728 1278 793 Volcnczc'ben.
1298 729 1395 792 1384.

501 889 542 954 In
568 890 695 953 nomine
720 888 782 953 Dei
813 887 930 954 Eterni
956 885 1073 953 Amen.
1102 887 1199 950 Anno
1226 884 1269 950 ab
1293 884 1526 952 lucarnatione

392 993 526 1059 Domini
542 999 646 1063 nostri
662 995 746 1060 lesu
763 993 886 1059 Christi
903 995 1075 1059 millesimo
1090 991 1321 1059 trecentesimo
1342 994 1526 1076 octuagesi-

392 1102 491 1167 tertio
506 1124 615 1168 mense
630 1104 655 1171 J
657 1104 785 1168 aunarii
802 1103 854 1168 die
870 1102 1040 1168 undecimo
1066 1103 1221 1182 intrante,
1245 1102 1430 1168 indictione
1455 1124 1524 1185 sep-

391 1212 481 1291 tima,
497 1210 649 1276 Rivoalti.
667 1209 878 1276 Presentibus
894 1209 1046 1275 Nicoleto
1070 1209 1111 1274 de
1136 1209 1319 1275 Laurentio
1336 1216 1372 1274 et
1389 1208 1524 1275 Zenone

393 1317 594 1400 preconibus,
605 1324 638 1383 et
647 1319 719 1383 aliis
731 1317 869 1384 testibus
879 1316 921 1381 ad
931 1318 991 1382 hec
1001 1317 1123 1382 vocatis
1136 1316 1311 1398 etrogatis.
1322 1315 1408 1380 Oum
1419 1337 1529 1381 coram

393 1423 554 1490 nobilibus
571 1425 648 1489 viris
665 1425 806 1490 dominis
822 1424 961 1490 Nicolao
977 1422 1165 1504 Valaresso,
1183 1419 1338 1487 Gabriele
1371 1423 1529 1487 Dandulo

393 1537 425 1596 et
441 1529 581 1614 Symone
597 1532 775 1612 Delminio,
788 1530 1032 1597 honorabilibus
1051 1529 1225 1595 Judicibus
1240 1529 1434 1610 Petionum,
1444 1551 1530 1595 oom-

392 1641 540 1721 paruerit
565 1639 734 1705 Fabianus
759 1640 836 1705 olim
852 1638 1022 1704 familiaris
1049 1636 1178 1704 Nobilis
1194 1642 1228 1700 et
1252 1637 1381 1721 egregii
1406 1635 1529 1702 domini

394 1745 532 1813 Comitis
557 1748 709 1813 Budislai
725 1747 765 1812 dc
797 1745 976 1812 Ouriarclro
1008 1744 1048 1810 de
1074 1743 1246 1822 Oorhavia,
1272 1751 1472 1827 procurator
1497 1753 1530 1808 et

394 1858 619 1939 procuratorio
645 1857 775 1921 nomine
792 1854 909 1920 nobilis
926 1851 1100 1919 Comitisse
1126 1852 1256 1918 domine
1280 1852 1389 1918 Elone
1414 1853 1531 1917 relicte

395 1963 476 2027 dicti
492 1963 655 2046 quondam
672 1964 793 2028 domini
810 1959 1041 2048 Budislailfilii
1057 1961 1135 2026 olim
1146 1960 1267 2025 domini
1283 1959 1428 2026 Comitis
1445 1959 1528 2025 Gre-

395 2071 479 2152 gorii
497 2069 536 2134 de
552 2069 693 2136 Curiano
709 2071 749 2136 de
766 2069 940 2148 corbana,
970 2076 1138 2152 tamquam
1163 2069 1290 2133 tetricis
1317 2075 1351 2133 et
1380 2067 1532 2134 defensa·

396 2180 488 2243 tricis
514 2177 670 2260 deputate
697 2200 755 2261 per
772 2177 1033 2243 illustrissimam
1060 2175 1233 2256 Hungarie
1250 2173 1468 2242 Maiestatem
1495 2175 1527 2238 in

393 2284 543 2350 omnibus
560 2284 734 2350 mobilibus
750 2293 785 2349 et
798 2283 1018 2350 immobilibus
1035 2283 1128 2347 bonis
1145 2282 1276 2348 Nicolai
1291 2284 1362 2348 nati
1390 2285 1455 2364 sui,
1470 2303 1529 2346 nec

393 2411 458 2457 non
473 2394 560 2458 unici
576 2391 634 2457 filii
660 2393 737 2457 dicti
763 2392 925 2475 quondam
953 2390 1089 2456 Comitis
1116 2389 1268 2455 Budislai
1294 2411 1333 2454 ac
1359 2390 1532 2474 legiptimi

393 2499 523 2564 heredis
539 2514 571 2565 et
587 2502 781 2566 successoris
797 2500 938 2566 instituti
954 2501 987 2563 iu
1004 2499 1162 2563 universis
1178 2498 1272 2563 bonis
1297 2497 1482 2564 mobilibus
1499 2503 1532 2561 et

393 2606 610 2672 immobilibus
626 2608 707 2673 dicti
723 2605 887 2690 quondam
910 2607 981 2671 eius
1006 2606 1111 2690 patris
1138 2604 1274 2671 Comitis
1300 2604 1469 2689 Budislai,
1494 2610 1531 2670 ut

392 2715 531 2797 primum
547 2722 675 2780 constat
691 2715 930 2798 procurationis
946 2714 1160 2780 instrumento
1177 2713 1265 2777 lacto
1283 2734 1386 2778 manu
1402 2713 1532 2796 presbi-

392 2822 455 2886 teri
479 2820 609 2888 Nicolai
636 2822 801 2903 quondam
827 2819 1002 2887 cristofori
1027 2819 1261 2886 Archidiaconi
1289 2821 1330 2884 de
1355 2818 1472 2888 Vallro
1499 2825 1533 2886 in

393 2928 544 2994 Ecclesia
576 2928 729 3014 Quinque
761 2929 965 2996 Ecclesiense
997 2935 1031 2994 et
1062 2929 1220 2995 Canonici
1255 2926 1532 3011 Aequilegiensis

394 3034 520 3134 Publici
538 3037 707 3119 Imperiali
719 3038 916 3102 auctoritate
928 3035 960 3099 N
963 3038 1072 3118 otarii‚
1084 3034 1279 3101 Oancellarii
1290 3035 1481 3101 Reverendi
1498 3039 1534 3101 in

395 3143 526 3210 Christo
538 3144 649 3210 Patris
660 3151 693 3210 et
703 3145 825 3210 domini
833 3144 1002 3213 Valentini
1011 3145 1166 3228 Episcopi
1175 3141 1536 3228 Quinque-Ecclesias-

394 3254 437 3317 sis
462 3254 497 3316 in
521 3252 694 3318 millesimo
719 3253 946 3318 trecentesimo
973 3253 1191 3336 octuagesimo
1216 3253 1325 3332 tertio,
1344 3250 1534 3318 indictione

394 3369 495 3442 sexta,
506 3361 558 3426 die
570 3361 814 3442 quartodecimo
826 3359 1035 3444 Septembris,
1046 3361 1140 3426 Bude
1150 3367 1296 3445 tempore
1310 3358 1537 3427 Serenissime

394 3466 719 3534 etExoellentissime
730 3468 895 3553 Principis
910 3490 950 3534 ac
966 3467 1105 3534 Domine
1120 3467 1291 3534 Naturalis
1306 3468 1439 3533 domine
1458 3469 1534 3536 Ma·

393 3575 441 3639 rie
457 3575 521 3640 Dei
538 3577 645 3657 gratia
662 3574 887 3642 illustrissime
898 3576 1025 3659 Regina
1037 3574 1218 3658 Hungarie,
1228 3575 1374 3658 Polemo,
1387 3575 1536 3644 Dalma-

393 3683 443 3747 cie
460 3691 529 3763 etc,
546 3691 578 3747 et
593 3685 844 3749 reconmcndato
861 3684 1037 3749 secundum
1061 3705 1155 3750 usum
1170 3683 1214 3748 ad
1231 3683 1360 3748 oficium
1378 3683 1536 3751 domino·

394 3811 467 3855 rum
490 3787 645 3855 Judicum
672 3797 921 3874 procuratorum
947 3790 999 3855 die
1025 3791 1141 3855 ultimo
1168 3788 1359 3856 Decembris
1374 3795 1535 3874 proxime

393 3897 541 3980 preteriti
558 3918 616 3980 per
632 3897 767 3963 Petrum
785 3896 859 3963 dela
876 3897 978 3963 Costa
996 3895 1173 3962 Notarium
1190 3895 1288 3962 Ourie
1306 3895 1474 3980 Maioris;
1501 3909 1535 3965 et

393 4005 434 4069 de
445 4004 626 4071 hereditate
637 4013 766 4071 constat
776 4005 872 4072 litera
882 4005 1094 4072 Serenissime
1105 4004 1421 4071 etlilxcallentissime
1429 4006 1536 4075 Prin·

394 4113 474 4194 cipis
490 4118 523 4177 ct
539 4111 678 4177 Domine
695 4112 823 4178 domine
839 4112 990 4179 Elisabet
1006 4111 1070 4177 Dei
1081 4113 1194 4194 gracia
1205 4113 1331 4196 Regine
1341 4114 1537 4197 Hungarie‚

394 4218 537 4300 Polonie,
547 4220 717 4286 Dalmacie
729 4228 788 4286 etc.
798 4220 848 4286 sui
858 4223 972 4286 secreti
982 4220 1080 4302 sigilli
1090 4221 1124 4285 in
1139 4242 1215 4288 cera
1231 4221 1273 4286 ab
1289 4222 1535 4308 intraimpres·

394 4327 483 4390 sione
494 4327 627 4409 munita,
638 4334 671 4392 et
680 4326 943 4392 recommendata
953 4325 1051 4393 Durio
1063 4326 1235 4393 Petitionis
1245 4350 1304 4412 per
1314 4327 1432 4396 ducale
1439 4353 1535 4399 man·

395 4429 507 4496 datum
524 4433 576 4497 die
593 4456 677 4498 nono
693 4435 815 4500 mensis
830 4435 983 4500 instantis
993 4457 1051 4518 per
1069 4435 1269 4500 Bonifatium
1280 4438 1321 4502 de
1331 4438 1445 4522 Carpo
1465 4441 1533 4506 No·

397 4538 515 4604 tarium
534 4539 633 4604 Curio
658 4540 805 4606 Maioris.
832 4542 1005 4625 Exponens
1031 4549 1149 4608 contra
1166 4550 1200 4607 et
1216 4544 1375 4612 adversus
1400 4548 1531 4614 nobiles
