3214 5250
412 402 478 464 674
766 419 996 464 ntenouaozmr
1015 403 1179 464 chiltuna.

411 584 469 643 tuo
487 583 651 663 reputare.
668 577 797 644 Utendo
814 578 864 643 his
881 586 914 643 ot
929 579 1002 642 aliis
1030 578 1148 660 verbis,
1165 601 1228 662 que
1255 577 1316 643 tibi
1342 577 1519 642 videbuntur

411 689 499 754 circa
525 688 622 752 istam
648 693 794 752 nostram
820 686 1046 752 intencionem.
1072 687 1119 752 Et
1143 686 1298 770 expositis
1324 685 1480 769 predictis,
1493 705 1521 749 ac

410 795 526 862 habita
541 796 751 880 responsione
767 796 913 878 ipsorum
938 795 1142 860 dominorum
1159 793 1261 878 Regis
1278 803 1312 860 et
1329 796 1460 880 Regina,
1482 815 1521 858 ac·

411 910 506 989 cepto
538 904 663 970 honore
689 912 722 969 et
746 902 863 968 devoto
888 909 1080 984 commeatu,
1107 901 1266 969 Venetiae
1291 903 1470 985 revertaris,
1492 902 1521 964 le

410 1011 559 1080 omnibus
577 1011 674 1076 lactis
691 1010 809 1077 deinde
834 1010 980 1095 plenarie
1006 1010 1209 1076 informatus.
1235 1009 1395 1078 Visitabis
1412 1031 1520 1093 ‹puoque

410 1121 484 1186 illos
501 1119 651 1186 Prelatos
668 1126 701 1185 et
716 1119 872 1200 Berones,
889 1117 1006 1201 quibus
1018 1125 1145 1185 nostras
1171 1119 1299 1185 litteras
1324 1121 1485 1198 mittimus,
1501 1119 1519 1182 si

410 1247 465 1294 eos
480 1229 632 1308 invenies,
649 1249 721 1293 cunr
738 1227 805 1294 illis
821 1227 938 1308 verbis,
954 1249 1016 1311 que
1027 1227 1087 1292 tibi
1099 1227 1311 1308 videbuntur3
1328 1233 1362 1294 et
1378 1226 1516 1312 quicquid

409 1337 451 1402 ab
470 1339 515 1402 eis
531 1337 694 1418 habueris,
710 1336 804 1400 nobis
821 1335 852 1400 in
870 1341 927 1400 tuo
943 1334 1053 1400 reditu
1069 1336 1315 1418 particulariter
1341 1333 1518 1402 declarabis.

409 1443 549 1528 Insuper
567 1443 645 1527 quia
661 1445 733 1508 istis
750 1442 864 1509 diebus
883 1443 1049 1526 preteritis
1075 1444 1254 1527 recepimus
1270 1463 1368 1509 unam
1394 1443 1520 1507 litteram

410 1550 490 1616 dicti
508 1550 629 1617 domini
640 1551 742 1634 Regis
758 1571 817 1633 pro
831 1548 929 1616 fectis
945 1549 1114 1615 Francisci
1131 1549 1171 1614 de
1182 1549 1363 1636 Bernardo,
1380 1552 1465 1617 cuius
1480 1571 1520 1614 co·

408 1659 495 1742 piam
512 1659 574 1723 tibi
591 1658 662 1724 dari
679 1657 813 1722 lecimus
829 1677 888 1739 pro
905 1663 961 1720 tua
987 1654 1225 1738 informatione,
1243 1657 1388 1723 volumus
1405 1664 1436 1722 et
1451 1675 1522 1721 com·
1584 1739 1585 1742 Ἴ

408 1769 568 1834 mittimus
587 1766 656 1846 tibi,
682 1766 770 1850 quod
795 1771 890 1830 caute
908 1769 941 1830 et
967 1766 1082 1830 dextro
1109 1767 1204 1832 modo
1230 1787 1383 1851 procures
1408 1766 1519 1842 sentire,

409 1877 436 1940 si
453 1873 816 1959 ipsalitteraprooessit
831 1894 852 1937 a
863 1869 963 1937 Curia
982 1871 1096 1955 Regia,
1108 1879 1140 1938 et
1157 1874 1198 1939 de
1215 1896 1373 1939 consensu
1384 1873 1520 1938 etsolun·

408 1989 477 2047 tate
494 2003 561 2062 sua,
582 1983 661 2066 quie
678 1987 727 2046 est
753 1980 875 2045 tenoris
894 1998 960 2044 non
986 1977 1067 2044 bene
1092 1981 1301 2046 rationabilis
1317 2002 1377 2046 nec
1401 1979 1521 2046 honesti.

407 2092 452 2155 nt
470 2091 503 2155 in
520 2111 598 2156 casu
614 2110 678 2174 quo
695 2088 825 2170 habeas,
837 2086 924 2170 quod
935 2087 1007 2169 ipsa
1017 2086 1129 2151 littera
1139 2088 1336 2170 processerit
1352 2109 1373 2152 a
1388 2084 1482 2151 Curia
1496 2091 1521 2148 et

409 2197 448 2264 de
464 2206 571 2264 mente
587 2199 703 2282 Regia,
720 2205 798 2262 tunc
814 2218 886 2262 cum
902 2195 967 2263 illis
984 2195 1090 2260 verbis
1107 2201 1141 2260 et
1156 2196 1351 2278 rationibus,
1367 2218 1429 2280 que
1452 2193 1523 2277 sapi·

409 2309 494 2371 entie
511 2312 567 2371 tue
583 2305 789 2384 videbuntur,
801 2305 920 2369 debeas
937 2303 1046 2369 facere
1058 2304 1298 2369 excusationem
1311 2303 1437 2370 domino
1451 2302 1522 2383 Regi

408 2411 447 2478 (le
463 2413 552 2477 facto
568 2412 724 2496 predicto,
740 2411 816 2494 quia
833 2431 891 2474 nos
910 2413 1057 2475 volumus
1073 2411 1200 2476 habere*
1211 2410 1329 2476 bonurn
1348 2410 1522 2475 consilinum

408 2528 441 2585 et
457 2517 725 2585 deliberationem
742 2517 923 2602 superinde,
940 2525 972 2583 et
988 2517 1153 2602 habemus,
1171 2518 1257 2601 quod
1275 2539 1340 2583 non
1356 2519 1522 2584 habentius

407 2628 441 2692 in
458 2631 602 2712 pecunia,
619 2649 716 2710 quam
741 2629 834 2710 petit.
852 2625 890 2690 Si
908 2633 1016 2691 autem
1042 2625 1187 2708 haberes,
1213 2625 1301 2709 ¹quod
1327 2628 1519 2710 processisset

407 2759 467 2820 per
483 2738 583 2801 alium
600 2735 740 2814 moduni,
756 2733 856 2799 nichil
871 2734 959 2798 dicas
976 2734 1016 2798 de
1033 2733 1131 2813 sacto,
1143 2733 1198 2798 sed
1211 2741 1282 2798 cum
1300 2754 1348 2816 eo,
1364 2733 1446 2817 quod
1462 2753 1521 2796 sen·

332 2825 335 2831 ¹
408 2846 495 2928 siris,
512 2846 618 2929 posito
635 2845 697 2909 fine
713 2844 808 2907 factis
824 2843 885 2908 tibi
901 2844 1088 2924 commissis,
1105 2841 1263 2910 Veneties
1281 2844 1459 2908 revertaris.

408 2991 440 3051 (Α
459 2992 589 3040 »Secreta
600 2990 715 3039 t'onsilii
730 2989 919 3053 Rogatorum«
936 2990 1072 3039 velenczei
1085 2989 1307 3039 altamaktakuot
1322 2991 1355 3040 R.
1370 2991 1425 3039 hot.
1437 2995 1477 3038 49.
1489 2999 1520 3035 ει.

717 3095 751 3140 a,
765 3095 782 3128 a
796 3080 935 3129 velenczei
950 3095 1023 3143 napy
1038 3081 1231 3140 leveltrtrban.)

1012 3235 1052 3244 -α

935 3401 1010 3468 406.

408 3563 636 3636 Adnlrnnlini
656 3560 791 3632 erirnsol·
817 3561 933 3632 Malaia
962 3589 1101 3662 propper
1127 3559 1279 3652 bircilynd
1306 3565 1338 3629 ds
1364 3555 1523 3652 Zsipnroud

720 3676 903 3760 kirdlynnlc
920 3675 1100 3760 lettae'pe'ben.
1122 3677 1215 3738 1389.

513 3835 687 3903 Ladislatts
705 3831 746 3900 de
762 3831 913 3900 Losonch
931 3829 1039 3918 Regni
1057 3831 1230 3900 Solanonie
1256 3831 1380 3916 Banna,
1406 3833 1523 3898 Dalma-

406 3947 518 4028 cioque
535 3953 567 4010 et
585 3945 725 4011 Croecie
742 3941 963 4029 Gubernator,
982 3965 1020 4007 ac
1036 3941 1132 4026 Regii
1151 3943 1311 4007 exercitus
1337 3939 1522 4024 Capilaneus

407 4052 582 4121 (leneralis
600 4055 713 4118 etnicis
731 4055 797 4117 suis
815 4052 941 4118 dilectis
958 4051 1103 4130 Rectori,
1128 4049 1315 4132 «iudicibus,
1343 4049 1481 4115 Consilio
1496 4055 1520 4108 et

408 4163 577 4228 Communi
595 4160 750 4226 Ciuitatis
783 4161 910 4245 Spalati
936 4159 1076 4225 salutem
1102 4165 1135 4223 et
1158 4159 1348 4224 dileccionis
1373 4157 1519 4223 affectum.

405 4271 579 4355 Querelam
596 4291 615 4334 a
634 4269 780 4335 fidelibus
799 4270 917 4333 nostris
940 4266 1213 4351 Traguriensibus
1229 4267 1423 4349 accepimus,
1445 4261 1519 4347 quod
1582 4289 1583 4312 2

341 4439 343 4444 .
406 4399 460 4444 vos
478 4378 622 4443 indebite
640 4385 756 4444 contra
774 4398 827 4443 eos
845 4393 907 4442 non
925 4378 1062 4442 cessatis
1080 4376 1196 4439 iniuste
1216 4374 1319 4440 insere
1345 4378 1391 4440 eis
1417 4375 1518 4439 damna
1580 4405 1583 4438 l

405 4507 469 4552 non
486 4487 624 4565 modica,
641 4487 816 4551 auferendo
833 4489 879 4550 eis
896 4487 981 4550 bo'ua
999 4507 1065 4549 sna.
1094 4483 1189 4567 erod
1208 4484 1235 4547 si
1252 4484 1298 4547 sic
1318 4489 1376 4565 est,
1401 4481 1519 4548 moleste
1580 4473 1582 4484 ²

404 4598 555 4684 ferimus,
582 4619 655 4661 nom
674 4605 705 4661 et
722 4619 776 4662 vos
794 4595 940 4661 subditos
966 4593 1070 4680 Regio
1097 4593 1281 4658 Maiestatis
1307 4600 1340 4658 et
1369 4593 1519 4672 firleles,et
1581 4657 1582 4668 ἶ
