3248 5242
632 459 725 522 1393.
841 493 846 498 ·
1177 459 1239 522 731

108 652 208 714 super
224 631 300 697 inde
316 633 378 717 pro'
392 636 479 698 omni
495 635 582 703 bona
607 656 706 702 causa
732 641 764 700 et
791 638 940 718 respectu
965 635 1107 700 omnimo
1133 635 1239 718 provi·
1332 613 1335 628 Ι

108 737 252 804 dandum
267 739 327 807 sit:
344 741 434 808 vadit
450 764 538 827 pars,
554 743 641 828 quod
657 741 838 827 Collegium
855 741 996 822 Domini,
1015 740 1244 809 Consiliorum

109 845 267 930 Capitum
282 859 314 914 et
330 847 524 936 Sapientum
539 850 678 917 Consilii
694 857 727 916 et
743 849 903 919 Ordinum
919 848 1039 917 habeat
1054 849 1241 916 libertatem

109 953 263 1020 mittendi
293 979 392 1023 unam
418 958 591 1025 solemnem
607 981 791 1045 personam,
817 965 849 1023 et
874 964 942 1023 tam
973 958 1115 1024 nobilem
1146 980 1245 1042 quam

109 1061 220 1146 aliam,
247 1062 290 1129 ad
323 1065 504 1148 predictam
521 1067 802 1134 Communitatem
827 1067 982 1151 Tragurii
1007 1087 1067 1150 pro
1092 1067 1241 1153 ponendo

110 1192 236 1256 pacem,
253 1173 550 1240 reconciliationem
562 1181 594 1241 et
604 1175 726 1242 bonum
741 1194 886 1240 amorem
895 1176 981 1241 inter
991 1175 1155 1259 predictas
1172 1196 1247 1259 par·

109 1285 171 1350 tes.
189 1301 262 1346 oum
286 1280 347 1346 illa
370 1284 607 1363 commissione,
633 1305 695 1368 que
720 1282 885 1350 videbitur
909 1281 997 1350 dicto
1014 1280 1165 1367 Collegio
1191 1283 1246 1349 vel

110 1387 230 1452 maiori
245 1388 342 1470 parti,
358 1394 391 1454 et
407 1388 507 1456 vadat
522 1391 611 1460 dicta
622 1412 764 1478 persona
780 1391 849 1460 siue
865 1391 1014 1478 expensis
1031 1391 1134 1460 nostri
1150 1389 1247 1460 Com·

110 1515 230 1561 munis.

188 1639 224 1702 (Δ
240 1639 348 1693 »Muti«
364 1641 455 1694 czimtl
469 1643 608 1698 velenczsi
621 1643 800 1711 allamlsdnyv
813 1645 900 1696 XLII.
913 1643 1057 1694 kbtetdbdl
1074 1649 1132 1698 112.
1146 1644 1175 1710 l.)

645 1950 721 2014 453.

118 2110 285 2176 Velcnczec'
302 2115 431 2178 crederit
448 2111 700 2199 G1·irrtepor9y
727 2113 844 2180 Ldazlo'
863 2115 987 2179 sicilici
1002 2116 1116 2202 lcirdly
1133 2117 1165 2180 θ’(
1181 2140 1250 2183 ma·

308 2243 393 2305 gyar
411 2219 672 2306 ellcnkirdlyaak
688 2221 942 2306 azolpdlctdbaa.
961 2225 1057 2290 1393.

226 2378 400 2445 Ladizlaus
416 2379 480 2444 Dei
496 2379 605 2462 gratia
621 2379 693 2445 Rex
710 2386 769 2445 etc.
789 2379 891 2446 nobili
907 2383 976 2447 viro
990 2361 1135 2466 Georgio
1153 2380 1250 2468 Grip-

115 2484 145 2549 ti
162 2483 203 2550 de
220 2485 367 2570 Venetijs
392 2485 525 2552 Secreto
552 2493 585 2551 et
609 2486 824 2571 Procuratorj
853 2486 997 2556 Secretie
1021 2511 1061 2556 ac
1086 2489 1250 2576 Magistro

8 2621 14 2628 ·
118 2591 207 2660 Salis
223 2591 358 2680 Aprutij
374 2616 434 2679 per
444 2616 502 2661 nos
512 2597 642 2662 nouiter
652 2595 813 2678 ordinato,
824 2597 980 2662 familiari
991 2604 1024 2664 et
1034 2597 1120 2665 fideli
1133 2599 1251 2666 deuoto

117 2709 234 2769 nostro
252 2703 383 2785 dilecto,
400 2704 543 2787 gratiam
560 2709 593 2767 et
609 2703 726 2768 bonam
752 2703 961 2772 voluntatem.
985 2705 1079 2773 Licet
1105 2714 1139 2772 te
1166 2706 1252 2774 ordi·

118 2811 306 2877 nauerimus
323 2813 452 2878 nouiter
469 2811 638 2878 Secretum
654 2819 687 2876 et
704 2811 956 2879 Procuratorem
981 2815 1084 2897 ipsius
1101 2813 1251 2881 Secretie

118 2925 156 2985 et
170 2919 373 3003 Magistrum
388 2919 476 2986 Salis
493 2919 572 2984 dicti
588 2919 760 3002 utriusque
775 2917 929 3005 Aprutij;
954 2942 1012 2986 nos
1029 2922 1116 2985 enim
1134 2920 1252 2988 aduer-

119 3034 238 3107 tentes,
256 3027 343 3110 quod
359 3033 396 3092 tu
412 3029 535 3094 nostris
551 3027 627 3111 alijs
645 3027 698 3092 hic
713 3028 883 3112 occuparis
894 3028 1030 3110 agendis
1048 3049 1111 3094 non
1127 3031 1251 3112 poteris
1348 3067 1350 3070 ·

121 3134 290 3201 commode
305 3135 539 3220 premissorum
557 3135 716 3201 exercicio
732 3133 945 3220 personaliter
960 3135 1129 3219 interesse,
1145 3145 1179 3204 et
1198 3161 1253 3204 no·

120 3243 226 3309 lentes
242 3251 415 3328 propterea
425 3244 503 3328 jura
530 3251 642 3310 nostre
668 3241 768 3309 Ourie
794 3243 939 3326 aliquam
964 3243 1130 3311 incurrere
1154 3244 1252 3310 lesio-

121 3373 214 3434 nem;
237 3352 297 3418 tibi
315 3353 403 3435 quod
419 3351 524 3436 possis
541 3359 573 3416 et
588 3353 697 3418 valeas
709 3352 779 3436 jam
795 3352 885 3417 dicta
903 3349 1046 3417 Secretie
1068 3358 1101 3417 et
1124 3353 1254 3436 Magis·

121 3466 229 3526 tratus
247 3457 334 3525 Salis
359 3459 476 3540 officia,
493 3481 556 3543 qne
573 3458 632 3525 tibi
650 3481 708 3542 per
724 3460 806 3524 alias
823 3463 951 3526 nostras
967 3459 1079 3524 literas
1105 3461 1253 3526 commis-

122 3569 224 3634 simus
250 3590 399 3635 exercere
416 3574 450 3634 et
464 3569 701 3633 amministrare
718 3589 776 3651 per
792 3574 884 3634 tuum
909 3569 1067 3654 ydoneum
1095 3568 1253 3636 substitu·

122 3681 202 3756 tum,
219 3677 275 3760 qui
289 3676 361 3743 loco
374 3677 421 3760 tnj
440 3681 613 3759 prenotata
630 3673 748 3740 Officia
773 3681 806 3739 et
831 3675 899 3741 alia
925 3676 968 3741 ad
992 3677 1051 3742 illa
1067 3677 1253 3760 spectantia

124 3791 223 3868 gerat
237 3791 418 3868 exequatur
434 3791 466 3850 et
482 3791 640 3866 exerceat,
656 3784 787 3866 plenam
804 3784 844 3848 de
861 3789 951 3849 certa
966 3791 1081 3850 nostra
1107 3785 1254 3868 scientia,

92 3887 95 3892 ’
124 3913 165 3956 ac
182 3913 254 3958 cum
270 3913 428 3958 consensu
445 3897 478 3956 et
494 3892 671 3956 autoritate
690 3888 895 3955 Sanctissimi
920 3891 954 3954 in
980 3887 1113 3956 Christo
1143 3891 1255 3958 Patris

124 3999 249 4066 domini
278 3997 400 4084 Angeh
416 4000 504 4065 tituli
521 3997 634 4066 Sancti
650 3997 820 4082 Laurentij
837 3998 871 4062 in
885 3997 1047 4063 Damasco
1064 4005 1123 4063 etc.
1142 4004 1254 4065 tenore

125 4109 324 4194 presentium
341 4109 544 4175 concedimus
560 4114 765 4192 potestatem.
782 4103 838 4174 Sic
854 4106 999 4190 quidem)
1009 4107 1096 4191 quod
1114 4106 1152 4172 de
1169 4107 1256 4173 dicto

126 4239 186 4302 per
202 4222 236 4282 te
252 4218 363 4282 taliter
380 4217 538 4283 subtituto
564 4217 678 4281 merito
704 4215 928 4282 confidendum
946 4215 1074 4301 existat,
1099 4221 1199 4299 tuque
1216 4216 1257 4282 de

126 4328 230 4411 ipsius
247 4326 425 4394 defectibus
443 4332 475 4391 et
492 4325 674 4392 excessibus
686 4324 902 4390 nostreCurie
913 4324 1137 4408 principaliter
1148 4330 1257 4390 tenea-

128 4435 191 4517 ris3
208 4435 267 4500 bas
284 4443 412 4501 nostras
427 4437 542 4501 literas
558 4455 676 4518 magno
694 4441 806 4500 nostro
824 4432 978 4516 pendenti
995 4433 1101 4515 sigillo
1118 4433 1257 4498 munitas

7 4614 13 4622 ,
127 4545 190 4610 tibi
214 4547 247 4610 in
273 4548 502 4630 premissorum
527 4545 748 4611 testimonium
773 4545 995 4609 concodentes.
1022 4543 1114 4609 Data
1138 4541 1255 4608 Gaiete

131 4655 165 4718 in
190 4655 340 4720 absentia
367 4655 548 4737 liogotbcto
574 4660 633 4718 etc.
649 4674 707 4736 per
726 4653 831 4717 virum
857 4652 997 4717 nobilem
1023 4651 1191 4717 Donatum
1217 4650 1257 4718 de
