3214 5250
621 377 716 472 iisd.
1166 394 1229 484 aia

100 550 348 645 honorabilibus
364 585 397 644 et
413 581 653 662 pertinentibus
670 586 783 668 verbis,
801 609 861 671 que
878 610 936 672 pro
962 591 1083 659 honore
1109 597 1228 662 Maies-

100 689 204 750 tatum
222 683 362 751 Suarum
379 692 414 751 et
430 689 534 753 nostri
549 689 696 756 Dominii
713 693 831 760 videris
859 700 1038 782 convenire,
1064 701 1228 770 offerendo

98 814 157 858 nos
173 798 207 858 et
221 799 367 858 nostrum
384 789 561 860 Commune
577 795 619 860 ad
636 806 752 864 cuncta
762 807 989 870 concernentia
1008 809 1225 876 conservatio·

97 923 172 966 nem
189 907 295 966 status
312 899 442 967 Corone
459 908 492 967 et
507 903 616 988 Regni
641 907 701 990 sui,
727 929 825 990 quam
841 919 878 976 ut
903 914 1069 997 propriam
1094 925 1225 1002 exopta-

96 1028 177 1075 mus.
192 1009 321 1076 Deinde
338 1031 478 1093 expones
494 1011 726 1079 Maiestatibus
752 1015 835 1098 Suis,
862 1018 950 1101 quod
974 1031 1223 1105 perseverantes

94 1119 129 1182 in
146 1118 273 1183 sincero
290 1119 458 1202 proposito
482 1124 605 1202 nostro,
630 1122 835 1204 vigilavimus
861 1131 894 1190 et
919 1129 1073 1196 continuo
1112 1133 1226 1214 vigila-

94 1247 168 1290 mus
200 1223 241 1290 ad
267 1223 461 1290 obstandum
486 1225 566 1290 totis
599 1225 720 1292 viribus
752 1229 952 1311 quibuslibet
982 1239 1159 1321 propositis
1193 1246 1225 1305 et

93 1331 392 1416 imaginationibus,
410 1352 493 1413 quas
519 1334 618 1399 emuli
631 1332 759 1400 Corone
785 1343 819 1401 et
833 1337 943 1423 Regni
960 1343 1009 1408 sui
1025 1343 1173 1412 fecerunt
1190 1356 1223 1414 et

90 1440 219 1507 faciunt
244 1443 277 1505 in
303 1441 456 1505 damnum
478 1447 512 1504 et
536 1442 768 1508 detrimentum
793 1446 924 1513 honoris
956 1457 989 1516 et
1020 1458 1126 1520 status
1160 1456 1219 1522 sui.

91 1549 191 1617 Unde
215 1548 327 1615 multis
358 1547 522 1613 mensibus
557 1550 621 1614 iam
657 1552 776 1635 elapsis
809 1557 995 1642 sentientes,
1024 1561 1112 1642 qnod
1137 1563 1219 1631 Jad-

88 1660 191 1726 ratini
231 1664 441 1724 armaverant
471 1678 569 1721 unam
598 1657 736 1744 galcam,
761 1682 859 1744 quam
899 1665 1030 1732 mittere
1070 1669 1220 1739 intende-

87 1766 171 1834 bant
187 1765 331 1832 Gaetam
348 1765 390 1829 ad
407 1765 571 1829 dominam
588 1764 808 1848 Margaritam
824 1792 884 1854 pro
905 1773 1116 1842 conducendo
1142 1800 1216 1846 eam
1309 1827 1314 1837 1
1376 1811 1379 1826 ·

87 1878 139 1942 vel
155 1875 261 1940 filium
287 1871 329 1939 ad
354 1879 470 1956 partes
495 1869 673 1957 Dalmatie,
698 1875 919 1944 mandavimus
946 1878 1128 1966 Capitoneo
1145 1908 1217 1953 nos·

86 1991 142 2050 tro
162 1980 292 2066 Oulphi,
326 1981 412 2066 quod
445 2001 519 2046 cum
545 1980 692 2046 omnibus
718 1984 821 2066 galeis
846 1985 909 2050 sibi
941 1991 1128 2074 commissis,
1154 2015 1216 2077 que

6 2167 7 2170 Ἴ
84 2091 221 2157 fuerunt
237 2111 293 2155 sex
310 2109 454 2169 numero,
472 2094 576 2154 staret
592 2095 737 2155 attentus
749 2098 782 2156 et
797 2101 933 2175 paratus
949 2096 993 2161 ad
1010 2101 1217 2169 sentiendum

84 2199 126 2265 de
142 2183 204 2267 viis
220 2205 255 2265 et
270 2197 497 2283 progressibus
514 2198 607 2280 galee
623 2199 778 2282 predicte,
796 2209 829 2267 et
846 2204 932 2286 quod
942 2211 1069 2272 teneret
1084 2212 1215 2276 modum

83 2309 227 2391 omnino,
246 2306 331 2390 quod
347 2307 381 2370 in
397 2305 504 2370 reditu
519 2325 577 2369 suo
598 2304 756 2372 haberent
771 2308 919 2392 linguam
945 2313 984 2377 de
1010 2317 1082 2398 ipsa
1105 2319 1212 2402 galea,

82 2423 114 2481 et
130 2419 167 2482 in
183 2436 260 2481 casu
277 2436 340 2496 quo
356 2413 536 2478 invenirent
550 2413 584 2477 in
602 2434 640 2477 ea
654 2413 835 2496 predictam
860 2420 1025 2486 dominam
1048 2422 1213 2507 Margari-

14 2567 23 2576 =-
81 2532 153 2589 tam
169 2522 219 2589 vel
234 2522 346 2604 filium,
362 2525 510 2586 tenerent
525 2520 654 2586 modum
667 2522 705 2586 de
721 2521 872 2589 habendo
897 2528 985 2610 ipsos
1000 2529 1034 2592 in
1060 2533 1210 2598 manibus

80 2623 169 2713 suis3
184 2652 243 2715 per
260 2649 356 2712 quem
371 2626 519 2716 ordinem
535 2629 606 2710 ipse
624 2627 826 2712 Capitoneus
843 2641 954 2699 noster
979 2636 1070 2702 misit
1098 2639 1210 2721 galeas

79 2761 158 2805 suas
176 2739 219 2803 ad
235 2745 344 2821 partes
362 2735 473 2802 Sicilie
490 2741 523 2800 et
539 2735 582 2800 ad
599 2737 682 2801 alias
699 2745 811 2820 partes
828 2763 900 2807 cum
926 2744 985 2808 tali
1011 2751 1044 2809 et
1069 2747 1116 2811 sic
1141 2748 1205 2812 sul*

77 2847 205 2913 ficienti
222 2846 345 2926 ordine,
363 2843 450 2926 quod
468 2864 595 2926 semper
610 2844 805 2911 informatus
822 2851 932 2914 extitit
957 2851 996 2916 de
1013 2854 1155 2919 motibus
1172 2862 1204 2920 et

75 2957 140 3023 viis
159 2956 235 3038 suis,
252 2960 285 3019 et
301 2955 334 3017 in
350 2951 467 3034 reditu,
484 2971 579 3034 quem
595 2950 746 3034 faciebat,
771 2959 978 3038 pervenitad
1000 2981 1113 3026 manus
1129 2984 1204 3044 par*

73 3068 117 3131 tis
135 3063 307 3148 galearum
324 3081 464 3141 suarum,
481 3061 538 3125 sed
553 3059 666 3126 habito
679 3063 766 3148 clare
783 3071 815 3130 et
827 3061 1009 3152 manifecte,
1027 3068 1115 3152 quod
1130 3092 1206 3136 neu·

73 3181 127 3238 ter
144 3171 369 3256 predictorum
383 3176 460 3233 eant
476 3169 510 3232 in
526 3169 599 3251 ipsa
623 3172 727 3254 galea,
751 3171 842 3238 nulla
866 3176 993 3240 novitas
1019 3175 1070 3240 vel
1095 3185 1203 3244 motus

71 3305 134 3367 per
150 3285 278 3346 nostras
295 3278 407 3362 galeas
423 3276 530 3341 factus
550 3275 622 3342 luit.
648 3278 767 3344 Postea
792 3283 951 3363 narrabis,
978 3284 1119 3366 qualiter
1144 3308 1204 3369 per

68 3393 202 3456 litteras
219 3387 341 3455 domini
352 3383 488 3450 Oomitis
504 3383 817 3473 MontisOaucensis
843 3391 1090 3474 singularissimi
1106 3397 1203 3461 amici

68 3499 180 3566 nostri
195 3497 362 3564 informati
377 3495 504 3574 luimus,
522 3495 672 3578 qualiter,
689 3497 770 3561 sicut
787 3497 930 3564 Domino
955 3501 1090 3586 placuit,
1106 3504 1202 3586 galea

66 3609 221 3693 predicta
235 3609 270 3673 in
286 3604 447 3690 principio
464 3605 585 3670 mensis
594 3603 619 3668 J
621 3605 749 3670 aunarii
765 3607 799 3669 in
809 3609 902 3691 aquis
920 3609 1060 3676 Tarenti
1071 3611 1201 3678 naufra·

65 3719 160 3802 gium
177 3737 276 3799 passa
291 3714 361 3797 fuit,
378 3720 410 3780 et
427 3713 569 3795 qualiter
585 3714 616 3776 in
635 3735 673 3778 ea
699 3721 771 3780 erat
794 3717 950 3782 'dominus
976 3718 1098 3785 Paulus
1124 3721 1200 3786 olim

64 3828 255 3910 Episcopus
271 3821 531 3908 Zagrabriensis,
548 3821 697 3886 dominus
714 3821 883 3891 Johannes
900 3827 940 3891 de
958 3824 1150 3911 Grisogonis
1168 3836 1200 3893 et

65 3935 203 4004 Cresius
219 3933 288 3998 eius
304 3931 416 4011 irater,
433 3931 489 4012 qui
516 3930 635 4013 captivi
661 3937 737 3996 sunt
762 3933 865 4014 ipsius
894 3935 1015 4000 domini
1041 3937 1197 4018 Comitis3

64 4063 169 4132 penes
180 4063 275 4126 quem
286 4046 417 4124 reperta
426 4043 476 4102 est
485 4060 549 4103 una
559 4037 671 4102 littera
681 4039 780 4122 ipsius
792 4040 919 4107 domine
930 4045 1122 4130 Margarite,
1133 4067 1196 4129 que

62 4152 209 4222 multum
225 4155 337 4215 nostro
352 4147 467 4213 iuditio
484 4147 592 4228 tangit
608 4153 730 4212 statum
747 4169 848 4214 suum.
868 4149 914 4216 Et
941 4159 1115 4236 propterea
1142 4175 1196 4220 vo⁴

63 4263 176 4328 lomus
193 4262 361 4326 remittere
378 4257 420 4323 ad
437 4257 630 4341 presentiam
646 4256 861 4324 Maiestatum
886 4257 1030 4326 Suarum
1056 4280 1128 4327 eum
1144 4286 1196 4329 co·

61 4375 121 4458 pia
136 4369 325 4436 litterarum
341 4368 444 4451 ipsius
460 4365 582 4430 domini
601 4364 737 4431 Comitis
755 4372 788 4431 et
805 4367 933 4433 domine
950 4369 1141 4456 Margarite,
1158 4377 1194 4439 ut

61 4483 133 4547 sint
151 4477 191 4543 de
209 4477 356 4543 omnibus
373 4475 558 4556 informati;
578 4474 655 4554 quia
680 4473 837 4541 honorem
862 4484 895 4542 et
912 4483 1037 4544 statum
1053 4500 1145 4544 suurn
1162 4485 1194 4546 et

59 4611 121 4656 sue
139 4583 270 4652 Corone
287 4584 381 4654 velut
393 4583 559 4668 proprium
576 4584 805 4666 reputavimus,
823 4591 856 4650 et
865 4585 1063 4652 intendimus
1079 4609 1192 4672 perpe·

109 4726 173 4762 ιιοιιι
192 4725 271 4760 vauro.
288 4723 356 4762 urar.
372 4735 415 4744 —
432 4723 500 4760 acra
516 4723 576 4760 aar.
592 4723 630 4756 ιιι.
1040 4697 1083 4760 4³
