3190 5252
417 299 482 378 loa
771 319 1003 380 niunouuczrrr
1022 306 1189 380 anabusn.

410 487 662 574 »supradictum
690 493 877 576 Principem
902 493 1067 560 dominum
1093 493 1276 560 Karolum«
1305 516 1376 562 mea
1402 493 1521 579 propria

407 617 506 662 mann
521 598 704 680 cancellari,
721 602 798 682 quia
818 603 1116 686 superscripseram.
1143 601 1225 667 Ideo
1242 623 1293 668 me
1310 602 1477 686 subscripsi
1492 609 1520 666 et

408 705 535 787 siguum
552 727 659 770 meum
677 709 817 790 apposui
833 710 997 774 usitatum.

413 849 553 910 (Eredetie
567 849 742 914 btrrbartyan
756 866 789 901 az
805 853 883 902 »Atti
897 855 1003 918 publici
1017 854 1046 904 oi
1058 855 1176 920 Napoli«
1201 855 1269 905 kbzt
1283 856 1361 906 VIII.
1376 856 1430 906 ket.
1444 859 1480 905 tl.
1493 869 1525 902 sa.

724 957 758 1004 a.,
774 957 791 992 a
804 943 934 994 florenczi
947 959 1021 1010 nagy
1035 945 1228 1010 lertltrtrbau.)

1022 1108 1058 1116 ·—-

944 1233 1016 1294 190.

531 1391 667 1477 Spinolo
684 1391 930 1456 Boldizedrnuk
946 1416 968 1457 a
981 1391 1132 1475 floceaczi
1148 1393 1318 1479 kormduy.
1337 1393 1432 1457 1380.

627 1549 769 1618 Domino
787 1550 988 1618 Baldassaro
1006 1550 1141 1636 Spinolo
1158 1553 1198 1618 de
1214 1553 1238 1618 J
1240 1574 1335 1618 anua

518 1656 647 1723 Nobilis
673 1660 775 1724 amice
802 1659 982 1750 karissime.
1008 1659 1188 1743 Sequentes
1215 1660 1413 1725 voluntatem
1438 1663 1527 1739 atquc

413 1763 684 1831 deliberationem
701 1765 870 1851 Magnifici
887 1767 1020 1832 Domini
1041 1766 1163 1833 domini
1182 1767 1207 1832 J
1210 1767 1347 1834 ohannis
1364 1765 1449 1830 Bani
1462 1764 1526 1830 lila-

412 1871 605 1954 chorieusis,
620 1893 680 1956 pro
697 1872 932 1956 gloriosissima
947 1875 1125 1959 Majestate
1140 1874 1264 1940 domini
1278 1874 1384 1957 Regis
1396 1871 1528 1954 l'ngarie

412 1976 583 2046 Generalis
601 1977 774 2063 Oapitanei
790 1983 936 2065 gentium
948 1982 1168 2065 [lugarorum
1184 1983 1227 2048 ad
1242 2002 1376 2066 presens
1391 1981 1427 2046 in
1443 1978 1529 2044 ltalia

412 2088 635 2170 militantium,
652 2089 853 2155 declaratam
869 2111 927 2174 per
943 2091 1109 2175 publicum
1117 2093 1369 2156 instrumentum
1386 2090 1528 2172 script-um

412 2215 510 2260 manu
526 2216 577 2261 ser
593 2194 690 2262 Pauli
716 2196 864 2263 Poneelli
889 2197 929 2263 (le
955 2198 1092 2264 (terreto
1117 2197 1250 2283 Notarij
1276 2196 1417 2281 Publici,
1432 2203 1529 2261 tenore

413 2305 623 2387 presentium,
639 2306 672 2371 N
674 2304 815 2371 obilitati
832 2303 950 2372 Vestre
967 2307 1188 2389 promittimus
1205 2312 1235 2372 et
1253 2326 1403 2372 cavemus
1420 2303 1530 2371 solvere

412 2409 514 2475 nobili
527 2411 601 2477 siro
618 2411 747 2478 domino
762 2411 919 2477 Leonello
930 2413 971 2480 de
981 2413 1151 2483 Vivaledis
1161 2415 1201 2480 de
1212 2413 1237 2478 J
1238 2435 1332 2496 anua,
1342 2415 1393 2480 vel
1403 2413 1526 2479 cuicum·

413 2538 476 2600 que
491 2519 634 2583 solemne
650 2526 794 2585 vestrum
810 2520 1000 2588 mandatum
1021 2522 1165 2604 habenti,
1180 2523 1350 2607 recipienti
1364 2544 1425 2606 pro
1441 2519 1530 2600 robis,

412 2625 521 2690 decem
532 2627 623 2692 milia
638 2626 833 2694 florenorum
850 2631 932 2710 auri,
942 2632 1141 2697 currentium
1156 2632 1242 2698 iuter
1256 2637 1454 2697 mercatores
1465 2628 1530 2693 Flo·

412 2736 567 2816 reatinos,
585 2736 624 2801 de
641 2759 765 2804 summa
791 2747 824 2805 et
849 2743 1032 2822 quantitate
1058 2741 1175 2824 viginti
1196 2742 1322 2806 milium
1338 2740 1530 2812 florenorum,

411 2844 467 2924 qui
483 2843 570 2926 apud
586 2843 744 2913 Oratores
770 2849 899 2914 nostros
915 2848 955 2914 de
971 2848 1090 2933 prefati
1116 2849 1238 2915 domini
1263 2847 1429 2914 Jobannis
1453 2845 1529 2912 Beni

411 2949 627 3036 ordinatione,
644 2954 812 3021 voluntate
837 2962 937 3039 atque
962 2956 1167 3040 beneplacito
1184 2961 1419 3021 remanserunt.
1436 2952 1530 3037 Quam

412 3056 630 3140 quantitatem
654 3062 778 3128 solvere
804 3065 1025 3148 promittimus
1042 3066 1075 3128 in
1092 3064 1224 3130 civitate
1240 3063 1410 3128 Florentio
1427 3062 1467 3127 tle
1483 3059 1530 3126 flo-

412 3167 497 3230 renis
513 3170 719 3235 currentibus
735 3171 822 3235 inter
847 3179 1044 3238 mercatores
1070 3170 1288 3250 Florentinos,
1305 3169 1381 3235 binc
1398 3170 1440 3234 ari
1457 3167 1529 3235 deci·

412 3297 497 3341 mam
514 3277 599 3342 diem
615 3279 733 3345 mensis
744 3278 939 3346 Novembris
948 3281 1095 3366 proxime
1113 3282 1253 3348 secuturi
1263 3303 1322 3365 per
1331 3286 1436 3346 totam
1447 3279 1530 3352 diem,

412 3381 595 3467 dummodo,
611 3387 694 3453 sicut
710 3409 889 3472 speramus,
905 3391 1066 3473 promissa
1083 3411 1140 3474 per
1155 3388 1437 3472 Magnificentiam
1462 3384 1529 3451 dicti

412 3489 533 3555 domini
550 3493 634 3558 Bani
651 3497 771 3561 nostris
788 3495 983 3563 Oratoribus
1008 3503 1041 3563 et
1057 3495 1198 3564 Sindicis
1217 3496 1405 3580 plenissime
1421 3501 1455 3561 et
1470 3513 1529 3558 rea·
1579 3529 1581 3542 =

412 3598 489 3662 liter
503 3598 723 3667 observentur.
749 3604 789 3668 Iu
815 3605 904 3668 cuius
921 3606 967 3670 rei
984 3605 1203 3670 testimoninm
1225 3605 1284 3670 has
1310 3611 1440 3670 nostras
1455 3603 1531 3668 litu-

413 3724 467 3769 ras
493 3706 589 3771 scribi
613 3707 755 3790 fecimus,
780 3718 813 3775 et
838 3711 1018 3793 sigillorum
1042 3713 1146 3777 nostri
1164 3710 1352 3777 Oommunis
1368 3709 1532 3775 munimine

413 3812 570 3880 roborari.
585 3815 674 3880 Data
684 3817 850 3882 Florentie
867 3816 918 3884 die
934 3818 1092 3887 XVIIII.
1102 3817 1257 3884 Octobris
1267 3818 1354 3883 IIII.
1364 3817 1531 3883 indict-ione

412 3919 696 3988 MCOOLXXX.
1178 3971 1181 3976 -

414 4067 536 4126 (Eredeti
550 4069 762 4135 sogalmazvany
776 4087 792 4120 a
809 4073 943 4136 »Signorb
954 4074 1108 4138 Ourteggie.
1120 4074 1256 4133 Missive,‹
1273 4073 1324 4121 stb.
1335 4071 1412 4121 xlx.
1427 4073 1484 4120 kot.
1496 4071 1524 4118 tl

698 4176 734 4210 sz.
749 4177 782 4222 a.,
796 4177 812 4210 a
825 4164 955 4214 tloreurzi
968 4179 1042 4228 napy
1056 4163 1249 4220 tevertarban.)
