3134 5254
541 376 635 435 raro.
819 366 822 376 '
1086 379 1149 439 aas

2 563 3 574 ¹
51 549 133 612 etiam
148 547 255 615 abillo
273 547 461 615 fidelissimo
478 551 717 617 Dominationis
735 550 864 632 Vestro,
878 552 917 618 de
933 573 997 636 quo
1015 553 1083 618 lueri
1100 573 1154 616 ro·

49 654 90 719 bis
105 657 290 740 scripsimus
316 659 404 741 quod
429 658 471 724 ab
499 680 556 724 ore
582 660 716 743 proprio
745 659 868 727 domini
893 660 1014 726 Karoli
1030 659 1155 737 habuit,

49 763 122 846 quod
144 771 226 832 totus
252 765 367 832 Status
390 767 634 833 Dominationis
660 765 778 834 Vestro
803 767 969 852 pendebat
988 769 1019 832 in
1037 766 1154 833 substi-

2 877 3 958 l
47 872 137 939 nendo
163 875 299 939 viriliter
327 874 514 942 fortiliciam
539 876 737 960 predictam
760 884 794 942 et
808 899 868 961 pro
884 882 979 943 tanto
994 878 1063 960 ipse
1079 874 1156 941 fide-

2 1055 3 1062 ,
47 979 78 1044 lis
91 981 276 1048 hortabatur
292 1004 360 1064 nos,
378 982 465 1066 quod
482 983 602 1049 iterato
618 983 831 1050 scriberemus
847 983 1072 1050 Domiuationi
1088 981 1154 1050 Ve-

46 1094 100 1153 stro
123 1090 160 1155 de
183 1089 415 1156 fortificatione
440 1088 588 1157 fortilitie
614 1091 719 1156 litoris
746 1091 894 1176 predicti,
910 1099 944 1157 et
960 1091 1047 1176 quod
1072 1097 1156 1158 esset

2 1239 3 1266 ;
45 1197 111 1264 beno
126 1200 249 1264 munita
264 1197 468 1284 balistrarijs
494 1207 527 1265 et
546 1200 696 1284 gentibus
712 1200 894 1285 armigeris,
910 1221 972 1286 que
989 1201 1105 1267 melius
1121 1221 1155 1264 se

45 1305 179 1372 luberent
196 1328 295 1390 quam
320 1308 354 1373 in
380 1307 507 1391 Olugia,
532 1307 589 1375 ubi
604 1307 779 1374 utilissime
795 1331 829 1375 se
845 1307 1040 1391 habuerunt,
1057 1315 1094 1375 ut
1110 1307 1157 1374 di-

2 1411 3 1488 }
45 1413 86 1478 cit
100 1415 187 1480 Duas
202 1416 336 1481 litteras
361 1412 610 1482 Dominationes
635 1414 763 1499 Vestre,
780 1423 813 1482 et
829 1416 894 1484 duo
919 1419 1030 1484 brevia
1055 1417 1157 1500 ipsius

45 1517 97 1584 heri
112 1522 191 1587 hora
218 1523 335 1606 quinta
361 1524 466 1590 noctis
491 1525 672 1609 recepimus
687 1546 760 1590 cum
776 1528 870 1610 copia
886 1526 976 1610 pacis
991 1525 1109 1604 Vallis,
1126 1531 1157 1590 et

2 1641 3 1718 ᾗ
44 1631 150 1712 copiam
166 1633 389 1718 responsionis
407 1632 492 1699 facte
508 1655 567 1717 per
583 1631 608 1696 J
609 1653 768 1698 anuenses
783 1633 911 1700 damnis
927 1633 1071 1700 fidelium
1091 1633 1157 1698 Do·

44 1737 211 1804 minationis
227 1738 350 1810 Vestra
376 1740 415 1805 de
441 1739 549 1824 Cipro,
577 1748 609 1806 et
633 1742 760 1825 copiam
787 1742 979 1810 damnorum
997 1741 1100 1822 Pere;
1124 1748 1156 1806 et

2 1883 3 1918 3
43 1845 107 1910 bene
122 1855 154 1913 et
170 1847 346 1932 diligenter
372 1848 599 1932 intelleximus,
626 1872 688 1932 que
702 1850 734 1914 in
752 1849 849 1916 (lictis
869 1850 990 1917 litteris
1006 1857 1037 1914 st
1054 1849 1156 1916 brevi-

43 1953 90 2020 bus
105 1959 322 2024 eontinentur.
339 1958 444 2023 Filius
461 1955 594 2024 Domini
611 1958 725 2025 Padue
741 1960 878 2026 recessit
895 1959 935 2026 de
951 1981 1065 2043 campo
1082 1979 1154 2023 cum

2 2063 3 2102 l
42 2071 121 2143 geute
137 2087 205 2149 sua,
221 2073 255 2132 et
274 2066 380 2131 nullus
404 2066 490 2132 alius
516 2068 672 2132 remansit
687 2074 797 2152 preter
813 2068 977 2134 dominum
995 2065 1155 2132 (lardica-

2 2239 3 2248 ,
42 2169 90 2236 lem
104 2173 225 2243 Padue.
242 2175 290 2240 Et
306 2174 440 2258 scriptis
466 2175 517 2240 his
542 2175 768 2260 intelleximus,
788 2177 873 2260 quod
891 2176 1039 2242 dominus
1056 2173 1155 2242 Sutor

2 2269 3 2306 ³
42 2277 153 2362 Petrus,
169 2283 225 2366 qui
243 2281 308 2346 fuit
325 2283 641 2379 presensnobisoum
657 2285 765 2351 verbis
776 2284 951 2366 hodiernis,
964 2284 1098 2349 recessit
1114 2283 1154 2348 de

41 2409 145 2473 rampo,
160 2397 194 2454 et
209 2391 272 2457 ivit
299 2411 408 2456 versus
436 2389 593 2458 Paduam.
621 2391 715 2458 Unus
732 2392 943 2458 Dominorum
963 2391 1099 2472 Verane,
1116 2392 1155 2456 si-

42 2503 83 2561 eut
97 2499 282 2584 scripsimus
300 2498 391 2583 aliae,
418 2499 516 2565 hodie
541 2501 627 2568 venit
643 2501 685 2567 ad
703 2521 872 2585 campum;
896 2521 1024 2567 causam
1045 2507 1153 2564 autem

41 2608 145 2673 nescire
160 2609 342 2692 potuimus.
368 2605 508 2693 Scriptis
535 2608 684 2674 omnibus
703 2609 892 2693 prescriptis
909 2608 1086 2692 recepimus
1102 2608 1154 2673 lit·

2 2725 3 2728 ’
39 2719 109 2778 ieras
123 2714 371 2782 Dominationis
398 2717 517 2784 Vestre
542 2715 637 2782 datas
661 2715 811 2802 Venetijs
836 2717 888 2782 die
914 2722 1032 2801 quarto
1057 2715 1154 2800 hujus

39 2825 147 2905 mensis,
162 2828 369 2892 continentes
386 2824 572 2891 libertatem
590 2825 683 2892 nobis
699 2824 859 2892 traditam
875 2846 934 2910 per
950 2823 1154 2890 Dominatio-

2 2973 3 3014 4
38 2951 94 2997 uem
109 2932 268 3000 Vestram
286 2954 383 3017 super
408 2933 572 3017 aliquibus
600 2933 750 3017 capitulis
768 2933 859 2999 nobis
876 2932 963 2998 datis
979 2953 1036 3016 per
1051 2931 1154 2996 Baro-

2 3071 3 3090 1
36 3057 81 3100 nes
103 3041 224 3108 domini
254 3041 366 3123 Regis,
392 3043 496 3126 ipsum
523 3041 685 3108 dominum
711 3042 836 3126 Regem
861 3039 1082 3126 tangentibus
1113 3060 1152 3102 ao

36 3149 117 3215 etiam
134 3149 330 3217 libertatem
347 3170 404 3235 per
420 3151 610 3216 Dominium
636 3149 791 3217 Vestrum
807 3149 901 3216 nobis
918 3149 1027 3216 datam
1044 3148 1076 3212 in
1094 3147 1153 3228 his,

2 3311 3 3318 ,
35 3275 83 3338 que
97 3264 239 3342 tangunt
256 3258 435 3342 quemlibet
462 3259 694 3343 colligatorum
720 3261 822 3344 ipsius
840 3259 962 3326 domini
978 3258 1089 3341 Regis.
1106 3258 1152 3322 Et

2 3371 3 3438 ξ
34 3367 96 3444 qnia
111 3390 148 3431 ex
166 3367 278 3433 forma
304 3367 389 3433 dioto
415 3367 523 3432 littere
549 3367 636 3432 clare
652 3367 962 3452 comprehendimus,
979 3364 1065 3450 quod
1081 3366 1152 3448 ipsa

2 3451 3 3516 Ῐ
33 3468 151 3543 libertas
168 3475 269 3541 uobis
296 3473 376 3539 data
401 3495 460 3557 per
476 3472 739 3540 Dominatiouem
756 3473 911 3543 Vestram
930 3495 993 3539 uon
1010 3472 1152 3538 extendi·

32 3587 82 3656 lm,
96 3585 156 3648 nisi
173 3587 208 3649 iu
227 3605 316 3664 casu,
342 3605 405 3666 quo
432 3583 569 3649 tractari
587 3587 691 3668 possit
708 3583 914 3648 concordium
932 3604 1004 3648 cum
1021 3581 1151 3647 domino

32 3687 107 3774 Rege
130 3702 163 3759 et
189 3692 346 3759 omnibus
372 3691 535 3774 colligatis
561 3692 646 3772 suis;
680 3691 900 3776 supplicamus
925 3690 1150 3758 Dominatioui

31 3793 142 3886 Vestro,
167 3803 263 3888 qnod
290 3801 442 3885 dignetur
469 3800 560 3865 nobis
586 3800 764 3882 declarare,
781 3800 808 3863 si
825 3800 1034 3866 concordium
1060 3799 1151 3882 sequi

31 3927 82 3973 non
98 3921 209 3994 posset
226 3933 305 3977 cum
320 3909 469 3975 omnibus
495 3909 659 3993 predictis,
675 3915 708 3974 et
723 3909 883 3993 possimus
900 3909 1007 3976 facere
1022 3929 1152 3973 concor-

31 4012 105 4082 dium
130 4043 206 4086 cum
234 4017 424 4085 Beronibus
450 4018 570 4084 domini
595 4017 707 4102 Regis,
723 4039 782 4101 pro
799 4023 895 4100 parte
911 4018 1013 4100 ipsius
1029 4016 1152 4082 domini

30 4121 117 4208 Regis
141 4129 263 4210 solum,
291 4150 363 4193 eum
388 4126 542 4192 libertate
567 4125 661 4192 nobis
687 4125 847 4192 attributa
862 4125 895 4190 in
912 4146 990 4191 casu
1010 4145 1068 4189 suo
1094 4146 1152 4208 por

31 4229 107 4314 ipsas
121 4234 263 4320 litteras,
289 4237 315 4300 si
342 4235 451 4320 placet
476 4233 590 4318 Vobis,
615 4232 702 4318 quod
727 4255 785 4299 nos
810 4234 979 4299 faciamus.
1006 4233 1147 4315 Insuper

30 4341 117 4406 etiam
132 4345 160 4408 si
176 4365 351 4429 possemus
367 4343 475 4409 facere
492 4366 563 4409 cum
581 4344 711 4410 domino
728 4342 819 4426 Rege
835 4349 867 4408 et
884 4342 997 4425 aliquo
1017 4343 1150 4424 colliga-

30 4451 124 4515 torum
141 4475 275 4519 suorum
292 4453 342 4517 vel
359 4453 531 4536 aliquibus,
547 4453 603 4518 sed
620 4475 684 4518 nou
700 4451 1045 4529 omnibus,seoundum
1056 4450 1152 4518 liber-

2 4593 3 4622 ;
30 4561 119 4622 tatem
136 4561 230 4625 nobis
260 4562 290 4626 iu
318 4563 412 4627 dietis
438 4561 560 4626 ultimis
577 4563 695 4627 litteris
712 4561 915 4640 attributam,
931 4560 958 4626 si
975 4559 1084 4643 placet
1099 4582 1150 4624 vo-

75 4695 133 4732 ror.
148 4699 232 4734 anuo.
249 4698 318 4735 mss.
335 4705 377 4722 ·-
394 4700 461 4735 acm
477 4699 536 4733 sur.
553 4699 589 4734 ru.
1003 4673 1042 4750 15
