3134 5254
571 406 666 470 1379.
1117 409 1179 472 301

63 579 179 647 dicente
195 581 266 666 ipso
282 579 415 648 domino
435 579 605 663 Generali,
622 581 708 666 quod
725 583 863 648 cumbis
879 584 987 650 verbis
1004 592 1183 650 recesserat.

1 745 2 750 ,
62 688 216 755 adondno
231 689 371 756 Karolo.
403 689 475 774 Que
493 692 600 757 omnia
617 691 737 760 Vestro
752 693 978 759 Dominationi
994 695 1180 760 curavimus

62 798 224 879 denotare3
247 799 470 884 significantes
486 799 599 882 Vobis,
617 801 702 884 quod
719 823 778 886 pro
794 802 956 886 possendo
972 803 1079 870 lacere
1097 802 1180 870 illud

61 903 129 970 boui
152 907 236 992 quod
253 908 448 992 poterimus;
474 909 629 994 misimus,
646 908 733 992 quod
750 917 859 976 scorta
875 932 948 978 cras
965 911 1058 977 nobis
1073 912 1183 977 mitta·

1 1045 2 1112 j
59 1021 122 1096 tur3
144 1017 219 1098 quia
245 1017 400 1083 vellemus
425 1039 495 1084 esse
522 1017 565 1084 ad
590 1020 788 1102 presentiam
814 1041 912 1084 suam.
945 1015 1030 1084 (lum
1046 1019 1182 1098 venerit,

59 1122 167 1190 ibimus
183 1124 225 1189 ad
242 1145 400 1210 campum,
417 1133 450 1192 et
467 1126 623 1210 quicquid
633 1125 812 1210 fecerimus,
823 1126 944 1195 Vestre
953 1126 1182 1193 Dominationi

1 1327 2 1332 ἵ
60 1230 233 1298 curabimus
249 1232 405 1300 velociter
422 1234 588 1300 denotare.
605 1234 715 1300 [lnam
731 1235 879 1300 litteram
890 1241 1054 1319 receptam
1072 1255 1093 1300 a
1109 1231 1183 1304 (lol-

60 1339 136 1422 lrgio
151 1341 292 1428 Tarvisij
311 1342 431 1410 Vestre
447 1344 708 1410 Domininationi
724 1366 784 1429 pro
800 1343 1032 1411 informatione
1057 1344 1182 1412 Vestra

1 1435 2 1517 i
60 1450 207 1516 mittimus
223 1452 430 1535 presentibus
447 1453 668 1520 introclusam.
689 1451 781 1520 Data
796 1452 921 1520 Mestre
938 1454 989 1518 die
1008 1453 1067 1522 VI.
1083 1451 1181 1519 Octo-

1 1605 2 1663 ,
60 1553 122 1622 bris
137 1557 216 1624 bora
231 1559 300 1624 III.
317 1561 420 1626 noctis
436 1560 613 1626 indictione
629 1559 695 1626 ΠΙ.
836 1559 1105 1628 Ambassiatores
1121 1567 1181 1626 etc.

180 1755 239 1842 43)
262 1757 297 1823 A
320 1759 554 1824 velenczei
579 1757 782 1843 dugenek
807 1781 827 1826 a
849 1757 1051 1826 kdvetek.

158 1881 369 1950 Serenissime
386 1884 663 1959 Dominenoster.
689 1883 773 1949 Heri
790 1883 872 1950 hora
888 1883 974 1950 IIII.
992 1884 1056 1949 ‹liei
1073 1891 1182 1950 scorta

58 1991 139 2056 venit
154 2013 213 2075 pro
239 1992 343 2071 nobis,
368 1998 401 2058 et
426 1993 538 2057 statim
555 2013 614 2056 nos
631 1991 786 2060 Nicolaus
807 1990 1019 2074 Maurooeno,
1034 1991 1059 2058 J
1061 1990 1181 2057 acubus

1 2203 3 2278 l

58 2097 94 2164 (1(
109 2097 228 2166 Priolis
246 2106 279 2165 et
295 2098 439 2165 Michael
464 2098 662 2165 Maurooeno
690 2100 894 2166 ascendimus
920 2120 1030 2184 equos,
1046 2105 1078 2165 et
1094 2102 1182 2183 equi·

58 2205 189 2272 terimus
206 2206 248 2273 ad
265 2228 415 2291 campum
433 2229 497 2272 una
523 2229 596 2272 cum
613 2204 742 2273 domino
759 2205 924 2275 Generali.
943 2208 988 2272 Et
1004 2207 1080 2273 dum
1098 2228 1182 2276 esse·

57 2335 120 2380 nius
136 2313 178 2380 ad
195 2337 354 2400 campum,
370 2315 519 2381 stetimus
535 2336 637 2399 usque
654 2313 775 2382 XXIL
792 2315 1101 2399 horam,antoquam
1111 2336 1181 2382 esse

1 2531 14 2612 t.

1 2731 4 2886 l

57 2441 215 2504 possemus
242 2423 285 2488 ad
309 2424 506 2507 presentiam
532 2423 653 2489 domini
684 2422 813 2490 Karoli.
845 2423 892 2490 Et
922 2425 984 2490 hoc
1014 2425 1181 2508 prooessit,

57 2537 147 2610 prout
162 2532 364 2613 sentivimus,
390 2532 468 2614 quia
494 2529 643 2598 dominus
669 2531 814 2615 Magnus
831 2529 949 2598 Comes
967 2531 1181 2616 equitaverat,

57 2644 86 2702 et
100 2641 168 2724 ipse
183 2640 381 2725 expectabat
396 2663 487 2722 eum,
511 2647 622 2706 tamen
641 2641 711 2725 ipso
727 2639 857 2707 domino
872 2637 999 2707 Gemite
1014 2663 1078 2707 non
1094 2643 1182 2708 veni·

57 2754 132 2830 onte,
148 2746 235 2814 idem
253 2746 400 2816 dominus
417 2748 565 2814 Karolus
581 2749 671 2814 misit
687 2770 746 2832 pro
763 2747 864 2814 nobis.
881 2747 965 2815 Cum
981 2770 1044 2833 quo
1060 2749 1181 2815 inveni-

57 2877 119 2922 mus
135 2878 248 2924 omnes
264 2865 389 2924 eeteros
404 2857 553 2924 Berones
570 2861 680 2942 preter
697 2857 821 2923 dictum
838 2857 999 2924 Comitem
1011 2857 1180 2941 Magnum.

56 2963 95 3028 Et
109 2966 185 3033 dum
203 2989 346 3034 essemus
376 2969 419 3034 ad
446 2988 558 3034 eorum
583 2967 780 3052 presentiam
795 2965 892 3052 lactis
909 2971 942 3031 et
959 2965 1055 3032 dictis
1071 2966 1182 3032 multis

57 3074 156 3139 vorbis
182 3081 215 3140 et
239 3075 423 3141 rationibus
449 3097 507 3160 per
532 3096 591 3141 nos
616 3074 737 3140 eisdem
762 3074 804 3139 ad
831 3073 1075 3154 ostendendum,
1092 3073 1181 3157 quod

57 3201 173 3250 summa
198 3182 395 3249 florenorum
421 3185 671 3268 quingentorum
698 3184 823 3248 milium
848 3183 970 3248 eisdem
996 3183 1083 3248 clare
1108 3203 1180 3266 pro·

57 3292 148 3358 missa
162 3293 280 3360 ultimo
306 3291 438 3375 quando
463 3291 582 3358 luimus
608 3291 651 3358 ad
675 3313 784 3358 eorum
811 3291 1019 3376 presentiam,
1035 3295 1107 3356 erat
1122 3290 1182 3357 illa

57 3419 182 3484 summa,
201 3423 300 3486 quam
316 3399 506 3467 Dominatio
533 3401 655 3470 Vestro
670 3398 777 3466 adhuc
794 3421 867 3464 cum
882 3419 1002 3482 magna
1018 3399 1180 3482 gravitate

57 3507 220 3577 attendere
246 3515 357 3593 posset
382 3513 416 3573 et
440 3507 584 3591 solvere3
610 3514 643 3574 et
674 3509 761 3591 ‹puod
786 3508 814 3573 si
838 3506 1029 3573 Dominatio
1059 3502 1181 3576 Vestra

57 3616 135 3685 ultra
158 3619 253 3686 illem
278 3639 434 3684 summam
456 3624 658 3701 gravaretur,
674 3622 759 3682 esset
774 3615 837 3682 sibi
853 3614 1079 3699 importabile3
1102 3614 1180 3680 elle·

58 3727 155 3808 gando
179 3726 304 3792 multas
329 3747 442 3792 causas
469 3733 501 3792 et
526 3725 726 3792 ostendendo
750 3724 863 3789 multis
884 3723 1075 3805 rationibus,
1092 3721 1180 3806 quod

5 3926 10 3934 Ι
58 3833 198 3902 dominus
214 3834 297 3918 Rex,
313 3840 345 3901 et
360 3856 420 3919 pro
437 3833 559 3901 honore
588 3834 710 3900 domini
726 3833 837 3917 Regis,
852 3855 917 3899 non
934 3832 1099 3898 debebunt
1115 3830 1179 3895 Do-

59 3943 260 4012 minutionem
279 3943 434 4012 Vestram
450 3943 531 4010 velle
558 3964 696 4025 gravare
713 3943 755 4010 ad
771 3942 914 4024 aliquam
931 3941 1102 4026 pecuniam
1119 3938 1180 4006 sol·

58 4050 196 4135 vendam,
212 4071 276 4137 que
291 4049 411 4120 Vestre
428 4049 651 4117 Dominationi
666 4048 883 4135 importabilis
900 4054 1003 4128 esset;
1029 4067 1111 4129 quas
1127 4066 1179 4112 ra·

35 4249 40 4258 1
58 4159 152 4227 tiones
168 4167 203 4226 et
220 4181 336 4226 causas
352 4165 485 4244 propter
500 4159 695 4226 brevitatem
707 4156 925 4224 obmittamus.
942 4153 1086 4221 Tandem
1099 4154 1180 4221 elar-

60 4269 197 4350 gsvimus
214 4291 272 4336 nos
286 4267 330 4334 ad
346 4267 545 4334 offerendum
563 4267 710 4333 -firmitcr
735 4285 837 4349 usque
853 4265 895 4330 ad
913 4283 1069 4330 summam
1086 4261 1179 4328 flore-

3 4407 5 4436 ι
58 4397 163 4444 norum
188 4385 411 4444 sexcentorum
437 4377 571 4458 milium,
587 4376 627 4441 de
645 4397 710 4461 qua
735 4375 986 4459 promiseramus
1003 4373 1049 4436 eis
1064 4391 1179 4454 procu·

60 4505 125 4552 rare
151 4507 250 4572 penes
275 4487 542 4554 Dominationem
556 4483 741 4564 .Vost1·am,
766 4484 849 4549 sicut
865 4481 1052 4565 scripsimus
1068 4479 1179 4546 Domi·

60 4595 173 4660 nationi
187 4595 317 4678 Vestro,
334 4595 421 4681 quod
437 4601 522 4662 esset
539 4598 710 4674 contento;
726 4589 935 4676 exprimendo
945 4587 1075 4670 eisdem,
1092 4588 1179 4674 quod
