3226 5258
358 401 399 460 to
712 405 943 457 tuenoutnczrau
961 391 1128 458 eruerer.

357 574 494 658 pecunia
510 569 570 637 sibi
587 569 699 634 debita
714 572 864 636 satisfieri
881 571 984 638 facias
1001 577 1098 653 atque
1115 569 1269 641 mandes;
1285 569 1318 632 in
1336 567 1397 632 boc
1411 555 1484 632 tali-

355 691 405 747 ter
420 690 453 746 te
469 678 628 760 babendo,
654 678 740 760 qnod
765 679 897 765 provide
923 680 1063 744 humane
1084 677 1192 744 laudis
1208 677 1317 742 attolli
1333 675 1485 760 preconio

354 788 514 867 merearis,
532 808 655 870 nosque
671 786 874 854 devotionem
890 795 981 853 tuam
998 809 1061 851 non
1079 787 1242 850 immerito
1258 779 1482 847 commendare

354 898 523 980 possimus.
540 893 666 960 Datum
681 896 769 978 apud
786 894 1024 962 Villamnouam
1042 888 1428 958 ArinionensisDioccsis
1445 887 1485 954 V.

358 1024 461 1070 nonas
478 1000 643 1082 Octobris
660 1000 877 1068 Pontificatus
894 1006 996 1067 nostri
1013 1022 1098 1066 anno
1115 997 1265 1064 secundo.

679 1147 738 1206 (XI.
754 1149 874 1212 Gerpely
888 1148 961 1212 pcipe
973 1144 1164 1210 regestrtibol.)

843 1309 1000 1318 .--,-.--

897 1447 948 1508 34.

288 1571 290 1582 Ι
357 1603 506 1670 Erecthei
522 1630 662 1693 mappae
679 1607 991 1693 anynkirolyne'nak
1009 1607 1065 1670 XI.
1091 1608 1228 1694 Gorpcly
1243 1613 1332 1693 popa
1359 1630 1478 1693 oppon·

750 1739 830 1779 uzon
846 1715 977 1800 itqybeu.
1002 1713 1096 1778 1372.

465 1871 647 1957 Gregorius
672 1874 853 1957 Episcopus
879 1879 938 1937 etc
959 1873 1121 1938 carissime
1137 1873 1170 1936 in
1187 1873 1319 1939 Christo
1334 1871 1399 1939 filie
1416 1871 1482 1937 Eli·

358 1977 476 2042 naboth
492 1981 613 2044 seniori
629 1979 756 2063 Regine
768 1978 915 2063 Vngarie
932 1979 1063 2060 illustri,
1074 1979 1213 2043 salutem
1230 1986 1289 2044 etc.
1305 1978 1485 2045 Carissimo

357 2088 390 2148 in
407 2084 541 2151 Christo
569 2087 634 2152 tilio
651 2093 761 2152 nostro
787 2087 951 2151 Ludovioo
977 2085 1063 2168 Regi
1091 2086 1238 2167 Vngarie
1262 2085 1384 2152 illustri
1409 2096 1483 2150 nato

357 2197 413 2257 tuo
431 2192 609 2276 scribimus,
625 2202 662 2260 ut
678 2193 798 2259 dilecto
814 2193 881 2261 filio
898 2192 1131 2259 Bartholomeo
1154 2191 1317 2275 Spiefame
1334 2192 1374 2258 de
1392 2193 1481 2258 Luca

358 2303 531 2366 mercatori
556 2310 588 2367 et
604 2303 667 2366 ciui
692 2301 885 2383 Parisiensi,
901 2298 1104 2384 quidudum,
1120 2307 1156 2364 ut
1172 2302 1300 2378 asserit,
1318 2300 1482 2382 quondam

362 2406 505 2473 Roberto
521 2409 561 2474 de
580 2409 721 2476 Duratio
737 2412 772 2474 in
788 2411 855 2474 suis
871 2408 1121 2475 necessitatibus
1142 2415 1264 2474 certam
1282 2415 1315 2474 et
1331 2429 1481 2493 magnam

360 2517 494 2598 pecunie
512 2518 728 2598 quantitatem
738 2538 891 2601 generose
908 2517 1075 2591 mutuavit,
1093 2517 1131 2581 de
1149 2514 1335 2581 huiusmodi
1349 2517 1483 2600 pecunie

360 2643 493 2704 summa,
509 2645 581 2688 cum
598 2624 683 2689 idem
701 2625 867 2691 Robertus
884 2625 924 2689 de
949 2646 988 2689 ea
1013 2644 1076 2689 non
1103 2621 1270 2690 satisfacto
1297 2623 1484 2704 decesserit,

360 2752 398 2796 ac
415 2730 552 2797 dilectus
576 2733 662 2798 filius
677 2734 795 2799 nobilis
813 2735 862 2798 vir
878 2731 1016 2797 Carolus
1032 2734 1073 2797 de
1089 2732 1238 2810 Duratio,
1255 2732 1331 2806 dicti
1347 2731 1486 2797 Roberti

360 2859 470 2922 nepos,
487 2840 590 2905 eidem
607 2840 754 2906 Roberto
772 2841 814 2906 ab
829 2843 985 2905 intestato
1003 2838 1164 2914 defuncto,
1183 2846 1218 2904 ut
1235 2840 1400 2918 asseritur,
1417 2860 1485 2904 suc·

361 2949 503 3031 cesserit,
515 2935 664 3013 satisfieri
681 2947 783 3014 faciat
799 2955 898 3030 atque
914 2947 1057 3012 mandet.
1074 2944 1156 3011 Cum
1173 2953 1282 3012 autem
1297 2949 1331 3012 in
1349 2950 1483 3030 premis-

362 3055 407 3140 sis
433 3053 617 3120 favorinus
644 3058 685 3120 sit
711 3056 884 3140 plurimum
910 3059 1120 3139 opportunus,
1147 3053 1367 3120 sinceritatem
1393 3061 1486 3120 tuam

349 3151 489 3246 ,attente
506 3183 666 3246 rogamus,
684 3170 845 3246 quatenus
862 3184 921 3247 pro
938 3168 1052 3227 nostra
1067 3169 1099 3226 et
1116 3159 1310 3245 Apostolioe
1327 3161 1422 3228 Sedis
1439 3182 1489 3226 re·

360 3272 513 3352 verentia,
529 3277 562 3336 et
579 3272 680 3336 atium
690 3273 824 3358 pietatis
840 3277 873 3336 et
888 3271 1013 3336 iustitie
1029 3271 1151 3336 iutuitu
1167 3269 1255 3353 apud
1272 3269 1410 3335 eundem
1425 3270 1492 3336 Rc·

360 3361 432 3458 gem
449 3385 561 3442 natum
577 3385 678 3461 tuum,
694 3381 781 3463 quod
799 3381 921 3444 nostris
937 3379 970 3443 in
987 3379 1050 3444 hac
1075 3383 1169 3460 parte
1185 3377 1336 3459 precibus
1353 3385 1489 3457 armuat,

361 3503 454 3566 opem
471 3483 527 3547 dos
545 3491 577 3547 et
593 3507 724 3569 operam
742 3486 897 3552 efficaces.
917 3485 1041 3550 Datum
1060 3484 1148 3568 apud
1157 3482 1400 3550 Villamuovam
1409 3486 1493 3549 Avi·

361 3591 527 3654 nionensis
553 3591 702 3656 Diocesis
734 3593 775 3668 V.
807 3615 910 3657 nonas
937 3590 1101 3672 Octobris,
1133 3591 1354 3669 Pontificatus
1385 3594 1494 3656 nostri

363 3687 448 3760 anno
466 3698 615 3762 secundo.
1337 3687 1338 3692 ἵ

379 3831 381 3836 ·
471 3803 554 3868 ln'e.
571 3826 612 3871 m.
629 3806 799 3872 Elisabeth
812 3807 935 3890 juniori
953 3806 1076 3892 Regino
1090 3807 1246 3893 Vngarie.

684 3953 743 4013 (XI.
758 3953 877 4016 Gergely
892 3952 965 4016 popa
979 3952 1167 4016 'regestiibtlt
