3248 5242
608 333 702 412 rtet.
1152 346 1216 422 tot
1296 451 1299 459 y

79 538 151 584 non
168 515 308 586 habetur
324 523 366 588 ad
383 545 525 607 presens,
543 525 628 590 unde
644 525 760 592 haberi
775 530 878 611 possit
895 509 1062 611 quantitas
1081 535 1216 614 pecunie

80 630 320 714 suprascripto.

177 774 213 832 (A
227 773 337 825 ›Misti‹
352 778 443 827 czimd
456 778 596 830 veleucnei
609 779 838 845 allamlrbnyvbdl
851 781 938 832 xnn.
953 781 1012 831 ket.
1028 787 1068 834 st.
1082 783 1111 844 l.)

76 1243 200 1309 Morio
217 1267 359 1331 mappas
375 1244 529 1332 ttrotpne
552 1245 584 1311 έε
600 1247 774 1334 Zsiymond
800 1246 912 1334 leirdly
934 1250 1066 1315 nevdben.
1091 1253 1129 1317 de
1156 1251 1210 1316 Li·

77 1347 151 1416 bcs'a
181 1351 373 1460 Mihldsnolc
399 1353 638 1441 clismcrodnye,
662 1356 743 1442 kopp
769 1379 790 1418 o
828 1357 915 1421 7000
938 1371 1060 1444 ononyt
1091 1364 1211 1425 dtuette.

602 1467 697 1530 1391.

189 1623 231 1689 In
262 1623 391 1690 nomine
422 1623 486 1691 Dei
502 1623 617 1690 Eterni
642 1619 758 1690 Amen.
785 1621 884 1692 Anno
909 1627 952 1694 ab
977 1625 1209 1695 Incarnatione

74 1727 215 1797 Domini
231 1733 335 1798 nostri
350 1732 457 1798 Jhesu
474 1731 599 1798 Christi
627 1731 816 1798 millessimo
842 1736 1085 1802 trecentessimo
1110 1756 1210 1804 nona·

75 1839 219 1920 gessimo
235 1840 349 1923 primo,
366 1841 485 1906 mensis
511 1839 659 1923 Augustt
678 1839 729 1904 die
756 1847 847 1906 sexto
874 1841 1007 1924 decimo,
1032 1843 1208 1909 indictione

76 1953 203 2029 quarte
235 1948 363 2014 decima
394 1955 452 2013 eto.
484 1946 620 2012 Plenam
651 1951 686 2012 et
715 1947 961 2014 irrevocabilem
1002 1950 1208 2018 securitatem

74 2053 173 2120 facio.
188 2054 261 2138 Ego
279 2051 435 2120 Nicolaus
451 2054 492 2119 de
508 2054 619 2120 Libris
636 2053 676 2119 de
696 2054 844 2137 Boemia,
868 2053 1012 2122 Nuntius
1034 2056 1207 2123 Serenissi-

74 2163 123 2226 mi
138 2167 172 2227 et
188 2161 463 2228 Excellentissimi
489 2160 623 2226 Domini
644 2159 766 2226 domini
792 2160 992 2246 Sigismundi
1010 2162 1072 2230 Dei
1100 2167 1207 2247 gratia

73 2269 180 2353 Regis
197 2269 378 2356 Hungarie,
389 2269 569 2352 Dalmaoie‚
588 2265 722 2335 croatie
739 2277 798 2335 etc.
817 2271 1084 2356 Marchiouisque
1101 2271 1207 2336 Bran·

74 2377 306 2464 deburgensis3
323 2371 464 2446 necnon
481 2377 693 2446 Serenissime
710 2385 743 2444 et
758 2381 1039 2450 Excellentissime
1055 2383 1206 2466 Domine,

74 2487 208 2554 domine
239 2487 346 2555 Marie
378 2489 537 2555 consortis
563 2489 632 2554 eius
656 2489 782 2572 Regine
807 2489 979 2575 Hungarie
1004 2499 1062 2556 etc.
1088 2499 1121 2556 et
1145 2513 1205 2576 pro

73 2615 190 2662 eorum
205 2596 379 2665 heredibus
396 2604 428 2663 et
440 2599 689 2680 successoribus,
707 2595 797 2662 vobis
823 2595 1038 2666 Serenissim‘o
1055 2600 1206 2683 Domino,

71 2705 208 2771 domino
242 2705 413 2772 Anthonio
447 2704 590 2774 Venerio
620 2705 733 2772 eadem
765 2705 873 2790 gratia
904 2707 1024 2774 Inclito
1056 2708 1145 2774 Duci
1172 2715 1203 2772 et

71 2811 247 2879 Communi
257 2812 472 2884 Venetiarum
482 2813 663 2898 vestrisque
673 2815 922 2897 successoribus,
934 2814 974 2880 de
991 2815 1116 2880 ducatis
1134 2835 1204 2898 sep·

69 2926 139 2986 tem
161 2921 291 2987 milibus
308 2917 386 2987 boni
403 2921 474 2988 auri
492 2927 524 2987 et
540 2921 618 2986 iusti
641 2921 804 3005 ponderis,
822 2922 877 3005 qui
904 2929 979 2988 suut
995 2942 1056 3006 pro
1072 2923 1203 2988 solutio·

67 3047 111 3093 ne
138 3030 216 3094 enni
241 3029 412 3114 presentis,
428 3024 469 3094 de
494 3027 683 3095 millessimo
699 3029 945 3095 trecentessimo
970 3030 1199 3113 nonagessimo

67 3139 188 3223 primo,
205 3159 286 3221 quos
303 3137 455 3204 denarios
487 3139 587 3202 vestri
603 3141 732 3204 nomine
748 3136 848 3203 habui
867 3143 901 3202 et
919 3158 992 3202 oum
1008 3136 1198 3220 integritate

12 3315 14 3320 ,
64 3247 190 3329 recepi,
205 3246 270 3310 ista
289 3246 431 3328 presenti
457 3244 682 3328 suprascripta
699 3246 751 3311 die
769 3267 788 3309 a
805 3241 1006 3309 Camerariis
1022 3245 1121 3308 vestri
1139 3241 1211 3308 Co·

62 3354 183 3418 munis.
200 3351 295 3418 Nunc
310 3359 419 3418 autem
435 3355 514 3436 quia
528 3353 643 3417 exinde
659 3374 709 3418 me
726 3351 814 3418 dioto
833 3353 962 3418 nomine
981 3351 1062 3417 bene
1079 3357 1112 3416 et
1126 3372 1200 3434 per-

60 3463 151 3528 fecte
168 3460 354 3546 appscostis
370 3467 489 3526 etcum
506 3463 593 3526 omni
609 3461 800 3544 integritate
824 3459 1041 3542 deliberastis,
1057 3481 1078 3524 e
1096 3459 1194 3524 modo

62 3573 100 3638 in
118 3576 217 3636 antea
242 3591 354 3635 secure
370 3575 401 3634 et
419 3571 527 3652 quiete
544 3575 737 3652 permaneat
751 3569 785 3633 in
800 3574 977 3653 perpetuo;
994 3570 1072 3652 quio
1097 3567 1201 3634 nichil

63 3677 185 3746 melius
203 3676 287 3762 (lgy)
314 3681 477 3761 remansit,
492 3677 577 3742 unde
601 3678 740 3760 amplius
757 3699 777 3742 a
793 3675 931 3760 prefatis
948 3677 1098 3742 Dominis
1116 3677 1196 3741 meis

61 3788 193 3871 requiri
209 3794 267 3851 aut
283 3785 434 3869 compelli
451 3783 588 3854 veleatis
604 3807 662 3868 per
682 3784 786 3849 ullum
796 3785 961 3868 ingenium
972 3785 1038 3848 sive
1055 3782 1195 3867 modum,

63 3894 103 3963 Si
120 3896 223 3980 igitur
240 3899 354 3960 contra
365 3893 449 3958 hane
461 3895 646 3959 securitatis
656 3899 781 3958 cartam
792 3891 852 3958 hoc
863 3892 1103 3975 temptaverint,
1116 3895 1194 3956 tunc

60 4003 239 4072 emendare
255 4001 476 4068 debeantcum
493 4019 605 4068 eornm
615 3999 787 4066 heredibus
799 4005 832 4066 ct
842 3998 1092 4082 successoribus,
1102 3997 1192 4064 vobis

12 4115 13 4118 ’
60 4119 97 4179 et
113 4110 229 4177 vestris
246 4111 485 4176 successoribus
502 4111 574 4176 euri
590 4109 749 4174 librarum
773 4109 925 4193 quinque.
944 4107 990 4173 Et
1005 4107 1081 4173 huic
1107 4128 1197 4172 secu·

58 4222 171 4288 ritatis
187 4227 285 4297 carte,
302 4221 443 4284 insuam
460 4216 589 4302 plenam
608 4215 807 4298 firmitatem,
833 4215 959 4297 siguum
978 4216 1194 4297 suprascripti

59 4328 193 4395 Nicolai
208 4328 247 4393 de
266 4327 377 4393 Libris
394 4332 444 4391 est
460 4325 656 4409 appositum,
675 4326 731 4406 qui
746 4325 807 4389 heo
825 4323 954 4406 rogavit
970 4320 1050 4386 lieri.

601 4433 640 4498 Io
669 4433 785 4498 Marco
802 4428 978 4498 Denselmo
1003 4428 1095 4493 testis
1122 4427 1196 4493 sub·

498 4541 624 4624 scripsi.
640 4541 713 4623 Ego
733 4538 988 4604 Bartholomeus
1005 4535 1044 4601 de
1055 4535 1193 4627 Thomn·

111 4683 176 4719 NON·
190 4681 271 4718 EUNG.
288 4681 355 4716 uts'r.
371 4691 414 4703 ···
431 4681 498 4716 surh
516 4681 575 4714 Exn.
593 4679 630 4713 lll·
1044 4645 1086 4712 45
