3226 5254
625 407 720 469 raso.
759 363 762 372 ’
1172 409 1233 470 aaa

111 578 243 665 Notarij
262 582 463 666 infrascripti
479 588 512 647 et
531 582 665 646 testium
690 584 983 666 suprascriptorum
1000 589 1112 648 mutuo
1138 589 1171 647 et
1196 604 1235 646 ex

109 709 206 753 causa
222 691 299 770 veri,
324 692 397 774 puri
423 698 456 755 et
481 690 619 773 gratuiti
647 691 796 772 mutui,a
820 688 996 757 Nobilibus
1022 697 1055 756 et
1080 690 1233 773 Egregijs

108 794 270 863 Militibus
287 799 417 864 domino
434 801 540 865 Rosso
556 798 724 864 Ricciardi
741 798 781 863 cle
808 799 923 876 Riccis
942 806 975 866 et
999 797 1129 865 domino
1154 797 1232 863 Bec-

110 907 176 970 tino
202 907 327 971 domini
353 907 495 974 Coronis
521 905 560 972 de
586 903 782 988 Guionibus
807 914 840 974 et
867 929 887 973 a
910 908 1130 992 prudentibus
1156 907 1234 971 viris

107 1013 233 1080 Jaccbo
249 1013 403 1079 Micholis
420 1014 473 1079 del
490 1014 605 1095 Rosso,
621 1020 654 1079 et
680 1011 838 1080 Silvestro
863 1015 889 1081 J
891 1013 1030 1081 ohannis
1055 1012 1234 1080 Cortenuo-

107 1143 146 1185 ra
170 1121 297 1187 ciuibus
323 1121 566 1188 honorabilibus
583 1120 792 1203 Florentinis
809 1121 951 1190 Sindicis
969 1129 1002 1188 et
1020 1122 1233 1188 Ambaxiato·

106 1229 195 1296 ribus
214 1230 403 1296 Communis
419 1231 588 1297 Florencie
604 1231 780 1295 sindicario
796 1231 925 1296 nomine
940 1232 1018 1296 dicti
1036 1229 1234 1306 Communis,

106 1345 137 1401 et
154 1338 258 1420 ipsius
269 1337 456 1404 Communis
472 1340 539 1405 vice
557 1346 589 1404 ct
605 1340 742 1419 nomine,
754 1347 785 1404 et
796 1361 855 1424 pro
872 1338 961 1406 dicto
979 1338 1150 1405 Communi
1167 1361 1233 1404 mu·

107 1449 230 1525 tuente,
247 1453 279 1510 et
296 1444 337 1512 de
352 1447 456 1531 ipsius
473 1444 657 1512 Communis
675 1447 816 1531 propriis
840 1447 972 1514 florenis
988 1454 1021 1514 et
1037 1449 1183 1532 pecuniis
1200 1448 1232 1510 in

104 1551 253 1634 pluribus
270 1556 441 1640 marsupiis
457 1562 490 1620 et
506 1555 647 1620 sachulis
664 1559 696 1620 et
713 1556 850 1639 pecunia
877 1563 1048 1622 numerata
1074 1557 1231 1621 existente

106 1659 270 1727 florenous
303 1662 525 1746 quadraginta
540 1662 631 1728 milia
648 1663 721 1729 auri
738 1663 908 1744 currentis,
928 1670 960 1728 et
975 1670 1073 1747 prout
1098 1668 1232 1728 currunt

104 1768 280 1834 Florencie
295 1769 381 1836 inter
397 1777 593 1836 mercatores
618 1771 848 1854 Florentin0s5
872 1770 912 1836 de
938 1793 1074 1855 quorum
1101 1771 1232 1856 quidem

104 1877 308 1942 dominorum
325 1877 424 1943 Rossi
440 1885 473 1943 et
490 1879 629 1960 Baetim,
646 1898 705 1942 nec
731 1900 795 1943 non
821 1884 854 1944 et
879 1878 996 1945 Jacobi
1023 1885 1056 1943 et
1081 1875 1232 1942 Silvestri

103 1984 265 2050 sindicatu
282 1992 315 2050 ct
325 1986 479 2052 mandato
496 1991 626 2050 constat
636 2007 694 2068 per
704 1986 954 2052 instrumentum
964 1985 1041 2050 inde
1053 1984 1233 2050 confectum

1 2073 2 2084 ἵ
104 2115 161 2176 per
180 2115 232 2157 me
248 2094 419 2159 Ristorum
435 2094 612 2160 Notarium
633 2093 876 2179 infrascriptum
894 2093 988 2161 dictis
1013 2115 1107 2176 anno,
1133 2093 1233 2158 indic·

102 2201 204 2286 cione,
220 2207 254 2267 et
271 2202 323 2267 <lie
341 2204 479 2286 septimo
496 2201 574 2268 dicti
591 2205 711 2268 mensis
732 2204 897 2285 Catubris,
924 2210 957 2268 et
983 2225 1063 2288 quos
1088 2201 1229 2268 florenos

103 2310 326 2394 qua-draginta
340 2312 431 2377 milia
456 2311 577 2377 dictum
604 2308 784 2377 Commune
810 2311 981 2378 Florencic
1009 2319 1041 2377 et
1066 2333 1122 2376 seu
1148 2309 1229 2374 dicti

104 2409 540 2485 Ambaxianreset'sindici
551 2420 679 2484 nomine
691 2419 768 2484 dicti
787 2417 975 2485 Communis
992 2425 1140 2484 mutuare
1156 2439 1229 2502 pro·

1 2512 3 2568 l
102 2528 262 2592 miserunt
272 2527 367 2592 dictis
378 2529 508 2593 domino
520 2527 604 2610 Regi
615 2535 647 2592 et
657 2547 713 2593 seu
724 2527 792 2592 eius
804 2527 992 2593 mandatum
1003 2527 1137 2593 babenti
1147 2527 1233 2595 infra

103 2635 186 2700 dnos
204 2656 328 2702 menses
354 2637 387 2700 in
415 2635 522 2701 tribus
548 2635 695 2700 terminis
721 2643 753 2700 et
777 2635 906 2718 paghis,
931 2642 969 2700 ut
995 2636 1178 2702 continetur
1200 2638 1233 2701 in

1 2741 7 2832 Ἰ
102 2743 318 2808 instrumento
352 2743 426 2809 inde
451 2744 523 2809 lieri
553 2749 669 2826 rogato
696 2765 754 2827 per
779 2765 830 2808 me
855 2742 1025 2809 Ristorum
1053 2741 1231 2810 Notarium

103 2851 357 2937 infrascriptum,
374 2861 405 2919 ct
423 2854 463 2920 de
480 2851 598 2937 quibus
618 2852 748 2918 florenis
775 2853 997 2938 quadraginta
1012 2854 1142 2920 milibus
1159 2835 1232 2918 auri

104 2963 151 3025 sic
166 2961 289 3028 habitis
305 2968 337 3027 et
353 2964 502 3046 receptis,
518 2970 554 3027 ut
570 2962 721 3045 superius
739 2963 931 3044 continetur,
950 2969 982 3027 et
997 2962 1140 3028 mutuari
1161 2983 1233 3044 pro·

105 3069 221 3148 missis,
239 3077 392 3153 utsupra
410 3069 532 3135 dictum
550 3076 607 3150 est,
624 3068 730 3135 dictus
757 3071 903 3136 dominus
930 3071 954 3137 J
956 3071 1100 3136 ohannes
1116 3091 1229 3154 procu·

102 3183 195 3242 rator
227 3185 260 3242 et
284 3180 510 3262 procuratorio
538 3179 666 3244 nomine
694 3177 772 3242 dicti
799 3177 919 3245 domini
946 3178 1056 3262 Regia,
1082 3198 1231 3244 necnon

1 3336 2 3378 3
103 3287 204 3350 eciam
222 3308 280 3351 suo
298 3288 432 3369 proprio
450 3292 483 3351 et
499 3286 626 3369 privato
649 3288 776 3352 nomine
794 3309 827 3352 se
853 3285 1037 3368 obligando,
1053 3286 1159 3352 dictus
1176 3287 1231 3353 ‹lo-

1 3389 2 3398 ’
104 3395 211 3459 minus
228 3393 253 3459 J
255 3395 406 3475 channae,
423 3401 454 3458 et
471 3395 617 3477 quolibet
632 3395 795 3461 dictorum
812 3398 978 3462 nominum
991 3386 1029 3460 'in
1045 3395 1183 3461 solidum
1199 3403 1232 3461 et

1 3504 2 3590 J
103 3501 135 3564 in
151 3506 259 3566 totum
275 3523 308 3567 se
326 3503 502 3588 obligando
526 3523 585 3585 pru
611 3501 834 3589 infrascriptis
860 3503 1009 3571 omnibus
1036 3508 1069 3570 et
1095 3504 1231 3584 singulis

1 3607 2 3624 ¹
104 3609 321 3692 observandis
338 3612 554 3695 stipulacione
581 3612 738 3696 solempni
756 3614 906 3698 promisit
923 3620 955 3680 et
971 3612 1121 3679 convenit
1136 3612 1232 3677 dictis

105 3716 243 3782 Sindieis
260 3725 294 3785 et
310 3717 599 3786 Ambaxiatoribus
616 3721 822 3805 presentibus
839 3728 873 3786 et
888 3720 1121 3804 stipulantibus
1137 3725 1170 3784 et
1185 3741 1233 3785 re·

104 3826 296 3910 cipientibus
312 3829 496 3894 nominibus
513 3829 697 3909 antedictis,
711 3852 745 3895 se
756 3829 918 3894 facturum
935 3835 966 3892 et
984 3835 1182 3906 curaturum,
1197 3834 1230 3891 et

105 3935 190 4018 quod
205 3935 306 4002 faciet
322 3943 355 4002 et
379 3937 506 4003 curabit
531 3939 580 4004 ita
596 3946 630 4004 et
645 3939 756 4004 taliter
782 3961 853 4003 cum
880 3937 994 4002 efiectu
1023 3935 1108 4000 infra
1132 3955 1231 3999 unum

104 4066 223 4109 annum
239 4045 384 4128 proxime
402 4051 597 4126 secuturum,
613 4047 700 4130 quod
719 4045 952 4112 Sanctissimus
969 4046 1002 4109 in
1020 4041 1152 4108 Christo
1168 4041 1231 4106 Pa·

104 4159 154 4216 ter
169 4159 202 4216 at
217 4155 378 4219 Dominus
396 4153 545 4220 dominus
571 4153 726 4219 Urbanus
750 4154 874 4218 Diuina
899 4151 1110 4237 prouidencia
1136 4151 1231 4233 Papa

108 4256 233 4342 Sextus
250 4261 300 4325 rel
319 4263 388 4326 eius
405 4283 574 4327 successor
589 4263 793 4346 cumputabit
811 4269 843 4328 et
858 4284 918 4346 pro
945 4267 1111 4343 receptum
1137 4259 1232 4324 habe·

107 4367 205 4433 bitin
221 4373 327 4434 totum
344 4368 394 4433 vel
411 4371 443 4432 in
461 4375 587 4453 partem
605 4369 690 4435 inira
706 4371 827 4437 (lictum
852 4378 979 4453 tempus
995 4369 1028 4432 in
1045 4369 1231 4451 quantitate

107 4483 136 4541 et
152 4499 285 4558 summa,
302 4498 398 4559 quam
425 4476 545 4542 dicitur
562 4479 683 4544 dictum
711 4479 889 4546 Commune
915 4478 1086 4544 Florencic
1112 4475 1231 4540 debers

105 4585 165 4666 ipsi
181 4583 312 4648 dominc
332 4583 421 4668 Papa
438 4591 471 4649 et
488 4583 607 4650 Sancte
623 4586 770 4652 Romane
787 4586 932 4652 Ecclesia
949 4586 1116 4650 occasions
1142 4587 1231 4668 pacis
