3226 5254
380 447 448 512 334
735 463 970 512 nmnouaozm
986 451 1153 510 umarus.

380 625 552 708 irruentes,
568 623 847 709 tumultuaricquc
863 643 1047 709 congressu,
1063 629 1196 709 recepta
1211 623 1315 708 preda
1333 623 1468 707 pariter
1484 629 1526 688 et

384 732 529 816 captivis,
544 731 630 798 inter
644 752 727 816 quos
744 739 793 797 est
808 730 925 798 Ocmes
941 733 1113 799 Johannes
1138 731 1180 797 de
1203 729 1382 811 Barhiano,
1401 728 1522 796 hostes

381 837 585 906 retrocedere
601 837 835 922 compulerrmt.
852 838 1022 904 Hactenus
1039 837 1098 903 hec
1121 857 1195 902 cum
1209 837 1282 902 istis
1306 843 1402 919 gesta
1419 847 1499 902 sunt
1516 864 1526 920 ;

382 952 416 1013 et
441 951 597 1030 quoniam
622 947 741 1012 scimus
760 947 822 1013 heo
846 947 957 1014 omnia
982 968 1041 1031 per
1066 945 1232 1012 dominum
1248 943 1454 1012 Jannoctum
1480 949 1522 1012 in

382 1053 502 1123 Vestra
517 1053 706 1138 Majestatis
723 1053 973 1139 displicentiam,
983 1061 1017 1120 et
1026 1061 1140 1120 contra
1155 1054 1359 1120 voluntatem
1374 1060 1409 1120 et
1423 1076 1527 1122 man·

382 1162 463 1230 data
477 1163 598 1248 prefati
613 1162 737 1230 domini
754 1163 873 1230 Karoli
888 1162 1080 1243 machinari,
1096 1183 1155 1228 nos
1170 1162 1214 1228 ad
1233 1165 1523 1248 oppugnationem

381 1270 603 1354 predictarum
619 1271 766 1354 gentium
782 1270 816 1336 in
831 1271 1011 1355 potentiori
1025 1269 1163 1336 brachio
1182 1291 1406 1354 properamus,
1437 1293 1516 1336 nos-

382 1385 451 1444 tras
461 1377 687 1463 propulsemus
703 1378 850 1462 iniurias,
860 1385 893 1444 et
902 1377 1046 1444 eiusdem
1060 1377 1224 1462 Principis
1234 1379 1400 1458 honorem,
1418 1399 1521 1461 quem

380 1484 466 1549 idem
483 1484 630 1550 dominus
646 1485 827 1551 Jannottus
854 1491 906 1550 tot
921 1490 955 1548 et
970 1484 1074 1550 tantis
1090 1475 1227 1550 conatur
1244 1485 1421 1568 denigrare
1448 1508 1520 1552 ma-

382 1593 463 1659 culis
479 1593 683 1658 ulciscamur.
698 1591 770 1658 Nec
779 1598 873 1677 putet
883 1591 1007 1659 Vestra
1023 1591 1223 1677 Sublimitas,
1238 1614 1296 1660 uos
1312 1599 1390 1658 ante
1407 1615 1523 1659 rernm

381 1703 519 1768 istarum
535 1709 683 1768 eventum
699 1708 817 1768 cuncta
832 1701 976 1768 remedia
993 1723 1058 1767 uon
1074 1702 1228 1786 quesisse.
1252 1700 1406 1767 Misimus
1429 1704 1521 1767 cuim

384 1808 543 1876 solemnes
558 1816 706 1876 oratores
722 1809 764 1876 ad
780 1809 872 1874 illum
887 1815 1128 1893 persecutorem
1153 1815 1300 1875 nostrum
1318 1830 1391 1874 cum
1407 1811 1443 1874 in
1462 1809 1522 1875 So-

383 1918 530 1984 nensium
548 1917 672 1982 sinibus
698 1921 892 1998 moraretur,
908 1937 967 2000 per
992 1937 1074 2001 quos
1100 1923 1237 1982 narrata
1262 1915 1322 1982 fuit
1347 1923 1430 1982 nota
1453 1918 1523 1982 sibi

383 2034 496 2094 nostra
511 2027 644 2094 devocio
659 2026 704 2093 ad
720 2025 842 2096 Vestro
855 2023 1049 2092 serenitatis
1064 2025 1334 2109 gloriosissimam
1350 2025 1519 2110 Majesta-

383 2141 466 2218 tem3
485 2135 747 2220 explicatamque
771 2132 897 2218 deinde,
913 2139 1070 2219 quantum
1089 2135 1269 2201 reverentie
1285 2133 1329 2200 ad
1344 2132 1515 2217 profatum

384 2242 548 2308 dominum
573 2241 736 2309 Karolum
752 2241 955 2322 haberemus,
971 2247 1004 2306 ct
1019 2241 1124 2309 modis
1141 2241 1290 2308 omnibus
1306 2264 1372 2326 pax
1387 2248 1420 2308 ct
1437 2261 1515 2306 con-

383 2350 495 2416 cordia
511 2357 696 2435 procurata.
712 2348 778 2417 Sed
794 2351 851 2416 illo
867 2370 1003 2434 semper,
1020 2351 1173 2417 simulata
1197 2358 1315 2432 mente,
1340 2350 1517 2432 verbisque

382 2457 544 2524 mellifluis
570 2458 804 2543 respopdcndc,
829 2457 982 2542 fingendo
1007 2479 1042 2523 se
1067 2457 1196 2542 longius
1212 2460 1271 2540 ire,
1298 2457 1463 2540 verboque
1480 2479 1517 2522 sc

383 2566 520 2632 amicum
536 2566 719 2648 ostendens,
734 2565 869 2631 realiter
884 2564 1093 2634 concordiam
1102 2567 1213 2632 multis
1231 2567 1518 2651 tergiversationi-

381 2674 442 2740 bus
457 2677 630 2758 recusavit,
645 2680 682 2740 ut
697 2674 905 2754 arbitramur,
921 2693 978 2759 spe
993 2696 1079 2741 vana
1095 2675 1227 2742 delusus
1241 2700 1247 2757 ;
1263 2681 1379 2760 utpote
1395 2676 1452 2758 qui
1469 2675 1513 2737 si-

384 2784 487 2849 bimet
501 2781 678 2848 certissime
694 2781 915 2866 persuaderet,
931 2781 1017 2848 huno
1031 2783 1186 2866 populum
1203 2784 1277 2849 illos
1293 2785 1513 2866 paucissimos

381 2891 517 2958 rebelles
533 2896 567 2957 et
591 2892 701 2957 exules
718 2891 850 2956 summis
874 2890 1045 2956 desideriis
1072 2901 1244 2976 exoptare,
1269 2893 1366 2976 quive
1386 2893 1517 2973 credat,

384 2998 459 3065 illos
476 2997 544 3065 fore
560 3005 709 3082 potentes
725 2998 759 3062 in
774 2999 891 3082 patria,
907 3018 989 3081 quos
1015 2998 1164 3065 omnibus
1189 2997 1320 3066 odiosos
1345 3021 1412 3064 non
1437 3020 1516 3064 con-

383 3107 489 3175 traria
504 3106 612 3189 factio,
627 3127 701 3187 nou,
712 3111 750 3170 ut
759 3111 919 3187 asserunt,
934 3126 1113 3190 paucorum
1128 3128 1253 3189 manus,
1269 3108 1325 3173 scd
1342 3109 1518 3173 universus

382 3213 521 3299 populus
538 3213 671 3297 expulit,
687 3219 720 3278 et
735 3235 795 3297 pro
811 3215 923 3299 quiete
933 3215 1143 3280 suamaxima
1153 3215 1327 3280 concordia
1342 3216 1518 3300 relegavit.

383 3323 456 3388 Hec
470 3323 592 3404 itaque,
607 3321 838 3406 benignissime
855 3323 1022 3407 Princeps,
1039 3321 1161 3391 Vestre
1172 3322 1345 3408 MaJestati
1360 3325 1518 3390 duximus

384 3430 585 3515 explicanda,
611 3437 649 3496 ut
674 3433 701 3496 si
726 3451 785 3498 nos
811 3453 883 3498 oum
909 3432 1084 3498 antedictis
1100 3431 1264 3516 pestiferis
1280 3433 1432 3514 gentibus
1448 3433 1520 3498 bel-

383 3536 450 3602 lum
466 3558 581 3620 gerere
597 3537 709 3604 forsan
734 3538 886 3618 audierit,
911 3539 1022 3606 videat
1037 3538 1146 3622 Regia
1171 3537 1343 3605 Celsitudc
1369 3539 1521 3608 devotio-

384 3665 457 3710 nem
475 3651 620 3710 nostram
635 3666 701 3711 non
716 3647 813 3730 ultro,
840 3647 896 3713 sed
912 3646 1081 3732 deceptam
1098 3648 1378 3731 promissionibus,
1394 3650 1520 3716 multis·

385 3775 449 3839 que
465 3752 649 3820 lacessitam
658 3755 787 3839 injuriis
798 3777 892 3821 arma
906 3758 1063 3839 movisse;
1080 3764 1113 3822 et
1128 3763 1166 3822 ut
1183 3758 1288 3841 possit
1303 3755 1427 3826 Vestra
1443 3758 1520 3825 Olc-

383 3863 515 3943 mcntia,
531 3863 616 3928 siout
633 3885 809 3948 speramus,
824 3865 928 3932 hostis
944 3866 1048 3932 nostri
1063 3867 1259 3949 proterviam
1279 3866 1386 3950 Regio
1403 3866 1516 3934 edicto

384 3972 606 4055 comprimere,
622 3978 655 4036 et
669 3973 704 4036 in
719 3973 787 4038 eius
802 3979 902 4058 caput
917 3980 1037 4058 parata
1046 3973 1142 4040 nobis
1151 3974 1300 4059 pericula
1309 3981 1513 4060 retorquere,

384 4078 534 4160 quamuis
550 4085 680 4146 tantam
695 4079 838 4148 fovemus
854 4103 894 4148 cx
913 4087 1009 4166 parte
1025 4088 1141 4148 nostra
1165 4084 1339 4165 iusticiam,
1355 4087 1514 4168 tantique

384 4185 512 4252 roboris
528 4185 663 4253 fecimus
679 4195 881 4273 apparatum,
898 4191 987 4274 quod
1008 4211 1098 4275 spem
1124 4198 1249 4258 certam
1273 4194 1462 4277 reponimus
1477 4197 1517 4261 in

374 4294 525 4380 vDomino
542 4294 614 4361 Dec
631 4294 787 4380 Sabaoth,
804 4321 863 4364 nos
881 4299 971 4365 illum
988 4322 1061 4366 cum
1079 4300 1231 4367 omnibus
1255 4303 1359 4386 copiis
1375 4305 1443 4369 suis
1459 4305 1518 4370 de-

382 4404 461 4470 bere
477 4424 598 4488 magna
614 4425 688 4471 cum
703 4407 811 4491 gloria
825 4407 915 4475 felici
932 4431 1042 4494 pugna
1067 4409 1275 4494 confundere,
1292 4416 1326 4476 et
1350 4411 1462 4479 Marta
1476 4414 1520 4497 ju

383 4513 452 4579 dice
470 4513 591 4579 viribus
606 4515 720 4596 nostri,
736 4537 832 4600 quem
847 4517 1045 4600 ordinamus,
1061 4519 1223 4586 exerictus
1234 4541 1400 4606 superare.
1418 4521 1516 4590 Cete-

380 4645 454 4689 rum
469 4645 567 4709 super
583 4623 646 4688 hac
676 4626 817 4691 materia
832 4632 865 4693 et
879 4626 962 4709 aliis,
987 4626 1159 4694 confestim
1183 4634 1311 4696 nostros
1336 4633 1515 4700 transmit·
