<?xml version="1.0" encoding="UTF-8"?>
<!DOCTYPE html PUBLIC "-//W3C//DTD XHTML 1.0 Transitional//EN"
    "http://www.w3.org/TR/xhtml1/DTD/xhtml1-transitional.dtd">
<html xmlns="http://www.w3.org/1999/xhtml" xml:lang="en" lang="en">
 <head>
  <title>
</title>
<meta http-equiv="Content-Type" content="text/html;charset=utf-8" />
  <meta name='ocr-system' content='tesseract 3.04.00' />
  <meta name='ocr-capabilities' content='ocr_page ocr_carea ocr_par ocr_line ocrx_word'/>
</head>
<body>
  <div class='ocr_page' id='page_1' title='image "./magyardiplomacz00wenzgoog_0787.png"; bbox 0 0 3248 5242; ppageno 0'>
   <div class='ocr_carea' id='block_1_1' title="bbox 638 400 732 473">
    <p class='ocr_par' dir='ltr' id='par_1_1' title="bbox 638 400 732 473">
     <span class='ocr_line' id='line_1_1' title="bbox 638 400 732 473; baseline -0.032 0"><span class='ocrx_word' id='word_1_1' title='bbox 638 400 732 473; x_wconf 78' lang='grc'>1396.</span> 
     </span>
    </p>
   </div>
   <div class='ocr_carea' id='block_1_2' title="bbox 636 718 711 779">
    <p class='ocr_par' dir='ltr' id='par_1_2' title="bbox 636 718 711 779">
     <span class='ocr_line' id='line_1_2' title="bbox 636 718 711 779; baseline 0.013 -1"><span class='ocrx_word' id='word_1_2' title='bbox 636 718 711 779; x_wconf 84' lang='grc'>480.</span> 
     </span>
    </p>
   </div>
   <div class='ocr_carea' id='block_1_3' title="bbox 102 879 1238 1049">
    <p class='ocr_par' dir='ltr' id='par_1_3' title="bbox 102 879 1238 1049">
     <span class='ocr_line' id='line_1_3' title="bbox 102 879 1238 968; baseline 0 -24"><span class='ocrx_word' id='word_1_3' title='bbox 102 881 232 966; x_wconf 73' lang='lat' dir='ltr'>Heduip</span> <span class='ocrx_word' id='word_1_4' title='bbox 248 879 370 965; x_wconf 75' lang='lat' dir='ltr'>lenqyel</span> <span class='ocrx_word' id='word_1_5' title='bbox 386 879 610 962; x_wconf 69' lang='lat' dir='ltr'>luira&#39;lyocaalo</span> <span class='ocrx_word' id='word_1_6' title='bbox 637 879 828 964; x_wconf 76' lang='lat' dir='ltr'>adorrcdnyo</span> <span class='ocrx_word' id='word_1_7' title='bbox 857 880 951 964; x_wconf 72' lang='lat' dir='ltr'>oppilo</span> <span class='ocrx_word' id='word_1_8' title='bbox 977 881 1101 944; x_wconf 74' lang='lat' dir='ltr'>cocleari</span> <span class='ocrx_word' id='word_1_9' title='bbox 1128 882 1238 968; x_wconf 74' lang='lat' dir='ltr'>lrb&#39;lqye</span> 
     </span>
     <span class='ocr_line' id='line_1_4' title="bbox 537 987 814 1049; baseline -0.004 -1"><span class='ocrx_word' id='word_1_10' title='bbox 537 989 697 1049; x_wconf 75' lang='lat' dir='ltr'>szctmctrc.</span> <span class='ocrx_word' id='word_1_11' title='bbox 717 987 814 1049; x_wconf 76' lang='lat'><strong><em>1396.</em></strong></span> 
     </span>
    </p>
   </div>
   <div class='ocr_carea' id='block_1_4' title="bbox 101 1145 1241 2748">
    <p class='ocr_par' dir='ltr' id='par_1_4' title="bbox 101 1145 1241 2748">
     <span class='ocr_line' id='line_1_5' title="bbox 213 1145 1240 1230; baseline 0.001 -17"><span class='ocrx_word' id='word_1_12' title='bbox 213 1147 374 1230; x_wconf 86' lang='lat' dir='ltr'>Hedvigis</span> <span class='ocrx_word' id='word_1_13' title='bbox 391 1146 455 1211; x_wconf 87' lang='lat' dir='ltr'>Dei</span> <span class='ocrx_word' id='word_1_14' title='bbox 473 1146 587 1229; x_wconf 82' lang='lat' dir='ltr'>gracia</span> <span class='ocrx_word' id='word_1_15' title='bbox 603 1146 735 1229; x_wconf 90' lang='lat' dir='ltr'>Regina</span> <span class='ocrx_word' id='word_1_16' title='bbox 752 1145 889 1211; x_wconf 87' lang='lat' dir='ltr'>Polonie</span> <span class='ocrx_word' id='word_1_17' title='bbox 915 1148 976 1213; x_wconf 86' lang='lat' dir='ltr'>stb.</span> <span class='ocrx_word' id='word_1_18' title='bbox 994 1147 1080 1230; x_wconf 88' lang='lat' dir='ltr'>quod</span> <span class='ocrx_word' id='word_1_19' title='bbox 1097 1147 1240 1214; x_wconf 87' lang='lat' dir='ltr'>conside-</span> 
     </span>
     <span class='ocr_line' id='line_1_6' title="bbox 104 1253 1236 1338; baseline -0.001 -16"><span class='ocrx_word' id='word_1_20' title='bbox 104 1257 187 1322; x_wconf 83' lang='lat' dir='ltr'><strong>ratis</strong></span> <span class='ocrx_word' id='word_1_21' title='bbox 204 1255 353 1320; x_wconf 88' lang='lat' dir='ltr'>fidolibus</span> <span class='ocrx_word' id='word_1_22' title='bbox 381 1253 545 1336; x_wconf 86' lang='lat' dir='ltr'>obsequiis</span> <span class='ocrx_word' id='word_1_23' title='bbox 570 1253 664 1319; x_wconf 90' lang='lat' dir='ltr'>nobis</span> <span class='ocrx_word' id='word_1_24' title='bbox 682 1275 740 1338; x_wconf 87' lang='lat' dir='ltr'>per</span> <span class='ocrx_word' id='word_1_25' title='bbox 759 1255 947 1320; x_wconf 83' lang='lat' dir='ltr'>Formosam</span> <span class='ocrx_word' id='word_1_26' title='bbox 963 1254 1003 1320; x_wconf 86' lang='lat' dir='ltr'>de</span> <span class='ocrx_word' id='word_1_27' title='bbox 1021 1258 1236 1338; x_wconf 82' lang='lat' dir='ltr'>Wanczwnia,</span> 
     </span>
     <span class='ocr_line' id='line_1_7' title="bbox 103 1359 1241 1446; baseline 0 -18"><span class='ocrx_word' id='word_1_28' title='bbox 103 1366 276 1446; x_wconf 87' lang='lat' dir='ltr'>coniugem</span> <span class='ocrx_word' id='word_1_29' title='bbox 294 1361 443 1427; x_wconf 84' lang='lat' dir='ltr'>videlicet</span> <span class='ocrx_word' id='word_1_30' title='bbox 461 1359 618 1427; x_wconf 84' lang='lat' dir='ltr'>Stanislai</span> <span class='ocrx_word' id='word_1_31' title='bbox 648 1359 822 1441; x_wconf 85' lang='lat' dir='ltr'>Gamrath‚</span> <span class='ocrx_word' id='word_1_32' title='bbox 838 1361 923 1427; x_wconf 90' lang='lat' dir='ltr'>alias</span> <span class='ocrx_word' id='word_1_33' title='bbox 939 1363 1079 1446; x_wconf 81' lang='lat' dir='ltr'>puellam</span> <span class='ocrx_word' id='word_1_34' title='bbox 1095 1371 1241 1430; x_wconf 85' lang='lat' dir='ltr'>nostram</span> 
     </span>
     <span class='ocr_line' id='line_1_8' title="bbox 105 1468 1241 1554; baseline -0.001 -18"><span class='ocrx_word' id='word_1_35' title='bbox 105 1473 287 1536; x_wconf 88' lang='lat' dir='ltr'>curiensem</span> <span class='ocrx_word' id='word_1_36' title='bbox 305 1469 450 1535; x_wconf 86' lang='lat' dir='ltr'>studiose</span> <span class='ocrx_word' id='word_1_37' title='bbox 467 1470 628 1550; x_wconf 87' lang='lat' dir='ltr'>exhibitis,</span> <span class='ocrx_word' id='word_1_38' title='bbox 640 1471 716 1533; x_wconf 91' lang='lat' dir='ltr'>etin</span> <span class='ocrx_word' id='word_1_39' title='bbox 727 1476 894 1554; x_wconf 89' lang='lat' dir='ltr'>posterum</span> <span class='ocrx_word' id='word_1_40' title='bbox 911 1468 1111 1554; x_wconf 84' lang='lat' dir='ltr'>exhibendis,</span> <span class='ocrx_word' id='word_1_41' title='bbox 1128 1478 1162 1537; x_wconf 87' lang='lat' dir='ltr'>et</span> <span class='ocrx_word' id='word_1_42' title='bbox 1177 1493 1241 1537; x_wconf 93' lang='lat' dir='ltr'>non</span> 
     </span>
     <span class='ocr_line' id='line_1_9' title="bbox 105 1579 1240 1646; baseline 0 -1"><span class='ocrx_word' id='word_1_43' title='bbox 105 1581 216 1646; x_wconf 88' lang='lat' dir='ltr'>minus</span> <span class='ocrx_word' id='word_1_44' title='bbox 236 1581 379 1645; x_wconf 79' lang='lat' dir='ltr'><strong>venustis</strong></span> <span class='ocrx_word' id='word_1_45' title='bbox 405 1584 438 1642; x_wconf 92' lang='lat' dir='ltr'>ct</span> <span class='ocrx_word' id='word_1_46' title='bbox 465 1579 614 1644; x_wconf 75' lang='lat' dir='ltr'>virtuosis</span> <span class='ocrx_word' id='word_1_47' title='bbox 641 1579 710 1643; x_wconf 86' lang='lat' dir='ltr'>eius</span> <span class='ocrx_word' id='word_1_48' title='bbox 733 1582 983 1645; x_wconf 87' lang='lat' dir='ltr'>conuersacione</span> <span class='ocrx_word' id='word_1_49' title='bbox 999 1587 1032 1644; x_wconf 89' lang='lat' dir='ltr'>et</span> <span class='ocrx_word' id='word_1_50' title='bbox 1046 1580 1191 1646; x_wconf 87' lang='lat' dir='ltr'>moribus</span> <span class='ocrx_word' id='word_1_51' title='bbox 1207 1583 1240 1645; x_wconf 92' lang='lat' dir='ltr'>in</span> 
     </span>
     <span class='ocr_line' id='line_1_10' title="bbox 103 1685 1239 1770; baseline 0.001 -18"><span class='ocrx_word' id='word_1_52' title='bbox 103 1694 218 1752; x_wconf 88' lang='lat' dir='ltr'>nostro</span> <span class='ocrx_word' id='word_1_53' title='bbox 250 1695 425 1770; x_wconf 88' lang='lat' dir='ltr'>conspectu</span> <span class='ocrx_word' id='word_1_54' title='bbox 452 1685 578 1769; x_wconf 88' lang='lat' dir='ltr'>placide</span> <span class='ocrx_word' id='word_1_55' title='bbox 617 1687 769 1770; x_wconf 78' lang='lat' dir='ltr'>acceptis,</span> <span class='ocrx_word' id='word_1_56' title='bbox 800 1687 924 1752; x_wconf 87' lang='lat' dir='ltr'>solicite</span> <span class='ocrx_word' id='word_1_57' title='bbox 950 1689 1102 1769; x_wconf 80' lang='lat' dir='ltr'>attentis3</span> <span class='ocrx_word' id='word_1_58' title='bbox 1136 1688 1239 1754; x_wconf 84' lang='lat' dir='ltr'>eidem</span> 
     </span>
     <span class='ocr_line' id='line_1_11' title="bbox 105 1792 1239 1881; baseline 0.001 -20"><span class='ocrx_word' id='word_1_59' title='bbox 105 1797 266 1862; x_wconf 77' lang='lat' dir='ltr'>Formosa</span> <span class='ocrx_word' id='word_1_60' title='bbox 292 1796 407 1860; x_wconf 91' lang='lat' dir='ltr'>horum</span> <span class='ocrx_word' id='word_1_61' title='bbox 434 1792 699 1860; x_wconf 81' lang='lat' dir='ltr'>consideracione</span> <span class='ocrx_word' id='word_1_62' title='bbox 728 1796 871 1878; x_wconf 85' lang='lat' dir='ltr'>graciam</span> <span class='ocrx_word' id='word_1_63' title='bbox 888 1795 1030 1861; x_wconf 83' lang='lat' dir='ltr'>volentes</span> <span class='ocrx_word' id='word_1_64' title='bbox 1047 1794 1153 1862; x_wconf 86' lang='lat' dir='ltr'>facere</span> <span class='ocrx_word' id='word_1_65' title='bbox 1170 1818 1239 1881; x_wconf 88' lang='lat' dir='ltr'>spe-</span> 
     </span>
     <span class='ocr_line' id='line_1_12' title="bbox 104 1904 1240 1988; baseline 0.002 -20"><span class='ocrx_word' id='word_1_66' title='bbox 104 1904 231 1986; x_wconf 75' lang='lat' dir='ltr'>cialem,</span> <span class='ocrx_word' id='word_1_67' title='bbox 249 1904 309 1970; x_wconf 93' lang='lat' dir='ltr'>sibi</span> <span class='ocrx_word' id='word_1_68' title='bbox 326 1911 455 1969; x_wconf 89' lang='lat' dir='ltr'>centum</span> <span class='ocrx_word' id='word_1_69' title='bbox 483 1904 722 1987; x_wconf 79' lang='lat' dir='ltr'>quinquaginta</span> <span class='ocrx_word' id='word_1_70' title='bbox 747 1923 873 1969; x_wconf 85' lang='lat' dir='ltr'>marcas</span> <span class='ocrx_word' id='word_1_71' title='bbox 890 1924 1078 1986; x_wconf 90' lang='lat' dir='ltr'>grossorum</span> <span class='ocrx_word' id='word_1_72' title='bbox 1095 1904 1240 1988; x_wconf 80' lang='lat' dir='ltr'>Progen-</span> 
     </span>
     <span class='ocr_line' id='line_1_13' title="bbox 105 2011 1238 2093; baseline 0 -17"><span class='ocrx_word' id='word_1_73' title='bbox 105 2014 189 2077; x_wconf 86' lang='lat' dir='ltr'>sium</span> <span class='ocrx_word' id='word_1_74' title='bbox 208 2012 332 2076; x_wconf 90' lang='lat' dir='ltr'>numeri</span> <span class='ocrx_word' id='word_1_75' title='bbox 347 2011 546 2078; x_wconf 89' lang='lat' dir='ltr'>Polonicalis</span> <span class='ocrx_word' id='word_1_76' title='bbox 563 2011 716 2093; x_wconf 83' lang='lat' dir='ltr'>consueti,</span> <span class='ocrx_word' id='word_1_77' title='bbox 728 2011 795 2075; x_wconf 87' lang='lat' dir='ltr'>XL</span> <span class='ocrx_word' id='word_1_78' title='bbox 806 2017 879 2076; x_wconf 88' lang='lat' dir='ltr'>octo</span> <span class='ocrx_word' id='word_1_79' title='bbox 896 2032 1028 2093; x_wconf 89' lang='lat' dir='ltr'>grossos</span> <span class='ocrx_word' id='word_1_80' title='bbox 1044 2012 1078 2076; x_wconf 91' lang='lat' dir='ltr'>in</span> <span class='ocrx_word' id='word_1_81' title='bbox 1096 2033 1238 2078; x_wconf 88' lang='lat' dir='ltr'>maroam</span> 
     </span>
     <span class='ocr_line' id='line_1_14' title="bbox 105 2119 1238 2205; baseline -0.002 -18"><span class='ocrx_word' id='word_1_82' title='bbox 105 2119 288 2204; x_wconf 81' lang='lat' dir='ltr'>quamlibet</span> <span class='ocrx_word' id='word_1_83' title='bbox 312 2122 544 2204; x_wconf 87' lang='lat' dir='ltr'>computando,</span> <span class='ocrx_word' id='word_1_84' title='bbox 560 2122 593 2185; x_wconf 92' lang='lat' dir='ltr'>in</span> <span class='ocrx_word' id='word_1_85' title='bbox 610 2127 642 2185; x_wconf 90' lang='lat' dir='ltr'>et</span> <span class='ocrx_word' id='word_1_86' title='bbox 657 2143 754 2205; x_wconf 90' lang='lat' dir='ltr'>super</span> <span class='ocrx_word' id='word_1_87' title='bbox 770 2120 846 2184; x_wconf 89' lang='lat' dir='ltr'>villa</span> <span class='ocrx_word' id='word_1_88' title='bbox 867 2127 980 2186; x_wconf 87' lang='lat' dir='ltr'>nostra</span> <span class='ocrx_word' id='word_1_89' title='bbox 996 2119 1189 2187; x_wconf 78' lang='lat' dir='ltr'>Trcziencna</span> <span class='ocrx_word' id='word_1_90' title='bbox 1205 2125 1238 2185; x_wconf 91' lang='lat' dir='ltr'>in</span> 
     </span>
     <span class='ocr_line' id='line_1_15' title="bbox 101 2227 1238 2313; baseline -0.003 -17"><span class='ocrx_word' id='word_1_91' title='bbox 101 2231 269 2296; x_wconf 88' lang='lat' dir='ltr'>Districtu</span> <span class='ocrx_word' id='word_1_92' title='bbox 296 2230 446 2296; x_wconf 89' lang='lat' dir='ltr'>Biecensi</span> <span class='ocrx_word' id='word_1_93' title='bbox 474 2230 548 2309; x_wconf 88' lang='lat' dir='ltr'>sita,</span> <span class='ocrx_word' id='word_1_94' title='bbox 573 2230 703 2294; x_wconf 88' lang='lat' dir='ltr'>racione</span> <span class='ocrx_word' id='word_1_95' title='bbox 729 2228 815 2293; x_wconf 87' lang='lat' dir='ltr'>dotis</span> <span class='ocrx_word' id='word_1_96' title='bbox 835 2227 1039 2313; x_wconf 89' lang='lat' dir='ltr'>donauimus,</span> <span class='ocrx_word' id='word_1_97' title='bbox 1055 2231 1238 2312; x_wconf 84' lang='lat' dir='ltr'>assignari·</span> 
     </span>
     <span class='ocr_line' id='line_1_16' title="bbox 103 2335 1239 2420; baseline -0.001 -18"><span class='ocrx_word' id='word_1_98' title='bbox 103 2360 188 2419; x_wconf 87' lang='lat' dir='ltr'>mus,</span> <span class='ocrx_word' id='word_1_99' title='bbox 205 2359 243 2402; x_wconf 85' lang='lat' dir='ltr'>ac</span> <span class='ocrx_word' id='word_1_100' title='bbox 261 2336 375 2402; x_wconf 88' lang='lat' dir='ltr'>damus</span> <span class='ocrx_word' id='word_1_101' title='bbox 402 2343 434 2402; x_wconf 86' lang='lat' dir='ltr'>et</span> <span class='ocrx_word' id='word_1_102' title='bbox 462 2338 666 2420; x_wconf 82' lang='lat' dir='ltr'>assignamus</span> <span class='ocrx_word' id='word_1_103' title='bbox 683 2359 741 2418; x_wconf 92' lang='lat' dir='ltr'>per</span> <span class='ocrx_word' id='word_1_104' title='bbox 758 2343 925 2420; x_wconf 79' lang='lat' dir='ltr'>presentes</span> <span class='ocrx_word' id='word_1_105' title='bbox 943 2337 1005 2401; x_wconf 93' lang='lat' dir='ltr'>hoc</span> <span class='ocrx_word' id='word_1_106' title='bbox 1021 2335 1127 2420; x_wconf 86' lang='lat' dir='ltr'>mod0,</span> <span class='ocrx_word' id='word_1_107' title='bbox 1151 2337 1239 2420; x_wconf 91' lang='lat' dir='ltr'>quod</span> 
     </span>
     <span class='ocr_line' id='line_1_17' title="bbox 103 2445 1239 2529; baseline 0 -21"><span class='ocrx_word' id='word_1_108' title='bbox 103 2446 179 2529; x_wconf 87' lang='lat' dir='ltr'>ipso</span> <span class='ocrx_word' id='word_1_109' title='bbox 195 2445 364 2527; x_wconf 81' lang='lat' dir='ltr'>Formosa,</span> <span class='ocrx_word' id='word_1_110' title='bbox 390 2452 424 2512; x_wconf 86' lang='lat' dir='ltr'>ct</span> <span class='ocrx_word' id='word_1_111' title='bbox 449 2445 585 2510; x_wconf 88' lang='lat' dir='ltr'>heredes</span> <span class='ocrx_word' id='word_1_112' title='bbox 602 2447 651 2510; x_wconf 91' lang='lat' dir='ltr'>sui</span> <span class='ocrx_word' id='word_1_113' title='bbox 669 2465 934 2528; x_wconf 85' lang='lat' dir='ltr'>successoresque</span> <span class='ocrx_word' id='word_1_114' title='bbox 951 2447 1087 2528; x_wconf 77' lang='lat' dir='ltr'>legitimi</span> <span class='ocrx_word' id='word_1_115' title='bbox 1106 2445 1239 2511; x_wconf 87' lang='lat' dir='ltr'>eandem</span> 
     </span>
     <span class='ocr_line' id='line_1_18' title="bbox 102 2553 1237 2639; baseline 0 -21"><span class='ocrx_word' id='word_1_116' title='bbox 102 2555 215 2619; x_wconf 84' lang='lat' dir='ltr'>villam</span> <span class='ocrx_word' id='word_1_117' title='bbox 232 2553 428 2620; x_wconf 78' lang='lat' dir='ltr'>Trozicncna</span> <span class='ocrx_word' id='word_1_118' title='bbox 445 2577 518 2620; x_wconf 91' lang='lat' dir='ltr'>cum</span> <span class='ocrx_word' id='word_1_119' title='bbox 535 2555 685 2620; x_wconf 88' lang='lat' dir='ltr'>omnibus</span> <span class='ocrx_word' id='word_1_120' title='bbox 702 2555 804 2637; x_wconf 90' lang='lat' dir='ltr'>ipsius</span> <span class='ocrx_word' id='word_1_121' title='bbox 816 2561 848 2619; x_wconf 86' lang='lat' dir='ltr'>et</span> <span class='ocrx_word' id='word_1_122' title='bbox 858 2555 997 2639; x_wconf 90' lang='lat' dir='ltr'>singulis</span> <span class='ocrx_word' id='word_1_123' title='bbox 1008 2555 1158 2621; x_wconf 89' lang='lat' dir='ltr'>censibus</span> <span class='ocrx_word' id='word_1_124' title='bbox 1175 2554 1237 2618; x_wconf 92' lang='lat' dir='ltr'>stb.</span> 
     </span>
     <span class='ocr_line' id='line_1_19' title="bbox 102 2661 1238 2748; baseline 0.001 -24"><span class='ocrx_word' id='word_1_125' title='bbox 102 2661 274 2745; x_wconf 85' lang='lat' dir='ltr'>tenebunt,</span> <span class='ocrx_word' id='word_1_126' title='bbox 300 2662 513 2747; x_wconf 81' lang='lat' dir='ltr'>possidebunt</span> <span class='ocrx_word' id='word_1_127' title='bbox 539 2664 600 2729; x_wconf 86' lang='lat' dir='ltr'>stb.</span> <span class='ocrx_word' id='word_1_128' title='bbox 628 2664 761 2742; x_wconf 82' lang='lat' dir='ltr'>tamdiu,</span> <span class='ocrx_word' id='word_1_129' title='bbox 787 2684 955 2746; x_wconf 89' lang='lat' dir='ltr'>quousque</span> <span class='ocrx_word' id='word_1_130' title='bbox 981 2664 1044 2748; x_wconf 92' lang='lat' dir='ltr'>ipsi</span> <span class='ocrx_word' id='word_1_131' title='bbox 1070 2663 1238 2742; x_wconf 75' lang='lat' dir='ltr'>Formosa,</span> 
     </span>
    </p>
   </div>
   <div class='ocr_carea' id='block_1_5' title="bbox 1 2769 1234 2854">
    <p class='ocr_par' dir='ltr' id='par_1_5' title="bbox 1 2769 1234 2854">
     <span class='ocr_line' id='line_1_20' title="bbox 1 2769 1234 2854; baseline -0.001 -20"><span class='ocrx_word' id='word_1_132' title='bbox 1 2777 2 2780; x_wconf 74' lang='grc'>’</span> <span class='ocrx_word' id='word_1_133' title='bbox 101 2769 155 2834; x_wconf 87' lang='lat' dir='ltr'>vel</span> <span class='ocrx_word' id='word_1_134' title='bbox 173 2771 240 2834; x_wconf 90' lang='lat' dir='ltr'>suis</span> <span class='ocrx_word' id='word_1_135' title='bbox 258 2771 319 2836; x_wconf 90' lang='lat' dir='ltr'>stb.</span> <span class='ocrx_word' id='word_1_136' title='bbox 336 2793 394 2854; x_wconf 89' lang='lat' dir='ltr'>pcr</span> <span class='ocrx_word' id='word_1_137' title='bbox 412 2793 471 2836; x_wconf 94' lang='lat' dir='ltr'>nos</span> <span class='ocrx_word' id='word_1_138' title='bbox 488 2770 538 2836; x_wconf 86' lang='lat' dir='ltr'>vel</span> <span class='ocrx_word' id='word_1_139' title='bbox 554 2777 683 2835; x_wconf 87' lang='lat' dir='ltr'>nostros</span> <span class='ocrx_word' id='word_1_140' title='bbox 699 2777 847 2854; x_wconf 87' lang='lat' dir='ltr'>posteros</span> <span class='ocrx_word' id='word_1_141' title='bbox 860 2791 986 2836; x_wconf 86' lang='lat' dir='ltr'>summa</span> <span class='ocrx_word' id='word_1_142' title='bbox 997 2769 1234 2853; x_wconf 85' lang='lat' dir='ltr'>profatafuerit</span> 
     </span>
    </p>
   </div>
   <div class='ocr_carea' id='block_1_6' title="bbox 101 2876 1238 3394">
    <p class='ocr_par' dir='ltr' id='par_1_6' title="bbox 101 2876 1238 3285">
     <span class='ocr_line' id='line_1_21' title="bbox 102 2876 1238 2964; baseline -0.001 -22"><span class='ocrx_word' id='word_1_143' title='bbox 102 2879 273 2964; x_wconf 88' lang='lat' dir='ltr'>persoluta</span> <span class='ocrx_word' id='word_1_144' title='bbox 297 2880 503 2962; x_wconf 74' lang='lat' dir='ltr'>integraliter</span> <span class='ocrx_word' id='word_1_145' title='bbox 529 2884 563 2944; x_wconf 85' lang='lat' dir='ltr'>et</span> <span class='ocrx_word' id='word_1_146' title='bbox 588 2898 628 2941; x_wconf 85' lang='lat' dir='ltr'>ex</span> <span class='ocrx_word' id='word_1_147' title='bbox 653 2884 733 2942; x_wconf 89' lang='lat' dir='ltr'>toto.</span> <span class='ocrx_word' id='word_1_148' title='bbox 760 2876 835 2962; x_wconf 80' lang='lat' dir='ltr'>Qua</span> <span class='ocrx_word' id='word_1_149' title='bbox 851 2877 959 2943; x_wconf 85' lang='lat' dir='ltr'>soluta</span> <span class='ocrx_word' id='word_1_150' title='bbox 975 2879 1135 2962; x_wconf 88' lang='lat' dir='ltr'>possessio</span> <span class='ocrx_word' id='word_1_151' title='bbox 1153 2876 1238 2941; x_wconf 79' lang='lat' dir='ltr'>dicto</span> 
     </span>
     <span class='ocr_line' id='line_1_22' title="bbox 102 2985 1237 3069; baseline 0 -19"><span class='ocrx_word' id='word_1_152' title='bbox 102 2986 180 3050; x_wconf 82' lang='lat' dir='ltr'>villo</span> <span class='ocrx_word' id='word_1_153' title='bbox 197 2987 239 3052; x_wconf 82' lang='lat' dir='ltr'>ad</span> <span class='ocrx_word' id='word_1_154' title='bbox 265 3008 324 3052; x_wconf 91' lang='lat' dir='ltr'>nos</span> <span class='ocrx_word' id='word_1_155' title='bbox 352 2985 484 3052; x_wconf 84' lang='lat' dir='ltr'>debebit</span> <span class='ocrx_word' id='word_1_156' title='bbox 501 2987 608 3052; x_wconf 89' lang='lat' dir='ltr'>redire</span> <span class='ocrx_word' id='word_1_157' title='bbox 625 3008 664 3051; x_wconf 86' lang='lat' dir='ltr'>ao</span> <span class='ocrx_word' id='word_1_158' title='bbox 679 2987 801 3052; x_wconf 82' lang='lat' dir='ltr'>reuerti</span> <span class='ocrx_word' id='word_1_159' title='bbox 818 2985 913 3069; x_wconf 86' lang='lat' dir='ltr'>pleno</span> <span class='ocrx_word' id='word_1_160' title='bbox 929 2987 1010 3050; x_wconf 90' lang='lat' dir='ltr'>iure.</span> <span class='ocrx_word' id='word_1_161' title='bbox 1034 2986 1159 3051; x_wconf 89' lang='lat' dir='ltr'>Datum</span> <span class='ocrx_word' id='word_1_162' title='bbox 1176 2986 1237 3050; x_wconf 87' lang='lat' dir='ltr'>stb</span> 
     </span>
     <span class='ocr_line' id='line_1_23' title="bbox 102 3093 1237 3178; baseline -0.001 -21"><span class='ocrx_word' id='word_1_163' title='bbox 102 3093 264 3158; x_wconf 74' lang='lat' dir='ltr'>slracouio</span> <span class='ocrx_word' id='word_1_164' title='bbox 290 3097 323 3159; x_wconf 92' lang='lat' dir='ltr'>in</span> <span class='ocrx_word' id='word_1_165' title='bbox 348 3095 459 3178; x_wconf 79' lang='lat' dir='ltr'>vigilia</span> <span class='ocrx_word' id='word_1_166' title='bbox 485 3093 598 3160; x_wconf 83' lang='lat' dir='ltr'>Sancti</span> <span class='ocrx_word' id='word_1_167' title='bbox 622 3094 795 3177; x_wconf 85' lang='lat' dir='ltr'>Lauronoij</span> <span class='ocrx_word' id='word_1_168' title='bbox 822 3095 969 3158; x_wconf 89' lang='lat' dir='ltr'>martiris</span> <span class='ocrx_word' id='word_1_169' title='bbox 995 3113 1080 3158; x_wconf 86' lang='lat' dir='ltr'>anno</span> <span class='ocrx_word' id='word_1_170' title='bbox 1104 3093 1237 3157; x_wconf 91' lang='lat' dir='ltr'>Domini</span> 
     </span>
     <span class='ocr_line' id='line_1_24' title="bbox 101 3199 581 3285; baseline -0.002 -18"><span class='ocrx_word' id='word_1_171' title='bbox 101 3199 232 3268; x_wconf 77' lang='lat' dir='ltr'>MOOO</span> <span class='ocrx_word' id='word_1_172' title='bbox 250 3200 459 3285; x_wconf 87' lang='lat' dir='ltr'>nonagesimo</span> <span class='ocrx_word' id='word_1_173' title='bbox 478 3208 581 3268; x_wconf 80' lang='lat' dir='ltr'>sexto,</span> 
     </span>
    </p>

    <p class='ocr_par' dir='ltr' id='par_1_7' title="bbox 323 3309 759 3394">
     <span class='ocr_line' id='line_1_25' title="bbox 323 3309 759 3394; baseline 0.002 -20"><span class='ocrx_word' id='word_1_174' title='bbox 323 3310 388 3374; x_wconf 90' lang='lat' dir='ltr'>Per</span> <span class='ocrx_word' id='word_1_175' title='bbox 406 3310 570 3376; x_wconf 83' lang='lat' dir='ltr'>dominam</span> <span class='ocrx_word' id='word_1_176' title='bbox 585 3309 759 3394; x_wconf 89' lang='lat' dir='ltr'>Reginam.</span> 
     </span>
    </p>
   </div>
   <div class='ocr_carea' id='block_1_7' title="bbox 103 3435 1236 3592">
    <p class='ocr_par' dir='ltr' id='par_1_8' title="bbox 103 3435 1236 3592">
     <span class='ocr_line' id='line_1_26' title="bbox 103 3435 1236 3503; baseline 0 -16"><span class='ocrx_word' id='word_1_177' title='bbox 103 3437 267 3500; x_wconf 74' lang='lat' dir='ltr'>(Zaignroml</span> <span class='ocrx_word' id='word_1_178' title='bbox 290 3439 401 3503; x_wconf 83' lang='lat' dir='ltr'>lengyel</span> <span class='ocrx_word' id='word_1_179' title='bbox 426 3439 575 3502; x_wconf 78' lang='lat' dir='ltr'>kiralynak</span> <span class='ocrx_word' id='word_1_180' title='bbox 602 3439 710 3489; x_wconf 70' lang='lat' dir='ltr'>lass-ki</span> <span class='ocrx_word' id='word_1_181' title='bbox 724 3439 890 3502; x_wconf 82' lang='lat' dir='ltr'>megerbsitb&#39;</span> <span class='ocrx_word' id='word_1_182' title='bbox 904 3437 1089 3502; x_wconf 72' lang='lat' dir='ltr'>okmsinysbol</span> <span class='ocrx_word' id='word_1_183' title='bbox 1104 3435 1236 3502; x_wconf 72' lang='lat' dir='ltr'>Irengyel·</span> 
     </span>
     <span class='ocr_line' id='line_1_27' title="bbox 269 3527 1075 3592; baseline 0.001 -16"><span class='ocrx_word' id='word_1_184' title='bbox 269 3527 369 3591; x_wconf 73' lang='lat' dir='ltr'>orszag</span> <span class='ocrx_word' id='word_1_185' title='bbox 382 3543 409 3577; x_wconf 87' lang='lat' dir='ltr'>u.</span> <span class='ocrx_word' id='word_1_186' title='bbox 423 3543 449 3578; x_wconf 90' lang='lat' dir='ltr'>n.</span> <span class='ocrx_word' id='word_1_187' title='bbox 463 3529 676 3592; x_wconf 72' lang='lat' dir='ltr'>Metrictjrtbam</span> <span class='ocrx_word' id='word_1_188' title='bbox 691 3544 723 3578; x_wconf 87' lang='lat' dir='ltr'>az</span> <span class='ocrx_word' id='word_1_189' title='bbox 738 3530 869 3591; x_wconf 77' lang='lat' dir='ltr'>orszrigos</span> <span class='ocrx_word' id='word_1_190' title='bbox 882 3529 1075 3589; x_wconf 71' lang='lat' dir='ltr'>lavelliorban.)</span> 
     </span>
    </p>
   </div>
   <div class='ocr_carea' id='block_1_8' title="bbox 167 3652 1180 3740">
    <p class='ocr_par' dir='ltr' id='par_1_9' title="bbox 167 3652 1180 3740">
     <span class='ocr_line' id='line_1_28' title="bbox 167 3652 1180 3740; baseline 0 -22"><span class='ocrx_word' id='word_1_191' title='bbox 167 3652 311 3737; x_wconf 78' lang='lat' dir='ltr'>(Hedvig</span> <span class='ocrx_word' id='word_1_192' title='bbox 327 3656 457 3738; x_wconf 87' lang='lat' dir='ltr'>lcngyel</span> <span class='ocrx_word' id='word_1_193' title='bbox 474 3654 621 3738; x_wconf 74' lang='lat' dir='ltr'>kirblyno</span> <span class='ocrx_word' id='word_1_194' title='bbox 640 3656 771 3739; x_wconf 84' lang='lat' dir='ltr'>mcgbal</span> <span class='ocrx_word' id='word_1_195' title='bbox 791 3660 884 3720; x_wconf 81' lang='lat'>1399.</span> <span class='ocrx_word' id='word_1_196' title='bbox 896 3654 1043 3738; x_wconf 84' lang='lat' dir='ltr'>juliushb</span> <span class='ocrx_word' id='word_1_197' title='bbox 1065 3655 1180 3740; x_wconf 77' lang='lat' dir='ltr'>ll-tn.)</span> 
     </span>
    </p>
   </div>
   <div class='ocr_carea' id='block_1_9' title="bbox 630 3963 704 4024">
    <p class='ocr_par' dir='ltr' id='par_1_10' title="bbox 630 3963 704 4024">
     <span class='ocr_line' id='line_1_29' title="bbox 630 3963 704 4024; baseline 0 0"><span class='ocrx_word' id='word_1_198' title='bbox 630 3963 704 4024; x_wconf 76' lang='lat'>481.</span> 
     </span>
    </p>
   </div>
   <div class='ocr_carea' id='block_1_10' title="bbox 96 4118 1235 4210">
    <p class='ocr_par' dir='ltr' id='par_1_11' title="bbox 96 4118 1235 4210">
     <span class='ocr_line' id='line_1_30' title="bbox 96 4118 1235 4210; baseline -0.005 -19"><span class='ocrx_word' id='word_1_199' title='bbox 96 4125 131 4191; x_wconf 78' lang='grc' dir='ltr'><strong><em>Α</em></strong></span> <span class='ocrx_word' id='word_1_200' title='bbox 151 4121 249 4188; x_wconf 63' lang='lat' dir='ltr'>uittas</span> <span class='ocrx_word' id='word_1_201' title='bbox 269 4120 392 4210; x_wconf 74' lang='lat' dir='ltr'>llnluiq</span> <span class='ocrx_word' id='word_1_202' title='bbox 408 4118 529 4210; x_wconf 73' lang='lat' dir='ltr'>lorrpyrl</span> <span class='ocrx_word' id='word_1_203' title='bbox 546 4120 703 4210; x_wconf 63' lang='lat' dir='ltr'>ls‘raetlpno</span> <span class='ocrx_word' id='word_1_204' title='bbox 726 4121 938 4188; x_wconf 70' lang='lat' dir='ltr'>iutczlcerlrssei</span> <span class='ocrx_word' id='word_1_205' title='bbox 955 4124 1060 4187; x_wconf 70' lang='lat' dir='ltr'>incluti</span> <span class='ocrx_word' id='word_1_206' title='bbox 1083 4118 1235 4209; x_wconf 69' lang='lat' dir='ltr'>Icoqpelet·</span> 
     </span>
    </p>
   </div>
   <div class='ocr_carea' id='block_1_11' title="bbox 267 4231 1071 4318">
    <p class='ocr_par' dir='ltr' id='par_1_12' title="bbox 267 4231 1071 4318">
     <span class='ocr_line' id='line_1_31' title="bbox 267 4231 1071 4318; baseline 0 -25"><span class='ocrx_word' id='word_1_207' title='bbox 267 4233 327 4294; x_wconf 78' lang='lat' dir='ltr'>uelo</span> <span class='ocrx_word' id='word_1_208' title='bbox 343 4234 467 4318; x_wconf 75' lang='lat' dir='ltr'>lairinya</span> <span class='ocrx_word' id='word_1_209' title='bbox 485 4257 505 4295; x_wconf 85' lang='lat' dir='ltr'>a</span> <span class='ocrx_word' id='word_1_210' title='bbox 523 4233 645 4318; x_wconf 74' lang='lat' dir='ltr'>lerrqpel</span> <span class='ocrx_word' id='word_1_211' title='bbox 654 4231 784 4318; x_wconf 75' lang='lat' dir='ltr'>sbrumk</span> <span class='ocrx_word' id='word_1_212' title='bbox 802 4233 955 4295; x_wconf 76' lang='lat' dir='ltr'>rriszc‘bcn.</span> <span class='ocrx_word' id='word_1_213' title='bbox 977 4235 1071 4295; x_wconf 75' lang='lat'><strong><em>1406.</em></strong></span> 
     </span>
    </p>
   </div>
   <div class='ocr_carea' id='block_1_12' title="bbox 92 4389 1235 4695">
    <p class='ocr_par' dir='ltr' id='par_1_13' title="bbox 92 4389 1235 4695">
     <span class='ocr_line' id='line_1_32' title="bbox 212 4389 1235 4475; baseline -0.001 -20"><span class='ocrx_word' id='word_1_214' title='bbox 212 4391 283 4457; x_wconf 83' lang='lat' dir='ltr'>Nos</span> <span class='ocrx_word' id='word_1_215' title='bbox 299 4391 468 4456; x_wconf 72' lang='lat' dir='ltr'>lohannes</span> <span class='ocrx_word' id='word_1_216' title='bbox 484 4391 603 4471; x_wconf 76' lang='lat' dir='ltr'>Jutlcx,</span> <span class='ocrx_word' id='word_1_217' title='bbox 620 4399 652 4456; x_wconf 84' lang='lat' dir='ltr'>et</span> <span class='ocrx_word' id='word_1_218' title='bbox 669 4391 852 4456; x_wconf 82' lang='lat' dir='ltr'>Dobcslaus</span> <span class='ocrx_word' id='word_1_219' title='bbox 865 4389 1030 4475; x_wconf 77' lang='lat' dir='ltr'>Subjurlox</span> <span class='ocrx_word' id='word_1_220' title='bbox 1042 4391 1143 4456; x_wconf 77' lang='lat' dir='ltr'>Terre</span> <span class='ocrx_word' id='word_1_221' title='bbox 1156 4389 1235 4455; x_wconf 85' lang='lat' dir='ltr'>Ora-</span> 
     </span>
     <span class='ocr_line' id='line_1_33' title="bbox 93 4498 1233 4581; baseline -0.003 -15"><span class='ocrx_word' id='word_1_222' title='bbox 93 4498 263 4566; x_wconf 74' lang='lat' dir='ltr'>rouicnsis</span> <span class='ocrx_word' id='word_1_223' title='bbox 281 4498 459 4564; x_wconf 79' lang='lat' dir='ltr'>Gcnmnlcs</span> <span class='ocrx_word' id='word_1_224' title='bbox 477 4498 695 4580; x_wconf 83' lang='lat' dir='ltr'>significamus</span> <span class='ocrx_word' id='word_1_225' title='bbox 712 4498 828 4580; x_wconf 86' lang='lat' dir='ltr'>quibus</span> <span class='ocrx_word' id='word_1_226' title='bbox 844 4499 976 4581; x_wconf 81' lang='lat' dir='ltr'>expedit</span> <span class='ocrx_word' id='word_1_227' title='bbox 992 4500 1147 4562; x_wconf 86' lang='lat' dir='ltr'>vniucrsis</span> <span class='ocrx_word' id='word_1_228' title='bbox 1164 4505 1233 4563; x_wconf 83' lang='lat' dir='ltr'>tam</span> 
     </span>
     <span class='ocr_line' id='line_1_34' title="bbox 92 4605 1232 4695; baseline -0.003 -24"><span class='ocrx_word' id='word_1_229' title='bbox 92 4607 307 4695; x_wconf 83' lang='lat' dir='ltr'>presentibus</span> <span class='ocrx_word' id='word_1_230' title='bbox 339 4629 437 4689; x_wconf 89' lang='lat' dir='ltr'>quam</span> <span class='ocrx_word' id='word_1_231' title='bbox 470 4605 588 4671; x_wconf 83' lang='lat' dir='ltr'>suturis</span> <span class='ocrx_word' id='word_1_232' title='bbox 621 4610 825 4690; x_wconf 79' lang='lat' dir='ltr'>presencium</span> <span class='ocrx_word' id='word_1_233' title='bbox 867 4609 1018 4672; x_wconf 84' lang='lat' dir='ltr'>noticiam</span> <span class='ocrx_word' id='word_1_234' title='bbox 1054 4606 1232 4690; x_wconf 75' lang='lat' dir='ltr'>babituris3</span> 
     </span>
    </p>
   </div>
   <div class='ocr_carea' id='block_1_13' title="bbox 0 0 1628 5242">
    <p class='ocr_par' dir='ltr' id='par_1_14' title="bbox 0 0 1628 5242">
     <span class='ocr_line' id='line_1_35' title="bbox 0 0 1628 5242; baseline 0 0"><span class='ocrx_word' id='word_1_235' title='bbox 0 0 1628 5242; x_wconf 95' lang='lat' dir='ltr'> </span> 
     </span>
    </p>
   </div>
  </div>
 </body>
</html>
