3134 5254
1299 68 1304 76 ’
1399 9 1566 275 Ι

387 537 458 579 curn
474 515 576 594 galeis
593 515 660 580 suis
675 517 715 581 de
742 515 892 583 babendo
918 517 1095 583 dominium
1123 511 1275 580 Civitatis
1293 513 1501 595 Venetiarun,

387 630 420 688 et
437 622 575 706 predam
599 624 710 707 ipsius,
736 625 859 690 relictis
886 625 966 708 ipsis
991 623 1137 709 Vngaris
1153 625 1187 689 in
1203 624 1310 690 insula
1344 623 1498 708 predicta;

388 739 422 796 et
447 737 556 796 tamen
582 731 614 796 in
641 753 751 797 eorum
779 733 963 798 reversione
988 733 1029 798 de
1055 733 1213 800 Venetiae
1230 738 1317 797 esset
1333 733 1367 796 in
1384 731 1504 796 arbitrio

387 839 547 905 dictorum
572 837 787 906 Januensium
813 840 919 906 facere
946 846 978 906 et
1003 840 1176 926 disponere
1203 840 1243 906 de
1262 839 1359 905 dictis
1375 839 1504 922 Vngaris

388 947 483 1012 sicin
499 948 605 1013 insula
629 948 752 1014 relictis
780 948 936 1031 quicquid
963 948 1093 1014 vellent.
1118 949 1169 1014 De
1194 970 1261 1032 qua
1287 949 1459 1013 intentione
1479 948 1503 1010 si

387 1054 600 1140 desperarent
615 1056 649 1120 in
665 1061 771 1120 totum
787 1056 876 1139 ipsos
892 1054 918 1122 J
918 1077 1086 1138 caucasea,
1103 1062 1140 1122 ut
1156 1055 1398 1123 rationabiliter
1413 1053 1504 1120 lacere

388 1162 559 1246 debebant,
587 1164 665 1247 quia
692 1164 778 1230 clare
805 1185 937 1230 cernere
962 1170 995 1229 et
1020 1165 1127 1231 videre
1148 1173 1311 1248 poterant,
1327 1164 1414 1249 qnod
1429 1165 1503 1229 dicta

388 1271 604 1338 Januensium
621 1271 760 1338 intentio
776 1278 848 1337 erat-
873 1278 987 1338 contra
1013 1274 1169 1340 honorem
1186 1274 1338 1358 Regium,
1353 1281 1387 1338 et
1401 1273 1503 1339 bonurn

387 1401 425 1444 ac
442 1381 652 1446 securitatem
676 1401 890 1464 personarum
917 1402 1059 1466 suarum,
1085 1387 1119 1448 et
1144 1382 1260 1447 cedere
1286 1386 1398 1465 posset
1414 1380 1502 1446 solun

388 1487 431 1553 ad
450 1487 571 1554 bonum
596 1496 628 1552 et
653 1487 831 1554 utilitatem
856 1490 999 1572 ipsorum
1016 1490 1242 1570 duacensium,
1259 1489 1321 1573 ipsi
1337 1487 1504 1554 Januenses

390 1596 598 1680 disponerent
616 1617 649 1660 se
664 1595 707 1661 ad
724 1596 896 1662 volendum
922 1617 1045 1680 pacem.
1073 1596 1120 1662 Et
1133 1598 1167 1661 in
1183 1617 1262 1662 casu
1279 1617 1344 1680 quo
1361 1596 1402 1662 ad
1416 1598 1503 1679 ipsam

389 1705 513 1770 nollent
530 1705 795 1786 condescendere,
820 1707 891 1790 ipse
916 1705 1066 1772 dominus
1081 1705 1230 1772 Karolus
1248 1710 1280 1771 et
1298 1706 1354 1790 alij
1372 1706 1504 1771 Berones

390 1835 451 1897 pro
468 1819 564 1898 parte
581 1815 688 1898 Regia
712 1813 872 1879 haberent
897 1814 1126 1881 rationabilem
1142 1835 1277 1880 causam
1295 1812 1421 1880 dicendi
1435 1813 1504 1896 ipsis

388 1923 414 1988 J
415 1923 622 2003 aunensibns,
650 1922 737 2005 quod
763 1923 870 2006 parati
898 1929 993 1989 erant
1009 1925 1089 1990 dare
1107 1925 1154 1989 eis
1169 1944 1282 2007 pacem
1298 1922 1505 1990 honorabilem

389 2034 422 2095 et
446 2030 681 2096 condecentem.
707 2032 754 2097 Et
779 2031 813 2095 in
840 2051 918 2096 casu
944 2053 1009 2114 quo
1037 2032 1139 2116 ipsam
1165 2030 1292 2097 nollent
1306 2054 1345 2097 ex
1361 2037 1435 2110 toto,
1448 2029 1504 2113 ipsi

388 2138 574 2218 credebant,
591 2137 757 2202 dominum
774 2137 898 2221 Regem
916 2145 1104 2206 excusatum
1130 2160 1201 2206 esse
1217 2140 1288 2205 Deo
1304 2144 1339 2205 et
1353 2140 1412 2206 toti
1427 2159 1505 2203 nrnn·

389 2246 439 2327 do,
456 2247 482 2310 si
500 2268 571 2311 curn
589 2247 663 2330 alijs
679 2245 802 2312 taceret
816 2245 906 2314 facta
922 2269 998 2324 sua;
1023 2247 1179 2331 quoniam
1200 2255 1436 2314 sacramentum
1450 2245 1506 2311 fae·
1565 2335 1566 2338 Ἴ

390 2362 459 2420 tum
484 2376 542 2437 per
569 2355 735 2420 dominum
766 2353 890 2439 Regem
922 2356 955 2420 in
986 2356 1052 2439 liga
1085 2356 1241 2440 predicta,
1273 2355 1313 2420 de
1345 2354 1425 2422 dure
1452 2374 1506 2418 non

391 2464 591 2547 astringeret
603 2465 729 2529 eumad
741 2463 926 2530 faciendum
943 2485 981 2530 ea
997 2485 1059 2549 que
1075 2464 1185 2532 forent
1201 2465 1325 2548 injusta
1342 2471 1374 2528 et
1390 2463 1506 2528 inratio-

388 2569 520 2653 nabilia,
537 2571 593 2638 sed
610 2575 718 2657 potius
743 2573 921 2658 perjurium
939 2580 1121 2658 putaretur.
1133 2574 1195 2640 “nt
1210 2574 1237 2638 si
1254 2595 1326 2640 cum
1344 2574 1394 2638 his
1409 2570 1502 2636 uerbis

389 2679 500 2745 rednci
528 2702 592 2746 non
618 2688 752 2766 possent
779 2682 822 2747 ad
842 2704 965 2766 pacem,
982 2684 1065 2748 alius
1082 2683 1198 2749 modus
1214 2691 1285 2748 erat
1303 2677 1506 2750 concordandi

389 2809 448 2853 nos
465 2810 536 2853 curn
553 2788 683 2856 domino
694 2790 797 2873 Rege,
815 2789 955 2857 Domino
974 2790 1098 2874 Padne,
1115 2799 1146 2856 et
1163 2787 1506 2862 dominoPatriarcba3
1563 2815 1565 2820 ·

389 2902 422 2960 et
438 2895 525 2980 quod
542 2896 704 2964 Dominus
730 2898 847 2964 Padue
873 2899 1050 2982 denegaret
1067 2901 1113 2964 eis
1145 2899 1300 2966 victualia
1317 2905 1351 2964 et
1367 2896 1506 2963 refresca·

389 3009 532 3070 mentam
549 3005 588 3070 de
605 3005 754 3089 partibus
771 3008 856 3089 snis;
877 3015 909 3072 et·
925 3009 988 3091 ipsi
1006 3029 1064 3092 pro
1081 3016 1178 3092 parte
1199 3007 1308 3090 Regia
1324 3009 1503 3073 revocarent

368 3173 375 3178 ,
389 3110 500 3193 galeas
517 3134 593 3178 suas
610 3113 790 3196 Dalmacie,
807 3122 840 3180 et
855 3112 1001 3181 facerent
1017 3137 1072 3181 eas
1090 3116 1137 3180 ire
1155 3116 1197 3180 ad
1217 3115 1399 3180 custodiam
1413 3118 1503 3177 terra·
1561 3199 1563 3204 Ι

389 3245 460 3287 rum
478 3244 610 3288 suarum
634 3222 815 3306 Dalmacie,
842 3230 874 3290 et
899 3247 964 3289 non
991 3225 1108 3290 darent
1127 3223 1189 3289 sibi
1207 3223 1364 3290 actualia
1380 3222 1418 3287 de
1433 3219 1507 3294 inde,

389 3335 422 3394 et
438 3329 627 3397 clauderent
652 3338 767 3416 portus
792 3354 868 3398 snos
892 3333 1072 3400 Dalmacie.
1098 3331 1165 3398 Per
1191 3333 1272 3397 istos
1299 3334 1384 3397 enim
1409 3325 1507 3394 modos

390 3437 605 3520 opinabamur
631 3440 729 3522 clare,
753 3441 804 3505 vel
829 3441 918 3525 quod
933 3441 996 3524 ipsi
1013 3442 1200 3509 Januenses
1228 3441 1459 3506 reducerentur
1472 3431 1507 3498 ad

390 3545 563 3612 volendum
580 3569 701 3632 pacem,
728 3551 779 3614 vel
804 3556 1000 3636 cogerentur
1020 3547 1149 3615 defectu
1166 3543 1507 3629 victualiumrecedere

391 3652 429 3717 de
445 3656 594 3738 partibus
613 3656 738 3744 Olugie,
756 3666 787 3725 et
805 3680 838 3726 se
855 3659 1011 3726 reducere
1023 3659 1065 3724 ad
1077 3665 1189 3743 partes
1199 3663 1360 3737 remotm;
1384 3653 1506 3722 maxime

390 3761 468 3844 quia
485 3763 650 3848 desperati
666 3765 705 3832 de
722 3767 900 3832 intentione
925 3767 1082 3850 predicta,
1108 3789 1262 3853 magnam
1279 3789 1410 3834 causam
1426 3763 1507 3828 lrabe-

388 3867 470 3935 bant
485 3871 761 3938 condescendendi
776 3875 819 3940 ad
836 3895 949 3958 pacem
965 3881 1101 3958 propter
1125 3875 1214 3941 mala
1231 3880 1265 3941 et
1280 3876 1422 3959 pessima
1438 3887 1505 3936 nors

393 3998 456 4059 que
487 3977 672 4044 babuerunt
703 3981 742 4046 de
774 3980 924 4064 partibus
950 3983 1033 4049 Pere
1061 3991 1093 4048 et
1116 3984 1225 4050 Janue
1252 3990 1368 4048 contra
1399 3983 1504 4046 statum

392 4103 527 4166 eornm;
559 4087 772 4169 tangentibus
799 4091 898 4154 etiam
925 4091 1018 4157 nobis
1044 4113 1103 4175 pro
1129 4090 1312 4157 inducendo
1335 4110 1390 4155 eos
1407 4091 1505 4153 contra

390 4191 478 4274 ipsos
494 4191 686 4274 Januenses,
711 4195 798 4280 quod
815 4196 841 4260 si
858 4219 896 4262 ex
913 4198 1021 4264 forma
1046 4199 1110 4283 lige
1135 4198 1282 4282 Venetia,
1298 4203 1337 4263 ut
1353 4195 1504 4262 intellexe-

389 4320 507 4380 ramus,
524 4322 592 4366 esse
608 4303 770 4370 debebant
786 4306 908 4372 domini
925 4307 1044 4392 Regis3
1062 4309 1088 4372 si
1104 4309 1345 4391 aquirerentur,
1373 4303 1456 4388 quod
1471 4297 1505 4362 ci·

391 4405 475 4471 vitas
501 4405 616 4492 Olugie
643 4417 675 4475 et
700 4409 852 4479 Gradurn
877 4421 974 4481 erant
998 4422 1109 4499 partes
1125 4413 1353 4494 Venetiarum,
1379 4417 1412 4478 et
1436 4400 1506 4492 qnod

392 4510 555 4579 debebant
571 4537 641 4582 esse
666 4519 700 4583 in
731 4522 880 4587 inanibus
897 4529 930 4586 et
946 4529 1109 4605 potestate
1129 4521 1250 4588 domini
1284 4521 1396 4600 Regis,
1412 4519 1436 4583 si
1452 4514 1505 4598 liga

386 340 450 402 222
741 358 973 406 υινιοΜΑοκιΑι
990 345 1163 402 aurnuns.
