3182 5252
599 307 692 369 1383.
1133 307 1197 369 503

76 477 165 542 Petri
181 480 220 544 de
235 477 388 546 Gondola
403 487 436 545 et
453 480 612 566 Stephani
631 483 672 548 de
688 481 828 562 hucaro,
853 479 983 548 Cinium
1008 489 1042 548 et
1059 480 1198 549 Ambas-

76 585 229 651 ciatorum
247 585 400 652 Ciuitatis
416 579 525 654 nostre
536 588 683 673 Rugusii,
694 591 759 655 suis
769 613 809 655 uc
819 591 1040 655 uniuersorum
1050 589 1194 657 fidelium

75 693 186 758 civium
211 701 395 761 nostrorum
419 695 562 762 eiusdem
587 697 743 764 Ciuitatis
768 705 878 763 nostre
904 696 997 762 nohis
1027 699 1197 780 porrectis,

74 803 222 884 Reginali
250 804 373 886 pietate
390 805 560 886 inclinate;
587 807 750 888 premissis
775 827 886 871 eorum
903 805 1195 889 supplicationibus

73 917 165 994 grato
182 918 387 977 occurrentes
403 933 545 994 assensu,
561 921 594 978 vt
609 914 723 978 exinde
740 913 820 980 dicti
836 911 932 978 Cives
948 913 1050 978 nostri
1067 911 1196 979 discant

73 1018 129 1084 sub
146 1019 300 1103 Principe
319 1016 471 1087 Glorioso
489 1020 634 1087 devotius
659 1021 821 1103 famulari,
840 1028 939 1104 atque
955 1020 997 1085 ab
1012 1021 1091 1105 ipsis
1107 1019 1194 1085 utili·

70 1127 146 1192 tatis
163 1135 198 1192 et
214 1127 346 1192 honoris
363 1128 501 1193 materia
526 1129 717 1212 lucrumque
736 1127 942 1194 fructiferum
959 1127 1063 1210 Regis
1078 1148 1194 1209 proue-

70 1237 137 1303 niat
153 1237 334 1315 Maiestati,
350 1237 389 1300 de
406 1236 546 1317 oonsilio,
572 1257 729 1302 consensu
746 1244 780 1304 et
795 1237 998 1321 beneplacita
1023 1235 1190 1300 voluntate

69 1344 279 1412 Serenissime
295 1349 328 1407 et
338 1343 620 1410 Excellentissime
630 1345 791 1429 Principis
801 1346 928 1411 domine
937 1343 1109 1410 Elisabeth
1121 1361 1193 1426 pre·

68 1454 163 1519 missa
186 1452 252 1517 Dei
275 1451 385 1534 gratia
409 1451 535 1536 Regino
561 1451 742 1537 Hungarie,
771 1454 918 1533 Polonie,
943 1451 1116 1518 Dalmacie
1132 1455 1191 1516 etc.

67 1560 235 1643 genitricis
250 1565 360 1625 nosue
382 1559 558 1641 karissime,
578 1559 1070 1645 ProlatorumqueetBaronum
1085 1556 1191 1640 Regni

68 1670 167 1734 nostri
194 1676 390 1753 prematuro‚
415 1669 525 1733 omnia
548 1672 581 1733 et
606 1670 735 1752 singula
760 1668 941 1754 privilegia,
964 1668 1133 1734 libertates
1159 1671 1192 1730 et

66 1778 287 1842 immunitates
302 1776 391 1841 dicte
408 1775 564 1841 Ciuitatis
580 1784 690 1843 nostre
715 1778 865 1862 Ragusii,
880 1801 938 1862 per
954 1776 1191 1861 preallegatum

68 1883 268 1951 hodericum
285 1883 417 1966 Regem,
433 1884 613 1967 genitorem
629 1893 777 1952 nostrum
793 1887 1000 1952 karissimum
1015 1883 1118 1948 eidem
1135 1882 1191 1948 da·

66 2001 116 2059 tas
141 2001 175 2058 et
200 2013 369 2058 concessas
389 1990 616 2076 approbamus,
634 2002 848 2078 acceptamus,
866 1993 1064 2060 ratificamus
1080 1997 1114 2056 et
1130 2012 1190 2074 pro

65 2107 245 2168 memorata
261 2099 403 2166 Ciuitate
420 2106 534 2165 nostra
549 2098 695 2184 Ragusii,
713 2109 746 2168 et
763 2124 820 2186 per
836 2122 1036 2184 consequens
1053 2098 1189 2182 prefatis

65 2207 213 2275 fidelibus
229 2206 350 2272 civibus
366 2209 484 2273 nostris
501 2207 541 2273 de
561 2209 867 2294 eadem,eornmque
878 2207 1053 2274 heredibus
1069 2213 1102 2271 et
1117 2227 1187 2289 pos·

64 2316 250 2382 teritatibus
266 2316 423 2384 uniuersis
438 2325 595 2400 perpetuo
611 2318 769 2384 valituras
786 2317 1012 2384 confirmamus
1029 2315 1188 2399 presentis

64 2425 177 2509 scripti
194 2425 374 2508 patrocinio
389 2424 561 2490 mediante.
588 2424 742 2491 Volentes
757 2427 886 2492 omnino
901 2430 935 2490 et
949 2427 1137 2502 statuentes,
1153 2427 1188 2487 vt

63 2533 156 2598 iidem
183 2555 205 2598 a
229 2532 327 2598 modo
352 2533 384 2596 in
411 2539 509 2598 antea
524 2533 671 2599 omnibus
688 2533 824 2600 hiisdem
840 2531 1055 2610 libertatibus,
1071 2530 1187 2613 gratiis

62 2647 93 2707 et
123 2639 385 2706 immunitatibus
411 2645 567 2723 perpetuo
593 2641 744 2708 fruantur
774 2649 808 2707 et
837 2641 1053 2727 gratulentur,
1069 2638 1186 2721 quibus

62 2747 145 2816 dicta
172 2747 302 2814 Ciuitas
328 2753 439 2812 nostra
465 2748 603 2832 Ragusii
629 2757 777 2834 tempore
803 2749 881 2814 dicti
905 2749 1063 2831 genitoris
1084 2747 1187 2812 nostri

61 2856 226 2922 karissimi
241 2877 300 2920 vsa
316 2855 378 2920 init
393 2863 425 2920 et
441 2857 572 2937 gavisa,
595 2863 628 2922 et
643 2879 701 2941 per
718 2859 823 2941 ipsum
845 2859 1023 2942 genitorem
1040 2861 1185 2921 nostrum

4 3029 5 3032 ,
60 2987 159 3050 usque
176 2965 240 3029 vite
257 2985 313 3030 sue
337 2965 511 3030 terminum
538 2967 648 3033 extitit
673 2973 870 3034 conservata.
896 2967 936 3030 In
952 2966 1042 3029 cuius
1059 2965 1105 3028 rei
1122 2985 1185 3028 me·

60 3075 194 3140 moriam
210 3073 461 3157 firmitatemque
486 3082 676 3157 perpetuam
702 3081 868 3161 presentes
893 3071 1107 3139 concessimus
1133 3070 1185 3136 lit

61 3188 148 3248 teras
165 3189 296 3248 nostras
313 3182 534 3266 privilegiatos
558 3184 727 3268 pendentis
745 3191 777 3250 et
794 3183 949 3250 autentici
965 3180 1064 3265 sigilli
1081 3163 1189 3245 nostri

59 3289 218 3376 dupplicis
233 3291 409 3356 munimine
426 3291 606 3357 roboratas.
621 3293 745 3358 Datum
761 3314 820 3376 per
836 3311 951 3357 manus
967 3287 1183 3355 Reuerendis·

60 3401 128 3464 simi
145 3402 179 3466 in
198 3398 331 3466 Christo
348 3398 459 3464 Patris
477 3406 510 3463 et
526 3398 660 3466 Domini
673 3389 966 3466 dominiDemetrii
976 3397 1183 3490 miseratione

59 3507 180 3574 Diuina
189 3508 278 3574 tituli
289 3505 484 3574 Sanctorum
496 3505 644 3591 Quatuor
655 3507 890 3576 Coronatorum
898 3503 1183 3574 SacrosancteRo·

59 3616 304 3683 meneRcclesie
323 3615 503 3682 Presbiteri
521 3615 717 3697 Cardinelis,
734 3616 852 3684 Sancte
869 3613 1101 3698 strigoniensis
1120 3612 1183 3677 Ec·

59 3722 150 3792 clesie
161 3725 400 3792 Gubernatoris
417 3724 572 3816 Perpetui
587 3727 714 3810 locique
725 3726 867 3790 eiusdem
884 3723 1022 3790 Comitis
1032 3719 1182 3786 similiter

59 3831 223 3917 Perpetui,
254 3841 287 3899 et
317 3832 405 3898 Aule
430 3841 539 3900 nostre
563 3833 669 3900 fidelis
695 3834 899 3913 Cancellarii,
931 3853 1016 3898 anno
1047 3826 1183 3895 Domini

59 3939 437 4008 MOOCLXXXtercio
454 3943 657 4024 quindecimo
666 3942 824 4008 kalendas
835 3942 952 4006 mensis
963 3939 1055 4020 Maii,
1071 3935 1180 4019 Regni

58 4057 163 4114 autern
179 4049 283 4116 nostri
293 4072 377 4116 anno
393 4049 540 4118 secundo.
550 4050 843 4116 Reuerendissimis
854 4057 887 4116 et
896 4046 1135 4115 venerabilibus
1145 4044 1179 4109 in

59 4153 188 4223 Christo
199 4157 355 4223 Patribus
372 4157 481 4223 eodem
500 4159 629 4223 domino
646 4155 815 4225 Demetrio
833 4151 1180 4223 GubernatoreRccle·

60 4263 103 4330 sie
119 4263 348 4348 Strigoniensis
358 4265 532 4350 Perpetuo,
542 4265 705 4331 bedonico
715 4263 895 4346 colocensi,
906 4266 1005 4331 Petro
1015 4266 1040 4331 J
1042 4260 1179 4339 adriensi,

59 4369 201 4454 Vgulino
212 4372 398 4457 Spalatensi
407 4381 441 4439 et
454 4373 569 4458 Vgcne
579 4374 775 4458 Ragusiensi
785 4374 1067 4458 Archiepiocopis;
1085 4371 1180 4440 Eme·

60 4481 123 4548 rico
134 4483 650 4569 Agriensi,PauloZagrabiensi,
662 4481 1179 4562 GublinoTransiluaniensi,Va-
