3254 5250
412 353 476 436 dae
765 387 997 434 nrrnonnczrnr
1015 343 1182 434 annitenti.

410 576 482 618 cum
499 553 564 616 ista
588 550 816 616 commissione
841 555 871 612 et
890 549 949 612 sub
966 549 1030 611 islo
1057 548 1164 612 colore
1180 556 1213 614 et
1232 552 1369 632 cautela,
1388 552 1520 617 videlieet

412 659 499 744 quod
516 659 622 724 dictus
638 664 747 722 noster
765 655 912 720 Nuucius
929 655 1036 734 vadat,
1053 662 1084 718 et
1101 677 1135 720 se
1150 663 1315 738 presentet
1331 681 1403 724 cum
1418 662 1520 726 nostris

410 769 516 834 literis
532 765 736 830 credulitatis
753 785 863 828 coram
879 761 1109 845 Regiminibus
1134 761 1283 845 Sibinici,
1308 766 1425 849 quibus
1449 767 1523 832 lacta

415 875 615 941 salutatione
632 871 795 938 amicabili
812 883 843 933 et
860 870 1024 934 oblatione
1041 891 1113 934 eum
1128 870 1195 936 illis
1211 872 1349 940 utilibus
1364 881 1397 940 et
1421 877 1523 940 amica·

418 983 538 1050 bilibus
563 979 679 1060 verbis,
705 999 767 1062 que
794 997 850 1042 sue
876 978 1033 1059 sapientie
1058 976 1261 1059 videbuntur,
1289 980 1396 1046 dicere
1413 982 1524 1053 debeat

411 1089 497 1176 qrrod
515 1092 599 1155 sicut
615 1089 661 1153 eis
678 1087 865 1170 scripsimus
884 1086 1009 1150 noviter
1026 1085 1069 1149 ad
1094 1086 1293 1151 audientiam
1319 1095 1460 1156 nostram
1475 1111 1525 1174 per

411 1198 576 1284 querelam
603 1196 788 1278 aliquorum
815 1199 1000 1256 nostrorum
1027 1191 1145 1256 civium
1169 1199 1219 1258 est
1245 1195 1426 1280 deductum,
1445 1195 1524 1280 qnod

412 1306 563 1373 euntibus
590 1304 636 1367 eis
662 1322 734 1366 cum
763 1321 827 1363 una
845 1320 904 1363 sua
918 1298 1043 1364 barcha
1059 1305 1092 1363 et
1108 1321 1180 1365 cum
1204 1304 1325 1366 nostris
1350 1305 1450 1371 literis
1473 1325 1525 1387 per

410 1413 612 1479 Dalmatiam
629 1431 701 1474 oum
716 1407 815 1472 certis
832 1407 898 1471 suis
923 1406 1185 1491 mercationibus,
1210 1411 1388 1476 raminibus
1412 1421 1442 1478 et
1458 1413 1524 1478 aliis

411 1521 504 1590 bonis
521 1541 641 1598 eornm,
656 1517 702 1582 eis
718 1536 777 1599 per
793 1513 921 1596 aliquos
943 1514 1090 1580 subditos
1117 1537 1191 1581 suos
1216 1518 1247 1582 in
1275 1520 1369 1602 aquis
1395 1521 1456 1586 suis
1479 1542 1524 1584 ao

411 1637 507 1716 cepta
523 1627 586 1694 luit
601 1626 725 1692 barcha
742 1645 813 1688 cum
831 1621 979 1687 omnibus
989 1622 1243 1688 mercationibus
1260 1632 1292 1690 et
1308 1627 1398 1692 bonis
1414 1649 1522 1706 eorum,

410 1746 444 1805 et
459 1738 537 1804 nudi
555 1737 589 1800 in
605 1734 745 1800 maxims
762 1731 893 1797 miseria
909 1731 1066 1810 relaxati;
1083 1730 1123 1795 de
1141 1733 1398 1814 quor-artissime
1422 1736 1522 1800 mirati

409 1847 529 1914 fuimus
545 1850 579 1909 et
604 1843 769 1920 miramur,
795 1839 1001 1905 considerata
1025 1839 1172 1920 caritate,
1198 1861 1295 1922 quam
1321 1843 1471 1925 gessimus
1494 1849 1522 1906 et

410 1957 552 2040 gerimus
564 1949 605 2019 ad
617 1949 893 2016 Communitatem
903 1969 1005 2028 suam,
1016 1953 1049 2011 et
1064 1948 1259 2030 generaliter
1269 1949 1311 2014 ad
1322 1973 1427 2016 omnes
1437 1951 1521 2016 Com·

411 2065 586 2130 munitates
603 2059 784 2138 Dalmacie,
809 2061 843 2120 et
868 2055 910 2119 ad
936 2056 1213 2121 conservationem
1238 2077 1358 2138 eorum,
1383 2067 1412 2124 et
1434 2078 1519 2142 quarn
1580 2049 1581 2052 '

410 2171 549 2238 dulciter
565 2175 597 2232 et.
613 2167 757 2231 fraterne
773 2165 822 2228 sui
838 2169 1046 2228 tranctantnr
1062 2185 1082 2227 a
1097 2163 1218 2228 nostris
1228 2165 1260 2226 in
1277 2167 1422 2230 omnibus
1437 2166 1520 2250 aquis

412 2286 445 2344 et
461 2277 540 2344 locis
557 2274 694 2354 nostris3
719 2293 793 2336 nam
821 2271 957 2335 firmiter
982 2268 1181 2350 tenebamus,
1207 2271 1294 2352 quod
1320 2273 1355 2336 in
1380 2275 1466 2338 terris
1489 2277 1519 2337 et

409 2383 614 2452 districtibus
631 2382 697 2446 suis
714 2380 814 2443 nostri
832 2383 1028 2442 mercatores
1045 2382 1078 2440 et
1093 2378 1178 2441 cives
1195 2398 1274 2468 curn
1292 2377 1426 2462 barchae,
1441 2379 1518 2446 nari-

410 2496 481 2580 giis,
496 2491 601 2572 bonis,
618 2497 651 2554 et
667 2485 918 2552 mercationibus
935 2485 1001 2551 suis
1017 2491 1149 2567 possent
1165 2491 1252 2550 stare
1268 2493 1303 2551 et
1329 2489 1396 2552 sine
1417 2486 1519 2552 moles·
1601 2472 1602 2487 ¹

409 2606 457 2670 tia
473 2603 640 2684 nauigare,
656 2599 701 2663 ita
718 2595 804 2678 quod
820 2615 884 2659 non
902 2592 1188 2658 damnificarentur
1202 2595 1244 2659 ab
1261 2597 1316 2678 eis,
1342 2594 1396 2662 sed
1419 2596 1518 2680 pocius

410 2709 671 2786 defenderentur,
695 2707 722 2768 si
748 2723 879 2769 necesse
896 2703 988 2767 foret.
1015 2700 1138 2769 Verum
1155 2705 1232 2784 quia
1257 2725 1322 2769 non
1340 2704 1518 2780 dubitamus,

412 2817 499 2904 quod
523 2815 674 2902 predicta
697 2812 849 2878 uiolentia
865 2817 896 2875 et
922 2812 1049 2876 novitas
1064 2809 1152 2876 faeta
1167 2811 1229 2876 fuit
1245 2819 1356 2896 preter
1371 2815 1518 2878 conscien-

407 2930 488 2994 tiam
505 2931 539 2990 et
553 2924 752 2990 voluntatem
777 2941 877 3002 suam,
894 2924 926 2983 et
953 2920 1039 3002 quod
1065 2921 1110 2984 eis
1136 2920 1303 3004 displicuit
1327 2929 1359 2984 et
1383 2920 1519 3005 displicet

408 3057 471 3102 non
498 3037 603 3100 minus
629 3051 724 3114 quarn
742 3028 851 3110 nobis;
876 3048 1030 3110 rogamus
1053 3027 1303 3093 benivolentiam
1328 3051 1426 3108 suam,
1440 3027 1517 3112 quod

407 3143 542 3228 placeat
557 3148 665 3206 tenere
682 3136 781 3201 talem
792 3135 930 3216 modum,
942 3135 1028 3219 qood
1040 3135 1160 3201 damna
1170 3137 1388 3218 emendentur,
1403 3143 1432 3201 et
1442 3131 1518 3219 quod

409 3251 549 3317 satisfiat
564 3245 684 3314 nostris
705 3243 826 3309 civibus
843 3265 881 3308 ea
907 3244 1022 3326 passis,
1048 3242 1222 3327 taliterque
1238 3244 1278 3308 de
1304 3251 1409 3309 cetero
1423 3241 1518 3328 prori-

408 3358 484 3425 dere
501 3363 534 3424 et
549 3354 702 3438 regulare
728 3350 875 3416 subditos
903 3373 986 3432 suos,
1003 3351 1090 3434 quod
1115 3351 1219 3415 nostri
1244 3351 1277 3415 in
1303 3349 1366 3416 illis
1382 3349 1515 3434 partibus

407 3469 634 3534 conversantes
658 3481 724 3526 non
739 3459 987 3524 damnificantur
1004 3458 1046 3524 ab
1062 3458 1116 3542 ais,
1140 3479 1199 3523 nec
1222 3459 1371 3524 similiter
1395 3459 1517 3524 aliana·

406 3576 501 3658 rigia,
519 3592 581 3656 que
597 3570 742 3634 uenirent
758 3566 801 3631 ad
818 3566 993 3632 Civitatem
1004 3572 1157 3646 nostram,
1173 3573 1206 3631 et
1220 3567 1260 3631 de
1276 3588 1315 3630 ea
1332 3567 1467 3632 redirent
1480 3564 1517 3630 ad

405 3689 516 3768 partes
533 3701 619 3757 suas,
634 3683 669 3741 ut
685 3676 768 3740 alias
785 3675 831 3738 eis
847 3675 912 3739 dici
928 3675 1070 3756 fecimus,
1087 3675 1359 3758 quemadmodum
1384 3681 1517 3742 constan-

405 3799 456 3858 ter
473 3789 624 3874 dispositi
640 3807 759 3867 smnus,
775 3784 863 3866 quod
880 3785 930 3848 sui
945 3783 1143 3849 nullomodo
1159 3784 1409 3851 damnificantur
1423 3809 1442 3850 a
1455 3803 1517 3848 nos-

405 3899 475 3980 tris,
490 3921 563 3982 ymo
579 3901 761 3961 tractentur
777 3895 812 3958 in
829 3893 978 3957 omnibus
994 3893 1074 3958 locis
1090 3894 1209 3959 nostris
1225 3893 1381 3974 fraterne,
1394 3893 1518 3975 benigne

406 4014 440 4073 et
457 4027 578 4086 secure,
594 4011 627 4068 et
642 4010 679 4067 ut
700 4002 824 4085 proprii
840 4002 944 4066 nostri
962 4002 1055 4082 cives,
1072 4006 1106 4064 et
1132 4000 1253 4082 melius,
1270 4001 1297 4065 si
1323 4000 1435 4066 melius
1457 3991 1516 4061 fieri

405 4113 534 4201 poterit.
551 4115 598 4178 Flt
615 4111 724 4178 circha
740 4109 947 4176 obtinendam
966 4111 1062 4174 istam
1078 4116 1223 4173 nostram
1248 4111 1460 4174 intencionem
1472 4105 1517 4169 de·

404 4224 482 4288 beat
497 4229 606 4287 noster
623 4219 769 4286 Nunnius
793 4239 866 4282 cum
881 4217 938 4281 illa
964 4216 1133 4283 honestate
1149 4222 1181 4281 et
1197 4217 1332 4282 dextero
1355 4215 1454 4294 modo,
1469 4209 1516 4294 qui

405 4349 461 4396 soe
490 4329 647 4412 sapientie
679 4325 853 4407 videbitur,
868 4323 975 4390 iacere
993 4345 1086 4414 posse
1102 4345 1202 4404 suum,
1224 4323 1273 4388 ita
1299 4323 1386 4405 quod
1412 4321 1516 4386 damna

404 4437 552 4522 predicta
577 4434 797 4500 emendentur.
823 4434 868 4498 Et
894 4454 966 4497 cum
992 4452 1038 4515 ee,
1064 4433 1150 4516 quod
1175 4432 1288 4498 fecerit
1314 4427 1515 4507 ethabuerit,

404 4554 623 4640 prosequatur
638 4545 723 4608 viam
741 4563 831 4608 snam
849 4541 890 4606 ad
908 4549 1019 4627 partes
1040 4543 1201 4626 Tragurii²
1227 4547 1264 4604 ut
1279 4539 1414 4604 interius
1429 4535 1514 4604 conti·
