3214 5250
409 297 474 370 644
762 313 997 366 ntenonscamt
1013 300 1180 365 ducisne.

409 483 565 547 interesse
581 480 649 545 litis
665 485 699 544 et
715 485 817 545 extra.
843 477 914 564 Que
941 499 1025 561 pena
1040 477 1159 544 totiens
1176 477 1409 543 commictatur
1424 482 1460 543 et
1476 496 1546 543 cum

409 587 527 655 effectu
553 590 639 672 exigi
664 588 777 673 possit,
802 589 952 672 quotiens
967 587 1068 652 fuerit
1084 586 1322 652 contrafactum
1341 607 1399 649 seu
1415 591 1546 650 rentum

408 704 523 763 contra
538 697 687 781 predicta
711 699 763 762 vel
790 695 922 780 aliquod
937 695 1158 779 predictorum
1175 695 1216 760 de
1230 696 1306 778 jure
1323 694 1374 758 rel
1392 695 1432 758 de
1451 693 1546 767 facte

409 827 467 889 per
484 827 517 870 se
534 806 585 870 vel
601 804 691 888 alios,
708 805 805 870 tacite
823 805 872 870 rel
888 825 1047 888 expresse,
1064 812 1096 868 et
1112 825 1169 868 seu
1185 804 1259 886 ipsa
1288 803 1402 868 omnia
1417 801 1548 866 effectu-

409 914 506 978 aliter
521 935 586 978 non
602 911 784 979 observata.
811 910 887 997 Qua
912 934 996 996 pena
1017 913 1198 989 commissa,
1215 911 1334 992 soluta,
1351 917 1475 976 exacta
1493 917 1548 974 aut

409 1018 550 1085 remissa
565 1023 617 1085 vel
633 1043 706 1102 non,
723 1022 951 1087 nichilominus
965 1021 1113 1104 predicta
1129 1019 1239 1084 omnia
1254 1017 1351 1084 firma
1369 1019 1505 1099 durent,
1520 1024 1550 1082 et

408 1150 480 1192 cum
498 1133 531 1192 et
548 1129 606 1194 sub
623 1130 736 1194 eadem
761 1151 845 1214 pena
870 1129 1012 1194 debeant
1037 1129 1212 1194 observari.
1237 1128 1285 1194 Et
1310 1149 1370 1210 pro
1388 1128 1549 1211 predictis

408 1236 555 1301 omnibus
571 1243 603 1301 et
619 1236 755 1319 singulis
772 1233 984 1302 observandis
1009 1242 1042 1300 et
1067 1235 1295 1318 adimplendis,
1313 1242 1347 1300 et
1362 1256 1426 1318 pro
1458 1234 1549 1299 dieta

408 1365 501 1427 pena,
518 1345 545 1408 si
562 1351 594 1409 et
612 1346 761 1426 quotiens
777 1345 1012 1423 commictatur,
1038 1341 1203 1422 solienda,
1230 1343 1372 1425 predicti
1389 1364 1548 1425 procura-

408 1456 495 1516 tores
521 1456 555 1514 et
581 1458 717 1531 actores,
741 1452 845 1516 modis
871 1457 903 1516 et
929 1451 1112 1517 nominibus
1129 1450 1248 1534 quibus
1266 1471 1366 1532 supra
1385 1451 1549 1534 obligare-

409 1565 486 1624 runt
503 1559 598 1624 dictis
614 1561 638 1626 J
641 1562 761 1626 annino
786 1568 820 1625 et
845 1561 978 1626 Taddeo
1006 1566 1040 1624 et
1061 1559 1154 1624 nobis
1171 1558 1321 1623 Notariis
1340 1559 1505 1641 predictis
1519 1567 1550 1622 et

408 1666 636 1751 infrascriptis,
653 1667 834 1751 predictam
860 1668 1022 1732 dominam
1052 1666 1293 1750 Margheritam
1320 1665 1503 1748 Reginam,
1520 1674 1551 1730 et

408 1774 529 1840 dictum
562 1775 725 1840 dominum
760 1774 954 1840 Ladislaurn
984 1775 1119 1858 Regem,
1150 1781 1184 1840 et
1214 1781 1392 1857 utrumque
1433 1797 1550 1840 eorum

407 1882 613 1960 insolidum,
645 1889 678 1948 et
711 1904 822 1947 eorum
855 1889 888 1947 et
920 1884 1086 1968 utriusque
1111 1885 1256 1965 ipsorum
1288 1881 1419 1965 Regna,
1448 1881 1547 1964 bona,

405 2012 457 2055 res
482 1996 515 2055 et
537 1991 614 2074 jura
638 1991 804 2074 presentia
830 1997 863 2055 et
888 1989 1007 2072 sutura,
1036 1996 1069 2055 et
1093 2012 1206 2056 omnes
1231 2011 1345 2056 eorum
1370 1995 1404 2054 et
1425 1992 1550 2056 utrius·

407 2118 470 2179 que
496 2099 640 2181 ipsorum
675 2097 823 2163 subditos
848 2105 881 2162 et
906 2098 1074 2180 subiectos,
1100 2104 1133 2163 et
1158 2100 1302 2182 ipsorum
1335 2098 1549 2166 subditorum

407 2212 439 2270 et
471 2205 688 2270 subiectorum
714 2213 872 2289 posterea,
894 2227 1094 2271 successores
1125 2207 1158 2270 in
1191 2207 1286 2272 bona*
1309 2208 1486 2290 presentia
1519 2219 1550 2272 et

407 2311 526 2378 futura.
552 2313 599 2378 Et
625 2314 894 2378 renuntiaverunt
910 2315 973 2396 ipsi
990 2319 1219 2397 procuratores
1241 2322 1274 2379 et
1298 2320 1428 2380 actores
1449 2317 1549 2383 dietis

406 2420 511 2487 modis
537 2428 569 2484 et
595 2421 780 2487 nominibus
806 2422 840 2486 in
865 2423 1020 2506 predictis
1046 2423 1229 2507 exceptioni
1245 2430 1279 2489 et
1294 2424 1456 2488 beneficio
1480 2427 1549 2492 dic·

408 2535 440 2592 te
458 2527 644 2594 donationis
662 2550 726 2593 non
743 2530 838 2613 facte,
854 2535 887 2596 et
904 2532 1046 2596 omnium
1070 2532 1290 2623 predictorum
1307 2554 1372 2598 non
1390 2537 1439 2600 sic
1458 2545 1549 2602 acto·

406 2657 479 2700 rum
506 2643 539 2701 et
565 2644 740 2719 gestorum,
765 2640 833 2705 doli
859 2640 946 2720 mali,
965 2639 1162 2707 condictioni
1186 2644 1256 2708 sine
1277 2665 1387 2724 causa,
1403 2652 1437 2709 et
1457 2645 1547 2711 omni

406 2744 462 2807 alii
488 2745 553 2826 legi
580 2750 613 2810 et
638 2748 880 2812 constitutionis
906 2749 1029 2815 auxilio
1055 2757 1088 2815 et
1113 2750 1227 2832 favori,
1260 2759 1293 2816 et
1316 2755 1463 2820 maxime
1481 2757 1547 2820 oui·

405 2873 541 2935 cumque
554 2853 620 2935 juri
636 2860 668 2917 et
684 2854 748 2937 legi
760 2856 884 2922 dicenti
901 2879 958 2922 seu
975 2859 1169 2943 disponent-i,
1181 2863 1368 2942 generalem
1385 2885 1543 2949 renump

406 2959 579 3024 tiationem
595 2960 742 3026 sufficere
768 2963 817 3028 vel
843 2965 961 3030 valere.
983 2965 1029 3030 Et
1045 2967 1178 3052 insuper
1193 2970 1332 3052 predicti
1348 2987 1544 3055 procurato

405 3088 458 3131 res
475 3073 507 3132 et
523 3073 651 3133 actores
668 3068 763 3135 dietis
789 3072 894 3137 modis
910 3080 944 3137 et
960 3075 1143 3142 nominibus
1165 3079 1360 3162 juraverunt
1386 3105 1545 3166 corpora·

404 3175 482 3240 liter
495 3173 537 3238 ad
555 3172 679 3241 Sancta
694 3178 765 3261 Dey
782 3179 972 3264 Evangelia,
996 3204 1095 3248 manu
1112 3185 1209 3250 tactis
1226 3187 1409 3272 scripturis,
1425 3213 1545 3277 supra·

406 3283 528 3364 scripta
543 3284 653 3349 omnia
679 3291 712 3350 et
737 3288 864 3370 singula
887 3290 1057 3356 attendere
1074 3298 1107 3357 et
1123 3293 1339 3363 effectualiter
1355 3301 1544 3383 observare,

405 3396 438 3456 et
453 3395 568 3454 contra
594 3413 632 3455 ea
660 3392 708 3457 vel
733 3415 847 3460 eorum
871 3397 1005 3480 aliquod
1032 3399 1099 3466 ullo
1116 3406 1263 3486 tempore
1280 3428 1345 3472 non
1361 3409 1475 3478 facere
1494 3415 1544 3479 sel

406 3496 513 3561 venire
530 3496 569 3561 de
585 3498 656 3562 iure
681 3502 731 3565 vel
755 3502 794 3566 de
811 3502 909 3586 facto,
925 3507 1025 3571 tacite
1041 3509 1093 3573 rel
1109 3531 1269 3594 expresse,
1286 3513 1411 3584 directe
1426 3524 1482 3588 vel
1498 3526 1543 3588 in·

406 3600 538 3670 directe.
563 3605 638 3670 Hac
665 3613 901 3690 protestatione
927 3614 1015 3680 sacta
1040 3638 1099 3700 per
1124 3619 1228 3686 dictos
1255 3635 1494 3706 procuratores
1511 3639 1542 3696 et

405 3718 533 3778 actores
549 3712 582 3776 in
600 3714 767 3800 principio,
783 3720 891 3786 medio
908 3729 941 3786 et
957 3722 1020 3788 tine
1037 3728 1181 3792 omnium
1197 3733 1432 3816 predictorum,
1453 3741 1542 3822 quod

408 3837 466 3900 per
481 3818 631 3902 predicte
647 3823 696 3886 vel
714 3824 847 3909 aliquod
863 3830 1085 3912 predictorum
1102 3856 1167 3900 non
1182 3838 1400 3909 intendebant
1410 3868 1474 3913 nec
1491 3870 1542 3912 ro·

405 3924 518 3990 lebant
544 3951 577 3992 se
603 3931 691 4012 ipsos
717 3934 767 3998 rel
793 3935 931 4002 alterum
958 3940 1102 4024 ipsorum
1128 3959 1187 4011 aut
1203 3970 1314 4014 eorum
1331 3954 1382 4018 rel
1398 3956 1540 4022 alterum

406 4033 550 4114 ipsorum
567 4037 704 4104 heredes
721 4048 754 4106 et
770 4043 856 4110 bona
873 4048 1062 4130 aliqualiter
1079 4051 1234 4137 obligare.
1259 4059 1306 4124 Et
1324 4059 1363 4125 de
1380 4065 1539 4146 predictis

406 4142 555 4207 omnibus
580 4158 714 4230 rogatus
732 4149 794 4215 fuit
820 4154 977 4221 conficere
1003 4159 1253 4229 instrumentum
1272 4175 1304 4232 et
1321 4171 1538 4240 instrumenta

406 4269 458 4311 ser
482 4249 587 4315 Diuus
614 4277 665 4318 ser
691 4255 873 4344 Soarlagni,
890 4269 922 4328 et
938 4286 998 4348 ego
1015 4266 1225 4336 Nioholettus
1250 4275 1349 4342 Pauli
1365 4279 1406 4346 de
1421 4282 1539 4349 Monte

406 4348 530 4523 (lilarchi
550 4357 684 4428 Notarii
712 4367 905 4454 Florentini,
922 4380 956 4437 et
971 4380 1108 4460 uterque
1134 4387 1283 4447 nostrum
1299 4386 1333 4449 iu
1349 4388 1491 4458 solidum
1506 4400 1538 4458 et

429 4481 446 4524 e
462 4484 521 4546 per
537 4487 579 4530 se.
