3134 5254
577 393 670 450 latu.
1114 393 1178 452 239

65 570 188 652 ipsorum
215 567 418 648 Castrorum,
447 591 517 633 cunr
545 569 613 652 ipsu
643 567 764 633 (lustra
790 569 856 650 ipse
884 569 1042 634 llonrinus
1064 568 1175 632 Pndue

1 685 2 768 J
63 678 226 743 voluntarie
251 701 312 762 pro
339 679 583 743 conservatione
609 679 699 761 pacis
726 677 826 741 etad
852 699 961 742 omnes
988 698 1115 743 errores
1141 683 1174 741 et

63 785 200 852 scandala
217 786 370 851 evitanda
396 785 493 850 suerit
520 791 690 850 contentus
713 785 783 867 ipsa
801 782 920 851 (lastra
936 786 1103 850 destruere
1121 805 1176 848 seu

62 893 172 958 destrui
188 893 306 976 lacere,
323 899 357 957 et
372 895 418 958 sic
435 895 504 976 ipse
530 891 600 957 fieri
616 891 701 958 fecit.
730 893 870 975 Insuper
886 893 957 977 ipsa
975 890 1093 958 Castra
1110 892 1176 958 iue-

1 1087 2 1098 ἵ
61 1011 124 1068 mut
139 1003 310 1068 hedificata
327 1009 442 1067 contra
454 1003 527 1086 jus;
543 1023 616 1067 curn
637 999 725 1067 fracta
741 1001 862 1066 fuerint
879 1002 966 1068 circa
983 1001 1060 1066 lines
1079 1001 1177 1066 conli-

1 1121 2 1174 1
62 1111 138 1174 nium
161 1113 191 1176 iu
218 1111 373 1177 damnum
399 1117 432 1175 et
456 1111 686 1175 detrimentum
714 1116 864 1192 vestrum,
889 1116 922 1175 ot
948 1109 1081 1175 luerunt
1105 1133 1176 1175 cunr

61 1241 166 1302 magna
182 1220 343 1285 discordia
360 1221 520 1285 internos
537 1225 569 1282 et
585 1217 762 1283 Dominum
785 1217 914 1298 Padue;
933 1220 996 1283 ivno
1014 1217 1177 1283 subtiliter

62 1328 238 1410 inquirondo
255 1327 460 1394 invenientur
475 1325 565 1392 iacta
581 1347 650 1391 esse
667 1347 765 1411 super
779 1329 949 1392 territorio
966 1334 1087 1392 nostro.
1097 1327 1176 1392 Pre-

60 1443 141 1501 terea
169 1439 268 1502 etiam
285 1437 354 1520 ipse
371 1437 531 1501 Dominus
558 1433 672 1500 Padus
699 1435 788 1499 dedit
816 1437 907 1502 nobis
933 1457 1063 1502 causam
1081 1456 1173 1518 gum·-

60 1565 119 1608 ram
134 1544 193 1609 sibi
211 1544 360 1626 faciendi,
377 1566 449 1608 cum
466 1543 534 1627 ipse
560 1543 767 1626 occupaverit
792 1544 958 1610 territoria
984 1550 1106 1622 nostra,
1138 1551 1172 1608 et

60 1651 167 1732 pluries
198 1654 375 1736 requisitus
406 1653 512 1718 noluit
536 1673 570 1720 se
597 1671 759 1718 rcvnovere
786 1651 828 1716 ab
863 1653 1075 1735 occupatione
1102 1673 1175 1734 pre·

61 1759 145 1824 dicta.
162 1761 300 1844 Insuper
325 1762 423 1826 etiam
442 1761 545 1826 voluit
569 1767 601 1824 et
627 1759 814 1844 procuravit
830 1779 888 1842 per
904 1761 1084 1825 assassinos
1100 1781 1176 1824 suos

62 1875 181 1934 nortem
198 1869 366 1935 Nobilium
393 1876 589 1948 nostrorum,
614 1869 669 1952 qui
695 1868 944 1952 Rempublioam
970 1870 1003 1933 in
1029 1866 1175 1934 Consilio

62 1976 283 2041 substinebant.
310 1976 437 2062 Quibus
463 1977 610 2042 omnibus
636 1976 849 2042 consideratis
866 1975 1015 2057 diximus
1032 1975 1117 2058 quod
1134 1977 1177 2042 ad

61 2087 283 2152 restitutionem
301 2088 439 2174 alicujus
450 2088 586 2171 pecunie
602 2109 662 2171 pro
680 2087 919 2152 constructione
936 2092 969 2149 et
984 2085 1176 2151 destructio·

59 2215 92 2258 ne
106 2196 244 2278 ipsorum
273 2197 464 2262 (astrorum
481 2197 667 2260 nullatenus
695 2195 785 2262 salva
809 2215 920 2260 eorum
937 2217 1015 2278 pace
1032 2196 1094 2278 ipsi
1111 2195 1176 2259 Do·

60 2305 136 2368 urino
152 2305 266 2371 Padus
293 2305 495 2370 tenebamur.
521 2303 577 2368 Ad
593 2304 628 2369 id
643 2304 729 2388 quod
755 2304 905 2370 dicebant
923 2306 956 2368 in
971 2304 1058 2369 dicta
1076 2305 1176 2370 modi·

59 2409 196 2476 tratione
213 2413 318 2496 quinti
334 2413 479 2496 capituli,
505 2414 591 2495 quod
618 2412 788 2497 pecuniam
815 2419 980 2495 acceptam
997 2433 1016 2476 a
1033 2411 1174 2477 Domino

58 2517 160 2585 Pndue
187 2523 296 2604 vigore.
323 2521 412 2605 pacis
438 2523 685 2586 restitueremus
711 2520 825 2602 eidem,
840 2528 871 2585 ot
888 2520 973 2604 quod
996 2520 1176 2586 absolvero·

58 2650 117 2694 mus
131 2631 236 2713 ipsum
262 2654 282 2696 a
308 2631 466 2697 solutione
491 2631 620 2708 futura3
645 2630 879 2714 respondimus,
896 2628 982 2713 quod
999 2631 1169 2713 pecuniam

58 2735 147 2818 ipsam
166 2739 263 2804 solvit
280 2741 391 2822 vigore
408 2741 498 2822 pacis
515 2739 671 2822 predicte,
687 2745 719 2803 et
737 2738 823 2820 quod
834 2759 896 2803 non
907 2745 980 2804 erat
989 2738 1173 2822 juridicum,

58 2848 132 2926 quod
157 2869 227 2912 eam
253 2849 500 2913 restitueremus
526 2848 649 2926 eidem3
673 2847 729 2912 sed
756 2846 795 2912 de
816 2847 977 2914 solutione
994 2847 1099 2914 fienda
1116 2869 1174 2931 per

59 2974 121 3020 eum
144 2963 281 3039 propter
307 2956 521 3022 reverentiam
550 2954 689 3038 Regiam
706 2977 833 3019 eramus
850 2959 1000 3036 contenti,
1017 2957 1105 3039 quod
1122 2955 1174 3020 de·

58 3059 207 3129 sulcarent
223 3063 313 3129 illam
331 3070 467 3146 partein,
484 3085 546 3146 qne
564 3064 611 3128 eis
628 3063 801 3128 videretur.
821 3065 866 3128 Et
881 3065 958 3152 quia
976 3065 1073 3130 etiam
1091 3062 1173 3128 dice·

59 3167 137 3248 baut,
154 3171 240 3255 quod
257 3173 327 3262 ipse
353 3170 514 3236 Dominus
539 3169 653 3238 Padue
670 3171 712 3237 ad
728 3173 831 3255 ipsam
854 3193 965 3255 pacem
982 3172 1173 3236 solidescen-

58 3276 141 3344 derat
156 3283 272 3346 timore
289 3279 493 3362 quorundam
520 3286 718 3346 tractatuum
739 3279 946 3363 proditionis,
964 3280 1019 3361 qui
1038 3301 1094 3363 per
1109 3279 1172 3345 fra·

59 3391 116 3451 tres
133 3411 204 3454 snos
221 3397 254 3454 et
271 3391 456 3470 attinentes,
481 3411 520 3454 ac
544 3388 673 3471 aliquos
699 3390 783 3454 cives
810 3388 922 3454 Padue
948 3387 1070 3453 fiebant
1087 3389 1170 3452 intra

59 3492 221 3564 Civitatem
239 3505 358 3563 contra
374 3519 464 3579 eum;
489 3498 723 3581 respondimus,
749 3498 837 3581 quod
852 3504 1015 3562 tractatus
1031 3496 1170 3563 fratrum

58 3624 183 3689 suorum,
210 3608 238 3674 si
264 3607 321 3691 qui
345 3606 467 3672 fuerint
493 3614 607 3672 contra
634 3627 715 3686 eum,
731 3608 800 3691 ipse
817 3607 919 3671 multo
936 3613 1080 3689 tempore
1097 3613 1172 3671 anto

58 3733 157 3795 paoem
181 3716 389 3799 discoperuit.
410 3723 442 3780 et
454 3715 621 3798 justiciam
648 3716 688 3782 de
705 3717 751 3780 eis
768 3715 852 3797 fecit,
870 3721 906 3780 ut
922 3715 984 3780 sibi
1000 3715 1172 3807 apparuit3

3 3841 4 3908 ἦ
58 3820 145 3889 alium
161 3833 271 3891 autem
288 3831 465 3890 tractatum
491 3831 565 3908 post
581 3846 694 3908 paoem
710 3826 780 3908 ipse
797 3825 997 3908 discoperuit
1013 3825 1068 3905 ita,
1086 3823 1172 3906 quod

3 3921 4 3928 ἵ
58 3929 109 4012 ipsi
125 3939 283 3999 tractatus
310 3955 374 3999 non
400 3941 574 4018 potuerunt
601 3957 669 4000 esse
686 3957 784 4000 causa
800 3933 940 4000 faciendi
957 3954 1028 4000 euni
1046 3931 1172 3996 condis-

58 4041 180 4106 cendere
197 4043 239 4107 nd
255 4065 369 4126 pacem
397 4042 587 4126 predictam.
619 4037 675 4106 Ad
693 4044 851 4128 reliquum
869 4064 945 4108 vero
962 4041 1172 4105 modificatio-

3 4183 5 4244 ᾗ
59 4145 100 4210 nis
124 4148 197 4214 dicti
224 4150 332 4234 quinti
359 4152 493 4234 capituli
519 4153 697 4234 continens,
723 4153 809 4234 quod
835 4151 875 4216 de
902 4150 1037 4233 pecvmia
1063 4148 1170 4214 soluta

4 4259 6 4296 5
59 4261 277 4325 mercatoribus
295 4259 334 4324 de
350 4259 452 4325 fratre
478 4281 534 4325 suo
559 4260 600 4325 de
617 4261 730 4326 Feltro
747 4266 780 4324 et
796 4256 955 4324 Cividndo
986 4262 1092 4323 stetur
1108 4263 1172 4321 ter-

59 4366 214 4432 minationi
230 4369 350 4451 Regis,
375 4368 609 4452 respondimus,
626 4368 847 4452 quodinpncn
872 4366 1065 4445 continetur,
1082 4367 1169 4448 quod
1262 4359 1265 4368 ’

59 4473 189 4554 mobilia,
203 4479 346 4556 arnexia,
371 4479 455 4560 equi,
481 4479 673 4557 nrnssarioie,
688 4478 809 4562 ,intralia
826 4484 858 4540 et
876 4475 941 4539 alia
962 4474 1095 4539 rnobilin
1112 4473 1169 4539 dn·

4 4587 5 4630 ἲ
60 4581 126 4644 nvini
150 4581 289 4668 Marsilij
316 4585 426 4649 fratris
453 4585 553 4669 ipsius
578 4587 710 4652 Donvini
745 4585 860 4649 Padne
893 4583 1106 4647 restituantur
1137 4585 1170 4648 et
