3182 5252
574 331 671 396 moa
963 410 964 414 Ν
1122 333 1187 396 aaa

52 505 139 574 uiros
155 505 303 574 dominos
320 506 541 578 ...Olfitiales
557 504 695 575 Camere
712 509 894 591 Frumenti,
908 531 970 594 pro
985 508 1103 596 quibus
1119 531 1186 576 om·

50 616 148 683 uibus
164 615 289 683 domini
305 616 466 684 Remitius
482 613 596 686 Vituri
611 625 643 684 et
659 618 685 684 J
686 619 830 686 ohannes
855 617 999 702 Sci-iano
1015 639 1181 703 compare·

51 723 154 807 bent3
169 731 203 791 et
218 727 266 790 sic
280 723 437 809 allegans,
448 722 538 808 quod
548 746 621 792 cum
635 724 720 793 bone
731 727 886 795 memorie
892 715 1047 795 ¹‘dominus
1065 725 1181 793 Comes

52 828 236 916 Gregorius
252 832 294 897 de
311 833 452 898 Ouriacc
468 835 752 917 supranominatus
767 836 834 902 iam
859 833 925 922 diu,
941 842 977 900 ut
994 843 1136 919 apparet
1151 837 1185 901 in

50 941 222 1021 quaternis
232 937 340 1006 offitii
350 938 489 1007 (lamere
506 940 688 1024 Frumenti,
700 944 893 1028 depositaue
909 945 938 1009 it
953 941 1073 1009 ibidem
1089 942 1187 1008 duca-

50 1054 161 1113 torum
179 1048 244 1114 duo
263 1048 366 1114 millia
381 1050 454 1114 auri
470 1069 543 1114 cum
558 1049 659 1134 prode
675 1051 716 1117 de
733 1053 876 1136 quinque
900 1075 961 1137 pro
988 1053 1182 1134 centenario,

50 1163 87 1222 et
102 1163 181 1224 ante
195 1156 362 1225 decessum
377 1179 469 1226 suum
485 1156 606 1226 habere
623 1159 757 1228 deberet
772 1183 831 1247 pro
844 1161 951 1246 prode
978 1167 1118 1245 sequuto
1143 1181 1183 1225 ex

48 1267 126 1350 ipso
142 1267 291 1351 deposito
307 1267 500 1334 ducatorum
517 1273 672 1350 quattuor
697 1269 801 1339 millia
825 1270 906 1353 ausi,
930 1291 1010 1354 quos
1034 1268 1187 1346 denarios

48 1374 177 1442 ibidem
206 1374 337 1442 volabat
365 1395 537 1442 remanere
568 1398 641 1444 cum
666 1377 869 1444 condictione
894 1377 1008 1463 prodis
1032 1379 1068 1444 in
1098 1376 1189 1444 dicta

49 1483 241 1565 quantitate
251 1483 374 1564 taxati3
389 1489 424 1548 et
438 1483 571 1550 tandem
587 1507 652 1551 nou
662 1488 850 1552 convenerit
860 1507 934 1552 cum
950 1483 1089 1552 dominis
1106 1480 1189 1552 Offi-

48 1589 190 1658 cialibus
204 1598 282 1658 tunc
298 1591 522 1674 existentibus,
538 1615 578 1659 ex
594 1615 658 1678 quo
675 1594 765 1660 dicta
790 1599 931 1680 quatuor
956 1591 1061 1659 millia
1086 1593 1184 1659 duca·

48 1707 163 1766 torum
172 1700 295 1767 ibidem
305 1701 363 1766 diu
373 1703 441 1766 sine
457 1701 559 1786 prode
575 1709 809 1786 remanserunt,
820 1704 869 1770 ita
885 1700 974 1786 quod
990 1702 1030 1766 de
1046 1700 1183 1785 capitali

49 1811 181 1874 suntin
196 1809 286 1876 dicta
301 1831 432 1876 camera
448 1809 641 1876 ducatorum
657 1811 904 1895 quatuordecim
920 1811 1024 1876 millia
1040 1811 1122 1892 auri,
1140 1812 1183 1874 vi-

50 1917 175 1984 delicet
190 1917 303 1984 decem
315 1917 418 1984 millia
434 1917 477 1984 ad
493 1918 605 2002 prode,
621 1925 655 1985 et
680 1926 819 2003 quatuor
844 1918 950 1985 millia
975 1919 1045 1984 sine
1070 1917 1181 2002 prode.

48 2025 189 2091 Etcum
207 2027 249 2094 ad
267 2033 404 2093 mortem
429 2028 509 2094 dicti
534 2029 657 2095 domini
673 2028 812 2096 Comitis
839 2026 994 2112 Gregorii
1019 2047 1183 2094 remanse-

48 2133 121 2200 rint
137 2133 201 2200 sibi
217 2135 281 2200 duo
297 2133 357 2200 filii
372 2135 511 2218 legitimi
528 2141 561 2200 et
574 2136 742 2202 naturales
768 2142 800 2201 et
825 2134 864 2200 de
889 2136 1050 2220 legittimo
1076 2138 1186 2202 matri·

46 2241 161 2306 monio
176 2243 348 2328 procreati,
364 2242 481 2327 quibus
500 2240 683 2308 huiusmodi
699 2240 883 2328 depositum
906 2263 966 2328 per
991 2242 1093 2326 ipsius
1119 2243 1184 2310 ior·

47 2355 191 2417 memet
203 2357 349 2418 tenorem
367 2350 465 2418 debet
479 2351 582 2418 libere
597 2352 780 2436 pertinere;
807 2352 959 2418 videlicet
985 2351 1106 2416 domini
1122 2348 1185 2416 Oo-

47 2459 146 2524 mitcs
163 2455 342 2542 Gregorius
358 2461 475 2540 vivens,
485 2466 518 2526 et
534 2459 723 2543 Budislaus,
739 2461 797 2545 qui
813 2460 985 2526 defunctus
1002 2464 1054 2524 est
1068 2461 1183 2526 relicto

47 2569 148 2636 unico
166 2568 231 2635 filio
247 2591 305 2636 suo
321 2570 468 2653 legitimo
485 2577 520 2636 et
534 2571 680 2636 naturali
693 2577 727 2636 et
742 2570 782 2635 dc
808 2591 882 2637 vero
908 2576 943 2635 et
967 2571 1008 2636 de
1032 2570 1178 2654 legitimo

47 2677 148 2744 thoro
163 2679 274 2760 genito
289 2676 429 2745 Nicolac
446 2678 598 2744 videlieet
623 2680 901 2763 supranominato,
925 2680 976 2744 cui
1001 2698 1061 2763 per
1086 2678 1183 2744 Illus-

46 2786 229 2852 trissimam
245 2786 419 2871 Hungaria
438 2787 650 2854 Maiestatem
675 2787 805 2872 prefata
830 2788 977 2872 Egregia
1003 2784 1183 2853 comitissa

46 2892 185 2960 domina
199 2893 331 2961 Helena
345 2896 486 2978 genitrix
502 2916 563 2961 sua
578 2895 686 2961 tutrix
701 2901 750 2960 est
766 2902 801 2962 et
815 2895 1031 2978 gubernatrix
1046 2893 1110 2960 sibi
1125 2894 1179 2960 de-

46 3003 172 3087 legata,
187 3009 220 3068 et
235 3005 288 3068 cui
302 3004 566 3087 prenominatum
583 3002 767 3089 depositum
784 3009 817 3069 et
842 3004 945 3069 omnis
962 3003 1089 3068 utilitas
1105 3002 1180 3067 hac-

46 3117 146 3176 tenus
162 3115 301 3194 sequuta
317 3110 379 3176 sibi
395 3132 456 3197 pro
472 3110 609 3176 dimidia
625 3132 697 3176 cum
709 3110 795 3178 dicto
805 3111 937 3176 domino
953 3108 1081 3176 Gemite
1097 3107 1181 3176 Gre-

45 3220 142 3302 gorio
159 3219 199 3284 de
215 3219 285 3285 iure
300 3220 466 3302 pertinere
483 3219 589 3304 debet,
614 3220 723 3303 sieque
749 3219 893 3302 pertinet
918 3223 951 3284 et
975 3223 1111 3301 spectat.
1135 3219 1181 3283 Et

45 3349 121 3392 cum
151 3327 186 3392 in
209 3325 507 3395 MCOOLXXVI.
523 3327 576 3393 die
602 3327 757 3398 XXVII.
784 3325 900 3393 Martii
931 3347 990 3412 per
1031 3325 1180 3392 dominos

45 3435 72 3499 J
74 3433 187 3500 udices
203 3433 407 3500 Petitionum
423 3435 589 3520 cognitum
606 3443 639 3502 et
656 3436 908 3502 determinatum
933 3434 1032 3500 luerit
1057 3432 1101 3500 ad
1125 3455 1180 3518 pe-

46 3543 202 3608 titionem
218 3549 253 3608 et
267 3543 510 3626 requisitionem
528 3543 690 3611 dictorum
712 3545 930 3629 Egregiorum
955 3549 988 3610 et
1011 3539 1180 3609 Nobilium

46 3650 197 3717 Militum
213 3650 417 3718 dominorum
434 3649 600 3719 Comitum
615 3652 785 3718 Budislavi
803 3657 836 3717 et
853 3649 1005 3736 Gregorii
1021 3672 1179 3735 suprano-

45 3761 257 3844 minatorum,
266 3781 323 3826 seu
334 3759 489 3827 nobilium
505 3761 649 3826 virorum
664 3781 717 3826 ser
730 3758 905 3827 Oristoiori
915 3760 994 3826 olim
1009 3759 1181 3827 Francisci

45 3870 90 3935 de
105 3867 233 3936 Liuesis
249 3870 326 3935 ciris
343 3867 527 3950 Jadrensis,
543 3876 577 3936 et
592 3892 645 3936 ser
660 3870 814 3936 Anselmi
834 3869 999 3953 quondam
1016 3865 1178 3952 Miligosti

45 3979 89 4044 de
106 3975 214 4058 Nona,
229 3983 479 4062 procuratorum
496 3999 638 4060 suorum,
654 3979 742 4064 quod
757 3999 861 4063 usque
878 3977 921 4044 ad
936 3976 1094 4042 kalendas
1110 3975 1178 4043 Nc-

45 4084 189 4153 vembris
204 4091 283 4152 tunc
298 4086 445 4172 proxime
460 4087 609 4171 preteriti
623 4088 744 4155 habere
761 4088 918 4155 deberent
928 4109 988 4170 pro
999 4085 1101 4169 prode
1116 4082 1178 4151 sibi

45 4202 189 4280 sequuto
206 4192 286 4259 dicti
303 4214 413 4259 eorum
429 4193 568 4278 depositi
585 4195 776 4262 ducatorum
802 4195 865 4260 duo
889 4193 994 4260 millia
1017 4192 1107 4274 auri;
1130 4192 1178 4257 ita

45 4303 135 4388 quod
151 4304 196 4370 ab
219 4304 291 4388 ipso
315 4308 460 4388 tempore
485 4303 578 4386 citra,
605 4303 693 4389 quod
718 4311 768 4371 est
792 4305 871 4370 anni
895 4306 1028 4386 septem,
1051 4299 1177 4365 nullum

44 4411 149 4498 prode
163 4410 390 4496 perceperint;
413 4415 602 4499 eapropter
619 4409 761 4496 petebat,
787 4409 875 4495 quod
890 4408 954 4495 ipsi
979 4406 1102 4473 domini
1116 4403 1142 4471 J
1143 4429 1178 4472 u-

43 4521 134 4588 dicee
151 4519 357 4586 Petitionum
372 4539 484 4585 eorum
499 4518 628 4586 iustitia
643 4521 808 4587 mediante
824 4519 940 4596 dicere,
959 4515 1177 4584 determinare

35 4695 40 4702 ,
94 4659 158 4697 noa.
177 4657 261 4698 nura.
275 4657 343 4696 mar.
359 4662 403 4680 ·-
418 4656 487 4694 acra
501 4658 562 4696 uxr.
577 4661 616 4698 m.
1026 4629 1069 4694 34
