3248 5242
763 411 994 456 nrruosreczrsr
1013 399 1182 456 sucessit.

932 695 1007 760 469.

457 854 597 919 Venerio
613 855 719 919 Antal
732 854 884 920 ueleuczei
898 858 1041 943 dogtnek
1068 856 1242 940 Zsigmond
1259 856 1383 943 kircily.
1402 860 1494 922 1394.

513 1011 742 1098 Sigismirndus
769 1014 833 1080 Dei
859 1018 971 1100 gracia
984 1016 1058 1082 Rex
1075 1015 1248 1098 Huugarie
1264 1022 1324 1081 etc
1342 1015 1461 1082 Inclito
1479 1017 1529 1081 do-

407 1121 496 1186 miuo
512 1118 659 1188 Antonio
685 1119 829 1190 Venerio
855 1123 950 1206 Duci,
970 1145 1109 1190 necnon
1126 1121 1302 1189 Nobilibus
1320 1130 1352 1188 et
1369 1123 1528 1207 prudenti·

405 1225 466 1294 bus
483 1228 559 1294 uiris
576 1226 722 1296 Consilio
739 1238 773 1296 et
789 1228 962 1298 Communi
979 1230 1196 1299 Venetiarum
1216 1233 1330 1297 amicis
1348 1234 1467 1300 nostris
1483 1257 1528 1298 ca·

406 1336 543 1403 riseimis
560 1337 698 1404 salutem
714 1347 748 1405 et
764 1361 939 1424 prosperos
956 1340 998 1405 ad
1015 1347 1091 1406 vota
1107 1361 1281 1406 successus
1298 1337 1385 1405 Cum
1396 1341 1527 1408 Sinceri-

404 1449 506 1510 tatem
531 1441 686 1512 Vestram
710 1445 753 1510 ad
777 1467 816 1511 ea
841 1467 968 1530 semper
992 1446 1181 1513 benevolam
1210 1449 1447 1530 reperiet-imus,
1472 1469 1527 1532 que

405 1551 603 1636 beneplaciti
620 1555 724 1618 nostri
743 1560 820 1618 sunt
836 1561 869 1618 et
885 1555 1035 1634 honoris;
1060 1553 1209 1618 Eandem
1227 1555 1328 1637 igitur
1344 1553 1528 1622 Amicitiam

408 1658 562 1727 Vestram
589 1683 628 1727 ex
654 1661 773 1727 affectu
791 1661 941 1728 duximus
959 1663 1198 1748 requirendam,
1213 1662 1446 1742 desiderantes,
1461 1685 1532 1746 qua

404 1776 500 1836 anus
516 1770 637 1837 dilecto
662 1772 757 1837 nobis
782 1771 882 1836 nobili
908 1773 976 1837 viro
995 1771 1096 1837 Petro
1113 1772 1153 1836 de
1171 1769 1359 1836 Contereno
1377 1771 1416 1836 de
1432 1767 1527 1837 Vene-

405 1879 462 1942 tiis
478 1886 511 1944 et
527 1879 598 1963 ejus
616 1881 720 1964 sociis,
737 1880 853 1964 quibus
878 1887 1032 1965 pretextu
1049 1888 1082 1944 et
1098 1902 1198 1947 causa
1218 1881 1434 1961 quorumdam
1451 1879 1530 1944 debi-

403 1992 512 2052 torum
529 1987 688 2071 Majestas
706 1985 832 2053 Nostra
843 1995 909 2053 tres
926 1988 1053 2053 litteras
1070 1987 1293 2071 expeditorias
1310 1988 1351 2052 de
1367 2009 1452 2053 anno
1467 1987 1530 2052 Do

405 2095 483 2160 mini
509 2093 823 2161 MOOCLXXXX
849 2099 973 2181 quinto,
999 2095 1098 2162 aliam
1121 2103 1226 2161 autem
1244 2096 1285 2160 de
1301 2117 1386 2162 anno
1402 2095 1529 2160 Domini

404 2199 717 2270 MCCCLXXXX
758 2211 859 2284 sextu,
907 2203 1038 2268 tertiam
1080 2225 1155 2268 vero
1197 2203 1237 2267 de
1277 2225 1363 2269 anuo
1404 2202 1530 2268 Domini

403 2308 711 2376 MGCCLXXXX
728 2314 874 2396 septimo,
884 2334 981 2397 super
996 2310 1264 2377 debitisOulmini
1277 2313 1401 2378 Nostro
1416 2319 1446 2375 et
1461 2332 1531 2375 nos·

407 2423 462 2482 tra
480 2419 677 2499 sinceritate,
693 2421 743 2485 uti
758 2421 871 2503 nostis,
888 2419 1128 2504 proveniendas
1146 2418 1328 2483 dinoscitur
1339 2420 1528 2502 assignasse,

407 2525 484 2590 velit
500 2527 572 2609 ipsa
591 2523 767 2592 Gratitudo
785 2526 907 2595 Vestra
920 2529 1015 2613 juxta
1031 2527 1191 2592 dictarum
1209 2527 1391 2592 litterarum
1410 2532 1529 2591 nostra·
1608 2537 1609 2606 j

406 2656 477 2699 rum
494 2639 648 2700 contenta
663 2655 722 2718 pro
739 2635 835 2700 dictis
860 2635 964 2700 tribus
991 2637 1085 2700 arinis
1107 2634 1289 2718 hujusmodi
1306 2655 1461 2700 summam
1478 2657 1516 2718 pe

412 2742 505 2808 cunie
522 2742 644 2824 absque
669 2763 758 2806 more
783 2742 956 2826 dispendio
980 2744 1165 2826 persolvere
1183 2741 1338 2821 effective,
1354 2748 1482 2823 gratum
1499 2744 1530 2806 in

404 2871 442 2915 eo
462 2847 659 2914 Celsitudini
674 2848 796 2915 Nostre
822 2849 1050 2933 complacendo
1077 2849 1276 2915 exhibentes.
1302 2845 1424 2914 Datum
1441 2849 1530 2913 Bude
1608 2837 1610 2918 Ῐ

405 2959 579 3040 primodie
596 2957 680 3043 Maji
697 2980 783 3024 anuo
801 2958 933 3024 Domini
951 2956 1352 3025 MOOOLXXXXIIII.

454 3097 490 3164 (A
506 3103 605 3154 »Liber
618 3099 785 3155 Paetorum«
801 3104 891 3154 czimd
904 3105 1042 3155 velenczei
1057 3105 1237 3167 allamkonyv
1252 3103 1299 3152 VL
1315 3104 1372 3153 ket.
1386 3109 1445 3156 347.
1459 3107 1488 3166 l.)
1609 3105 1610 3108 ’

890 3266 1051 3282 Q...-

928 3396 1004 3458 470.

445 3551 557 3621 Jadra
575 3551 754 3619 dalmatini
773 3557 934 3620 rarescat
952 3581 973 3620 a
988 3553 1136 3640 fiorenczi
1152 3559 1377 3646 lciiztciraasdq.
1396 3559 1486 3624 1394.
1609 3645 1610 3650 η

618 3711 732 3780 Jadre.
1246 3771 1253 3778 .

512 3821 622 3888 Amici
637 3822 812 3889 karissimi.
830 3822 1038 3909 Audivimus,
1055 3828 1144 3912 quod
1155 3828 1274 3895 Petrus
1285 3829 1325 3895 de
1336 3827 1528 3896 Pertinariis

402 3931 480 3996 civis
497 3937 607 3996 noster
624 3930 761 3997 dilectus
787 3955 859 3999 oum
886 3933 1028 4017 quodam
1055 3937 1216 4021 municipe
1243 3936 1385 4022 Pagensi
1404 3937 1527 4004 subdito
1608 3951 1610 3976 ¹

402 4045 511 4103 vestro
536 4041 724 4104 societatem
741 4039 887 4108 habebat
904 4043 944 4108 de
961 4043 1101 4127 quodam
1123 4045 1263 4128 nauigio,
1280 4045 1347 4113 sale
1364 4055 1463 4132 atque
1476 4067 1528 4129 pe-
1608 4081 1610 4142 3

402 4146 513 4228 cuniis,
529 4146 612 4212 sicut
627 4147 712 4212 inter
727 4157 926 4215 mercatores
937 4153 1045 4236 sepius
1059 4155 1233 4220 consuevit.
1250 4157 1400 4241 Contigit
1416 4163 1528 4232 autem,

402 4253 486 4335 quod
504 4253 650 4338 prelatus
667 4257 745 4322 ciris
761 4267 869 4324 vester
885 4267 999 4325 contra
1017 4267 1159 4327 uestram
1187 4261 1447 4348 Rempublicam,
1461 4285 1523 4328 nes
1608 4237 1610 4258 ⁴

401 4361 502 4425 cimus
527 4361 614 4444 quod
640 4361 805 4447 religionis
829 4373 928 4449 atque
953 4367 1154 4434 infidelitatis
1179 4368 1304 4436 lacinus
1341 4365 1527 4450 attentarit,
1609 4363 1610 4386 ;

399 4475 641 4552 propterquam
653 4493 783 4538 causam
793 4475 950 4540 suadente
961 4477 1091 4541 iusticia
1101 4478 1307 4544 omniabona
1318 4501 1442 4566 suaper
1452 4476 1523 4546 Ma·

403 4574 558 4654 gistratus
574 4585 697 4643 vestros
713 4580 744 4644 in
761 4582 927 4663 publicum
940 4589 1015 4648 sunt
1026 4585 1212 4654 confiscata.
1220 4585 1315 4671 Quod
1327 4592 1453 4673 quidem
1463 4593 1526 4656 ius-
