3182 5252
370 297 435 359 554
725 311 961 358 nrruousczmr
977 295 1143 356 11111111.

369 475 475 538 minus
492 472 534 535 ad
549 469 889 555 predictatencnutur.
906 471 952 534 Et
964 491 1021 552 pro
1031 469 1187 553 predictis
1198 469 1348 536 omuibus
1359 477 1390 532 11
1401 469 1497 534 11111-

371 581 500 663 soriptis
526 577 795 662 promissionibus
821 583 853 640 11
879 577 1133 660 obligationibus
1159 577 1371 660 solempniter
1399 576 1498 641 adim·

370 686 497 771 plcndis
514 687 685 770 petierunt,
713 685 801 766 quod
827 707 936 748 omnes
954 708 1039 749 nuuc
1056 686 1291 764 relaxarentur,
1309 690 1433 766 septem
1449 704 1500 746 ex·

371 797 483 879 nuptie,
502 797 625 862 scilicet
642 796 772 860 domino
789 795 888 861 Petro
905 795 945 858 (11
962 794 1134 878 Credonio,
1158 794 1288 860 domino
1306 793 1445 877 Alnysio
1462 792 1501 858 de

371 901 485 968 Monte
503 904 641 984 Gaudio,
657 903 788 967 domino
806 901 962 967 Tristano
979 902 1018 966 de
1035 901 1139 986 Roya,
1156 901 1287 967 domino
1303 900 1451 967 Roberto
1462 901 1500 966 de

372 1010 478 1090 Nolle,
494 1010 625 1076 domino
652 1007 795 1075 Colardo
822 1010 862 1075 de
889 1007 1070 1090 Callarilla,
1097 1007 1228 1075 domiuo
1256 1005 1437 1074 Gauinetto
1463 1006 1501 1074 de

372 1117 519 1200 Bayleul‚
536 1124 567 1181 et
584 1117 715 1182 domiuo
732 1116 756 1181 J
759 1117 886 1182 ohanne
903 1115 942 1181 de
958 1113 1037 1194 Ver,
1063 1114 1308 1180 remanentibus
1325 1115 1359 1179 in
1375 1115 1503 1180 obsides

374 1225 624 1290 relaxandorum
642 1231 676 1290 et
691 1227 939 1308 promissionum
958 1224 1255 1307 suprascriptarum
1270 1231 1303 1288 et
1318 1221 1504 1307 infrascrip-

374 1338 491 1396 tarum.
517 1331 582 1416 Qui
610 1331 779 1396 relaxandi
804 1331 942 1396 debeant
969 1333 1161 1414 promittere
1178 1338 1209 1394 et
1226 1337 1433 1396 sacramenta
1453 1332 1503 1395 fir·

374 1463 473 1521 11111,
499 1442 587 1524 quod
613 1441 673 1524 ipsi
700 1438 792 1504 ibunt
818 1462 875 1523 per
901 1440 987 1504 riam
1004 1437 1171 1518 Venetiae,
1188 1446 1222 1503 et
1238 1461 1303 1504 non
1319 1437 1502 1504 transibunt

374 1555 500 1614 montes
517 1571 576 1632 pro
593 1549 699 1613 eundo
715 1549 748 1612 in
767 1550 959 1628 Frondem,
983 1547 1045 1613 uisi
1062 1547 1207 1632 perfecte
1222 1548 1290 1611 1111
1305 1546 1505 1631 adimpleant

376 1678 433 1740 per
449 1677 504 1720 eos
522 1657 699 1740 promissa,
725 1656 850 1720 scilicet
867 1656 1123 1722 satisfactionem
1138 1655 1363 1737 dampnorum,
1379 1655 1504 1720 solutio-

376 1787 447 1828 nem
464 1764 674 1848 peouuierum
691 1771 803 1829 mutuo
820 1764 1026 1847 traditarum,
1044 1772 1077 1829 et
1092 1765 1270 1849 reportatis
1281 1765 1321 1830 de
1332 1765 1502 1848 Huugaria

376 1874 452 1953 illis,
469 1894 531 1954 que
557 1859 704 1936 domiuus
731 1869 888 1954 Aluysius
914 1876 948 1936 et
973 1871 1123 1936 dominus
1140 1871 1321 1937 Collardus
1336 1881 1501 1956 reportare

377 1980 506 2060 debent,
533 1979 708 2044 secundum
737 1979 874 2044 formam
899 1979 969 2062 jam
986 1980 1152 2063 scriptam,
1177 2001 1215 2044 ac
1240 1980 1339 2046 etiam
1372 1981 1502 2064 receptis

377 2087 644 2172 promissionibus
661 2094 694 2152 et
710 2087 964 2168 obligationibus
991 2086 1260 2153 Gubernatorem
1277 2092 1310 2151 et
1327 2086 1503 2152 Conducto-

376 2217 448 2261 rum
475 2197 619 2277 gentium
645 2195 882 2278 armigerorum
909 2197 941 2259 in
969 2195 1083 2279 Regno
1109 2194 1295 2261 Jerusalem
1322 2203 1354 2260 et
1380 2194 1502 2260 Seicilie

378 2303 596 2368 existentium.
622 2302 733 2368 Primo
760 2303 893 2382 seilicet,
918 2304 1004 2385 quod
1031 2303 1162 2368 mittant
1179 2309 1213 2368 et
1228 2303 1357 2368 solvant
1376 2299 1502 2368 seusol-

379 2432 455 2475 rere
472 2409 594 2474 faciant
618 2411 744 2492 integre
771 2431 882 2475 omnes
909 2413 1063 2495 pecunias
1089 2410 1132 2476 ab
1158 2410 1203 2476 eis
1219 2410 1396 2476 secundum
1411 2414 1502 2493 pacta

379 2518 609 2603 persolvendas
626 2519 658 2582 iu
674 2517 815 2584 Ciuitate
833 2518 1050 2588 Veueciarum
1068 2518 1124 2601 illi,
1144 2520 1196 2583 cui
1215 2516 1503 2584 ordinatumfuerit

380 2624 498 2691 debere
515 2625 653 2708 persolvi
681 2649 701 2691 1
727 2627 905 2692 Commune
931 2625 1070 2709 Ragusii
1098 2646 1197 2707 usque
1223 2626 1266 2691 ad
1287 2627 1370 2691 duos
1386 2645 1504 2690 menses

382 2733 527 2816 proxime
554 2739 721 2797 secuturos
749 2756 769 2798 a
793 2734 857 2813 die,
882 2755 947 2815 qua
973 2732 1122 2798 domiuus
1146 2731 1316 2799 Johauues
1338 2733 1379 2798 de
1395 2733 1504 2799 Buolio

381 2862 453 2904 cum
470 2840 704 2905 aliis'discedet
730 2841 769 2905 de
796 2841 942 2924 Ragusio
969 2841 1152 2922 relaxatus,
1176 2841 1210 2905 in
1235 2863 1300 2924 quo
1327 2842 1429 2906 eciam
1446 2851 1504 2905 ter·

383 2949 470 3012 mino
489 2949 626 3011 duorum
652 2950 810 3013 meusium
828 2956 1062 3028 secuturorum,
1079 2955 1116 3012 11
1133 2949 1254 3012 dictum
1275 2957 1333 3028 est,
1349 2948 1506 3032 obligare

382 3061 460 3119 runt
486 3077 520 3118 se
546 3057 690 3121 tacturos
716 3064 749 3122 11
775 3063 948 3122 curaturos
974 3058 1021 3121 ita
1037 3064 1069 3121 et
1084 3055 1205 3136 taliter,
1230 3056 1318 3140 quod
1339 3055 1506 3123 Communi

384 3164 522 3244 Ragusii
547 3167 719 3229 mittentur
745 3172 777 3229 et
802 3163 1075 3248 presentabuntur
1101 3165 1333 3248 promissiones
1365 3171 1397 3229 et
1424 3165 1508 3249 jura·

384 3276 494 3334 meuta
511 3273 721 3356 solempniter
737 3275 827 3338 sacta
842 3272 1110 3338 Gubernatorum
1136 3271 1352 3338 Generalium
1367 3272 1507 3356 gentium

385 3379 621 3460 armigerarum
638 3402 697 3464 pro
715 3381 844 3445 domino
863 3381 953 3463 Rege
970 3378 1136 3445 Lodorioo
1152 3380 1186 3444 iu
1202 3381 1318 3463 Regno
1329 3379 1508 3445 Jerusalem

386 3495 418 3550 et
434 3485 572 3568 Scicilic,
598 3509 654 3552 seu
679 3488 828 3572 partibus
856 3488 918 3571 ipsi
942 3487 1059 3570 Regno
1085 3489 1270 3571 suppositis,
1287 3487 1347 3552 sub
1363 3487 1466 3554 torma
1480 3491 1511 3552 et

386 3595 482 3660 modo
510 3594 644 3660 inferius
670 3595 899 3662 describendis.
925 3595 976 3660 De
1001 3595 1216 3678 promissione
1234 3603 1343 3660 auteur
1362 3603 1394 3660 et
1409 3616 1512 3659 saera·

387 3711 494 3769 mento
521 3706 643 3770 domiui
669 3704 803 3770 Ottonis
829 3704 927 3768 simili
953 3705 1067 3768 ordine
1099 3703 1317 3786 presentauda
1345 3702 1512 3770 Communi

388 3813 534 3895 Regusii,
551 3811 692 3878 habeant
708 3812 882 3876 terminum
899 3817 1040 3894 quatuor
1057 3813 1215 3876 meusium
1231 3833 1252 3876 1
1268 3811 1320 3876 (111
1336 3833 1401 3895 qua
1419 3830 1511 3893 supra

390 3922 652 4003 computandum.
669 3922 753 3986 Item
771 3922 859 3986 ultra
875 3921 1105 4004 promissiones
1122 3920 1218 3986 simul
1233 3943 1306 3985 cum
1324 3921 1397 3986 aliis
1414 3919 1512 3985 laotos

362 4049 367 4058 ·
389 4029 537 4112 promisit
562 4031 710 4095 dominus
738 4031 910 4095 'tristanus
936 4029 976 4093 de
992 4029 1094 4113 Roya,
1110 4050 1144 4093 se
1160 4027 1323 4094 facturum
1341 4035 1514 4094 11111111-

389 4140 525 4202 1111111
542 4144 575 4201 11
590 4139 711 4218 taliter,
728 4139 816 4220 (ruod
842 4138 991 4202 dominus
1006 4137 1046 4202 de
1063 4135 1233 4218 Conoiaco,
1249 4143 1282 4200 11
1298 4135 1401 4203 111111
1417 4135 1513 4218 ipsius

392 4245 511 4311 domini
530 4247 679 4311 'Pristani
704 4248 835 4312 11111111
860 4247 916 4329 itu,
942 4245 1029 4327 quod
1054 4243 1331 4328 presentabuntur
1347 4240 1511 4308 Communi

392 4353 527 4434 Rapum
554 4356 780 4439 promissiones
797 4362 830 4419 11
840 4356 1030 4440 juramenta
1046 4353 1085 4418 de
1103 4352 1329 4418 observatione
1348 4352 1511 4434 premisso-

393 4484 463 4530 rum
480 4485 538 4550 per
556 4462 677 4531 dietum
694 4463 858 4531 dominum
876 4461 1074 4546 Tristnnum,
1086 4469 1117 4526 et
1128 4459 1346 4548 obligationes
1356 4463 1512 4546 ipsorum3
