3214 5250
95 607 254 673 faccicnis
279 607 424 672 conscios
450 613 509 672 aut
534 607 663 690 gladius
689 608 1095 694 t1·ucidauit‚autnoste1·
1121 634 1231 680 carcer

94 716 200 813 babet
215 717 365 800 inclusos,
381 718 432 782 uel
448 716 553 782 esules
569 718 655 784 lares
672 725 704 782 et
718 719 798 785 fines
814 721 938 804 patrios
955 723 1105 805 percussi
1122 723 1230 804 formi-

95 824 175 890 dine
201 826 413 908 reliquerunt
437 825 495 892 Ad
520 826 611 892 cuius
634 827 750 892 excelsi
767 825 891 892 'Phroni
909 827 1044 911 Regalis
1061 827 1239 912 lastigiunr'

94 955 302 999 successores
318 933 372 1016 K,
390 935 532 1018 impares
549 955 587 999 ac
604 934 646 1000 ad
664 934 818 1002 sublimes
829 935 932 1018 Regia
943 945 1143 1021 paterneque
1161 937 1231 1020 dig-

96 1042 216 1106 nitatis
232 1042 343 1125 apices
359 1041 506 1125 legitima
521 1041 616 1106 nobis
630 1043 832 1120 successione
844 1043 952 1108 delate
969 1065 1028 1108 nos
1044 1053 1229 1130 assumptos

95 1149 304 1232 presentibus
330 1149 542 1216 declaramus.
569 1151 638 1217 Nos
664 1151 747 1215 enim
764 1156 915 1235 suscepta
931 1150 1121 1234 Regnorum
1139 1173 1228 1238 scep-

96 1265 161 1338 tra,
187 1263 220 1323 et
244 1257 388 1324 fidelium
413 1258 634 1340 gubernacula
659 1257 874 1340 subditorum,
906 1279 1103 1344 quamquam
1134 1268 1229 1327 tanto

93 1367 189 1430 oneri
204 1367 330 1432 humeri
357 1369 462 1432 nostri
488 1367 668 1434 imbecilles
694 1368 946 1434 existant:er
964 1374 1072 1435 tamen
1089 1371 1229 1454 auspice,

94 1477 129 1540 in
157 1477 248 1540 cuius
271 1475 475 1559 benignitate
500 1475 692 1542 confidimus
718 1484 752 1541 et
777 1497 952 1562 speramus,
981 1477 1063 1542 adeo
1079 1478 1237 1562 consulte·

94 1606 172 1651 cum
185 1585 320 1668 justitia
346 1593 385 1670 et
404 1585 576 1652 clementia
601 1585 783 1668 gubernare
800 1585 993 1667 curabimus,
1010 1587 1096 1670 quod
1114 1587 1228 1652 exinde

91 1700 165 1758 tam
182 1713 234 1759 res
251 1693 381 1776 publice
407 1715 506 1779 quam
532 1695 659 1778 private
676 1699 862 1778 exoptatam
881 1694 1017 1759 salutem
1035 1700 1067 1759 et
1082 1696 1227 1778 requiem

92 1807 343 1886 consequentur.
360 1801 478 1869 Parati
495 1823 619 1887 semper
635 1807 668 1865 et
684 1803 835 1886 prompti,
847 1801 940 1868 vobis
957 1810 994 1867 ut
1010 1799 1226 1870 benemeritis

91 1911 137 1977 ad
169 1909 335 1976 uberiores
358 1910 594 1976 retribuciones
621 1916 655 1975 et
681 1912 817 1995 gracias,
844 1929 925 1994 quas
951 1918 1061 1976 restra
1087 1910 1228 1976 fidelitas

90 2017 288 2085 vendicabit.
315 2017 438 2083 Datum
464 2019 498 2082 in
524 2015 639 2082 Castro
666 2015 731 2083 Oui
758 2016 818 2081 sub
844 2017 974 2100 priuato
990 2017 1098 2100 sigillo
1115 2025 1227 2084 nostro

90 2123 147 2191 die
165 2124 304 2196 XVIII.
322 2124 451 2209 Aprilis
467 2125 645 2191 indictione
662 2124 707 2190 X.

302 2273 440 2344 (Eredetie
454 2269 546 2323 Obieti
559 2273 614 2324 usli
627 2275 702 2324 olasa
716 2269 796 2322 vdros
809 2271 1020 2332 reverterebsn.)

623 2578 697 2646 360.

87 2739 271 2828 Zeipmcnd
286 2765 431 2828 mappae
446 2741 561 2827 cisely
579 2743 738 2805 Denretert
755 2740 897 2806 caazmai
910 2737 1076 2827 prepoatot
1092 2735 1125 2805 c’s
1140 2734 1225 2807 Zaa·

88 2851 139 2914 tdr'
164 2852 284 2916 Jacob
309 2851 403 2916 baldi
428 2849 592 2915 kdcetelcr'll
622 2849 811 2930 Velenrze'be‚
837 2849 959 2913 kikaek
976 2849 1224 2932 jelenle‘tdbend

86 2960 243 3023 velenczei
258 2960 335 3044 depe
351 2960 384 3022 e‘s
399 2962 535 3022 laudosa
552 2982 573 3022 a
590 2958 699 3022 turini
715 2957 1026 3022 praetereantque
1042 2957 1224 3042 mepardsit·

568 3065 634 3129 ae'lc.
654 3067 748 3130 1387.

200 3224 271 3292 Nos
288 3224 514 3310 Sigismundus
534 3231 592 3291 ete.
618 3231 730 3291 notum
757 3223 892 3291 facimus
916 3220 1083 3308 uniuersis,
1100 3215 1217 3306 quibus

86 3334 225 3420 expedit
234 3341 402 3419 presentes
412 3340 543 3400 nostras
554 3333 682 3398 litteras
693 3334 896 3417 inspecturis,
906 3334 994 3418 quod
1004 3354 1062 3398 nos
1072 3332 1215 3398 solentes

84 3463 165 3509 oum
175 3441 296 3508 Inclito
311 3441 441 3508 domiuo
457 3442 561 3522 Duce,
577 3448 611 3506 et
627 3438 871 3507 Oommunitate
883 3441 1108 3520 Veneciarum,
1119 3441 1221 3503 since·

82 3571 162 3618 ram
177 3549 299 3614 babere
315 3550 505 3632 amiciciam,
520 3557 618 3633 atque
634 3548 855 3615 inviolabilem
866 3571 988 3633 pacem,
999 3551 1090 3634 cujus
1100 3555 1221 3613 amato·

82 3682 142 3726 res
160 3680 280 3742 sumus,
296 3658 378 3724 alias
395 3657 546 3724 videlicet
562 3679 647 3724 auno
664 3656 797 3723 Domini
814 3657 983 3723 millesimo
994 3656 1221 3722 trecentesimo

82 3767 311 3851 octuagesimo
322 3768 435 3850 prims,
446 3765 498 3832 die
510 3772 624 3832 octavo
635 3767 756 3830 mensis
767 3763 912 3850 Augusti
924 3765 1122 3831 celebratam
1136 3765 1221 3828 inter

84 3875 342 3942 Serenissimum
358 3874 545 3958 Principem
561 3881 686 3957 patrem
703 3880 736 3939 et
751 3873 927 3939 Dominum
946 3879 1101 3953 nostrum,
1118 3869 1219 3953 domi·

82 4005 168 4050 num
184 3982 384 4049 Ludcvieum
395 3982 471 4048 clim
488 3984 613 4067 Regem
625 3981 799 4063 Hungarie
814 3981 955 4064 gloriose
966 3977 1207 4046 recordacionis
1213 4042 1220 4075 5

80 4090 310 4158 mediantibus
320 4091 588 4176 procuratoribus
599 4098 631 4156 et
643 4090 784 4175 syndicis
796 4086 1067 4174 suis'specialibus
1084 4103 1216 4168 exuna;

81 4208 121 4267 et
137 4199 335 4266 Dominum.
351 4251 358 4266 .
375 4199 565 4268 ‚dominum
582 4199 707 4265 Ducem
727 4204 759 4266 et
785 4195 963 4263 Commune
990 4195 1220 4276 Veneciarum,

80 4312 235 4393 ipsorum
252 4308 402 4376 similiter
417 4309 689 4393 procuratoribus
715 4312 747 4371 et
763 4305 906 4389 syndicis
927 4301 1220 4381 ,interuenientibus

80 4423 182 4504 parte
200 4435 238 4482 es
255 4417 369 4500 altera,
385 4418 478 4484 nobis
489 4416 645 4501 aprefato
656 4415 786 4481 domino
797 4414 898 4496 Duce,
909 4412 1065 4491 Consilio,
1081 4417 1116 4475 et
1124 4409 1219 4476 Gom·
1227 4395 1233 4506 'V

81 4547 186 4592 mune
201 4525 289 4592 dicte
305 4523 457 4592 Ciuitatis
482 4521 698 4593 Veneciarum
723 4521 888 4604 ratificari,
902 4527 940 4586 ut
956 4538 995 4585 ex
1010 4519 1118 4584 forma
1132 4513 1228 4583 dicte

82 4634 179 4720 pacis
196 4633 359 4699 celebrate
376 4639 518 4717 seretur,
533 4632 754 4699 honorabilem
780 4631 882 4697 virum
909 4628 1075 4694 dominum
1101 4625 1231 4692 Deme·'

1048 4732 1110 4810 40*
