<?xml version="1.0" encoding="UTF-8"?>
<!DOCTYPE html PUBLIC "-//W3C//DTD XHTML 1.0 Transitional//EN"
    "http://www.w3.org/TR/xhtml1/DTD/xhtml1-transitional.dtd">
<html xmlns="http://www.w3.org/1999/xhtml" xml:lang="en" lang="en">
 <head>
  <title>
</title>
<meta http-equiv="Content-Type" content="text/html;charset=utf-8" />
  <meta name='ocr-system' content='tesseract 3.04.00' />
  <meta name='ocr-capabilities' content='ocr_page ocr_carea ocr_par ocr_line ocrx_word'/>
</head>
<body>
  <div class='ocr_page' id='page_1' title='image "./magyardiplomacz00wenzgoog_0480.png"; bbox 0 0 3190 5252; ppageno 0'>
   <div class='ocr_carea' id='block_1_1' title="bbox 344 349 1120 421">
    <p class='ocr_par' dir='ltr' id='par_1_1' title="bbox 344 349 1120 421">
     <span class='ocr_line' id='line_1_1' title="bbox 344 349 1120 421; baseline 0.005 -9"><span class='ocrx_word' id='word_1_1' title='bbox 344 349 410 415; x_wconf 79' lang='lat'><strong>460</strong></span> <span class='ocrx_word' id='word_1_2' title='bbox 582 367 587 398; x_wconf 88' lang='lat'><em>¹</em></span> <span class='ocrx_word' id='word_1_3' title='bbox 699 372 933 421; x_wconf 75' lang='lat' dir='ltr'><strong>nunnonaczni</strong></span> <span class='ocrx_word' id='word_1_4' title='bbox 950 359 1120 420; x_wconf 69' lang='lat' dir='ltr'><strong>annana.</strong></span> 
     </span>
    </p>
   </div>
   <div class='ocr_carea' id='block_1_2' title="bbox 874 661 948 726">
    <p class='ocr_par' dir='ltr' id='par_1_2' title="bbox 874 661 948 726">
     <span class='ocr_line' id='line_1_2' title="bbox 874 661 948 726; baseline 0 -2"><span class='ocrx_word' id='word_1_5' title='bbox 874 661 948 726; x_wconf 79' lang='lat'><strong>223.</strong></span> 
     </span>
    </p>
   </div>
   <div class='ocr_carea' id='block_1_3' title="bbox 346 823 1487 1013">
    <p class='ocr_par' dir='ltr' id='par_1_3' title="bbox 346 823 1487 1013">
     <span class='ocr_line' id='line_1_3' title="bbox 346 823 1487 910; baseline 0.004 -24"><span class='ocrx_word' id='word_1_6' title='bbox 346 823 376 886; x_wconf 92' lang='grc' dir='ltr'><strong>Ι.</strong></span> <span class='ocrx_word' id='word_1_7' title='bbox 396 824 495 907; x_wconf 74' lang='lat' dir='ltr'><strong>Lcjos</strong></span> <span class='ocrx_word' id='word_1_8' title='bbox 511 845 654 908; x_wconf 70' lang='lat' dir='ltr'><strong>asrrqycr</strong></span> <span class='ocrx_word' id='word_1_9' title='bbox 670 823 702 886; x_wconf 85' lang='lat' dir='ltr'><strong>e‘s</strong></span> <span class='ocrx_word' id='word_1_10' title='bbox 718 823 840 910; x_wconf 74' lang='lat' dir='ltr'><strong>lenpycl</strong></span> <span class='ocrx_word' id='word_1_11' title='bbox 861 823 975 910; x_wconf 74' lang='lat' dir='ltr'><strong>leirdly</strong></span> <span class='ocrx_word' id='word_1_12' title='bbox 991 825 1155 889; x_wconf 78' lang='lat' dir='ltr'><strong>attasitdsc</strong></span> <span class='ocrx_word' id='word_1_13' title='bbox 1173 825 1288 889; x_wconf 83' lang='lat' dir='ltr'><strong>lstvo&#39;a</strong></span> <span class='ocrx_word' id='word_1_14' title='bbox 1304 825 1432 890; x_wconf 72' lang='lat' dir='ltr'><strong>silbam</strong></span> <span class='ocrx_word' id='word_1_15' title='bbox 1452 829 1487 890; x_wconf 84' lang='lat' dir='ltr'><strong>e&#39;s</strong></span> 
     </span>
     <span class='ocr_line' id='line_1_4' title="bbox 394 931 1425 1013; baseline 0.003 -20"><span class='ocrx_word' id='word_1_16' title='bbox 394 931 598 996; x_wconf 81' lang='lat' dir='ltr'><strong>ite&#39;lbmestere</strong></span> <span class='ocrx_word' id='word_1_17' title='bbox 612 935 779 1013; x_wconf 78' lang='lat' dir='ltr'><strong>szdmdra,</strong></span> <span class='ocrx_word' id='word_1_18' title='bbox 794 932 844 996; x_wconf 76' lang='lat' dir='ltr'><strong>bit</strong></span> <span class='ocrx_word' id='word_1_19' title='bbox 860 932 986 997; x_wconf 78' lang='lat' dir='ltr'><strong>bovetal</strong></span> <span class='ocrx_word' id='word_1_20' title='bbox 1003 933 1085 998; x_wconf 77' lang='lat' dir='ltr'><strong>bold</strong></span> <span class='ocrx_word' id='word_1_21' title='bbox 1105 933 1296 998; x_wconf 68' lang='lat' dir='ltr'><strong>Veleacztbe.</strong></span> <span class='ocrx_word' id='word_1_22' title='bbox 1333 937 1425 999; x_wconf 85' lang='grc'><em>1381.</em></span> 
     </span>
    </p>
   </div>
   <div class='ocr_carea' id='block_1_4' title="bbox 338 1091 1485 3017">
    <p class='ocr_par' dir='ltr' id='par_1_4' title="bbox 347 1091 1485 1482">
     <span class='ocr_line' id='line_1_5' title="bbox 454 1091 1485 1178; baseline 0.004 -22"><span class='ocrx_word' id='word_1_23' title='bbox 454 1091 565 1157; x_wconf 87' lang='lat' dir='ltr'><strong>Primo</strong></span> <span class='ocrx_word' id='word_1_24' title='bbox 580 1091 776 1159; x_wconf 77' lang='lat' dir='ltr'><strong>laudabilem</strong></span> <span class='ocrx_word' id='word_1_25' title='bbox 793 1097 827 1157; x_wconf 87' lang='lat' dir='ltr'><strong>et</strong></span> <span class='ocrx_word' id='word_1_26' title='bbox 842 1092 1046 1158; x_wconf 79' lang='lat' dir='ltr'><strong>amicabilem</strong></span> <span class='ocrx_word' id='word_1_27' title='bbox 1065 1093 1170 1178; x_wconf 83' lang='lat' dir='ltr'><strong>Regie</strong></span> <span class='ocrx_word' id='word_1_28' title='bbox 1188 1092 1375 1160; x_wconf 78' lang='lat' dir='ltr'><strong>Maiestatis</strong></span> <span class='ocrx_word' id='word_1_29' title='bbox 1391 1095 1485 1160; x_wconf 91' lang='lat' dir='ltr'><strong>salu-</strong></span> 
     </span>
     <span class='ocr_line' id='line_1_6' title="bbox 347 1198 1484 1284; baseline 0.004 -19"><span class='ocrx_word' id='word_1_30' title='bbox 347 1199 512 1265; x_wconf 88' lang='lat' dir='ltr'><strong>taciouem</strong></span> <span class='ocrx_word' id='word_1_31' title='bbox 531 1198 648 1265; x_wconf 85' lang='lat' dir='ltr'><strong>offerat</strong></span> <span class='ocrx_word' id='word_1_32' title='bbox 663 1198 841 1282; x_wconf 84' lang='lat' dir='ltr'><strong>Magnifice</strong></span> <span class='ocrx_word' id='word_1_33' title='bbox 857 1207 889 1265; x_wconf 90' lang='lat' dir='ltr'><strong>et</strong></span> <span class='ocrx_word' id='word_1_34' title='bbox 905 1201 1031 1283; x_wconf 88' lang='lat' dir='ltr'><strong>potenti</strong></span> <span class='ocrx_word' id='word_1_35' title='bbox 1058 1198 1189 1266; x_wconf 90' lang='lat' dir='ltr'><strong>domino</strong></span> <span class='ocrx_word' id='word_1_36' title='bbox 1213 1201 1308 1284; x_wconf 90' lang='lat' dir='ltr'><strong>Duci,</strong></span> <span class='ocrx_word' id='word_1_37' title='bbox 1333 1200 1484 1269; x_wconf 86' lang='lat' dir='ltr'><strong>Consilio</strong></span> 
     </span>
     <span class='ocr_line' id='line_1_7' title="bbox 347 1305 1483 1394; baseline 0.004 -22"><span class='ocrx_word' id='word_1_38' title='bbox 347 1315 380 1373; x_wconf 89' lang='lat' dir='ltr'><strong>et</strong></span> <span class='ocrx_word' id='word_1_39' title='bbox 399 1306 637 1373; x_wconf 88' lang='lat' dir='ltr'><strong>Communitati</strong></span> <span class='ocrx_word' id='word_1_40' title='bbox 663 1305 879 1376; x_wconf 87' lang='lat' dir='ltr'><strong>Veneciarnm</strong></span> <span class='ocrx_word' id='word_1_41' title='bbox 906 1309 1016 1374; x_wconf 89' lang='lat' dir='ltr'><strong>amicis</strong></span> <span class='ocrx_word' id='word_1_42' title='bbox 1043 1310 1118 1390; x_wconf 85' lang='lat' dir='ltr'><strong>suis,</strong></span> <span class='ocrx_word' id='word_1_43' title='bbox 1145 1315 1177 1374; x_wconf 88' lang='lat' dir='ltr'><strong>ct</strong></span> <span class='ocrx_word' id='word_1_44' title='bbox 1192 1330 1230 1375; x_wconf 91' lang='lat' dir='ltr'><strong>eo</strong></span> <span class='ocrx_word' id='word_1_45' title='bbox 1255 1310 1386 1390; x_wconf 91' lang='lat' dir='ltr'><strong>honore,</strong></span> <span class='ocrx_word' id='word_1_46' title='bbox 1413 1333 1483 1394; x_wconf 92' lang='lat' dir='ltr'><strong>quo</strong></span> 
     </span>
     <span class='ocr_line' id='line_1_8' title="bbox 349 1416 449 1482; baseline -0.01 -1"><span class='ocrx_word' id='word_1_47' title='bbox 349 1416 449 1482; x_wconf 88' lang='lat' dir='ltr'><strong>decet.</strong></span> 
     </span>
    </p>

    <p class='ocr_par' dir='ltr' id='par_1_5' title="bbox 338 1523 1484 3017">
     <span class='ocr_line' id='line_1_9' title="bbox 455 1523 1484 1611; baseline 0.003 -21"><span class='ocrx_word' id='word_1_48' title='bbox 455 1523 607 1590; x_wconf 85' lang='lat' dir='ltr'><strong>Secundo</strong></span> <span class='ocrx_word' id='word_1_49' title='bbox 624 1523 720 1606; x_wconf 88' lang='lat' dir='ltr'><strong>dicat,</strong></span> <span class='ocrx_word' id='word_1_50' title='bbox 737 1526 900 1608; x_wconf 91' lang='lat' dir='ltr'><strong>quomodo</strong></span> <span class='ocrx_word' id='word_1_51' title='bbox 916 1527 985 1611; x_wconf 88' lang='lat' dir='ltr'><strong>ipse</strong></span> <span class='ocrx_word' id='word_1_52' title='bbox 1001 1526 1151 1592; x_wconf 90' lang='lat' dir='ltr'><strong>dominus</strong></span> <span class='ocrx_word' id='word_1_53' title='bbox 1167 1525 1240 1592; x_wconf 85' lang='lat' dir='ltr'><strong>Rex</strong></span> <span class='ocrx_word' id='word_1_54' title='bbox 1265 1525 1306 1590; x_wconf 89' lang='lat' dir='ltr'><strong>de</strong></span> <span class='ocrx_word' id='word_1_55' title='bbox 1330 1526 1484 1593; x_wconf 84' lang='lat' dir='ltr'><strong>amicicia</strong></span> 
     </span>
     <span class='ocr_line' id='line_1_10' title="bbox 346 1633 1483 1717; baseline 0.004 -21"><span class='ocrx_word' id='word_1_56' title='bbox 346 1633 431 1697; x_wconf 89' lang='lat' dir='ltr'><strong>inter</strong></span> <span class='ocrx_word' id='word_1_57' title='bbox 447 1633 536 1716; x_wconf 91' lang='lat' dir='ltr'><strong>ipsos</strong></span> <span class='ocrx_word' id='word_1_58' title='bbox 552 1639 726 1716; x_wconf 90' lang='lat' dir='ltr'><strong>utrumque</strong></span> <span class='ocrx_word' id='word_1_59' title='bbox 747 1655 786 1698; x_wconf 84' lang='lat' dir='ltr'><strong>ex</strong></span> <span class='ocrx_word' id='word_1_60' title='bbox 801 1655 959 1700; x_wconf 80' lang='lat' dir='ltr'><strong>nouorum</strong></span> <span class='ocrx_word' id='word_1_61' title='bbox 985 1641 1138 1717; x_wconf 81' lang='lat' dir='ltr'><strong>pastuum</strong></span> <span class='ocrx_word' id='word_1_62' title='bbox 1164 1635 1282 1700; x_wconf 90' lang='lat' dir='ltr'><strong>unione</strong></span> <span class='ocrx_word' id='word_1_63' title='bbox 1307 1641 1483 1700; x_wconf 83' lang='lat' dir='ltr'><strong>contracta</strong></span> 
     </span>
     <span class='ocr_line' id='line_1_11' title="bbox 346 1739 1483 1826; baseline 0.001 -21"><span class='ocrx_word' id='word_1_64' title='bbox 346 1740 503 1806; x_wconf 90' lang='lat' dir='ltr'><strong>indubius</strong></span> <span class='ocrx_word' id='word_1_65' title='bbox 518 1747 638 1822; x_wconf 89' lang='lat' dir='ltr'><strong>manet,</strong></span> <span class='ocrx_word' id='word_1_66' title='bbox 656 1739 767 1808; x_wconf 88' lang='lat' dir='ltr'><strong>firmus</strong></span> <span class='ocrx_word' id='word_1_67' title='bbox 784 1747 851 1808; x_wconf 86' lang='lat' dir='ltr'><strong>stat</strong></span> <span class='ocrx_word' id='word_1_68' title='bbox 867 1749 902 1809; x_wconf 89' lang='lat' dir='ltr'><strong>et</strong></span> <span class='ocrx_word' id='word_1_69' title='bbox 918 1741 1057 1808; x_wconf 84' lang='lat' dir='ltr'><strong>confisus</strong></span> <span class='ocrx_word' id='word_1_70' title='bbox 1078 1742 1211 1808; x_wconf 91' lang='lat' dir='ltr'><strong>minime</strong></span> <span class='ocrx_word' id='word_1_71' title='bbox 1227 1742 1381 1822; x_wconf 76' lang='lat' dir='ltr'><strong>hesitans,</strong></span> <span class='ocrx_word' id='word_1_72' title='bbox 1399 1743 1483 1826; x_wconf 87' lang='lat' dir='ltr'><strong>qnia</strong></span> 
     </span>
     <span class='ocr_line' id='line_1_12' title="bbox 348 1848 1484 1934; baseline 0.004 -22"><span class='ocrx_word' id='word_1_73' title='bbox 348 1850 412 1932; x_wconf 89' lang='lat' dir='ltr'><strong>ipsi</strong></span> <span class='ocrx_word' id='word_1_74' title='bbox 428 1848 547 1915; x_wconf 88' lang='lat' dir='ltr'><strong>Veneti</strong></span> <span class='ocrx_word' id='word_1_75' title='bbox 573 1850 669 1915; x_wconf 88' lang='lat' dir='ltr'><strong>amici</strong></span> <span class='ocrx_word' id='word_1_76' title='bbox 689 1850 737 1916; x_wconf 90' lang='lat' dir='ltr'><strong>sui</strong></span> <span class='ocrx_word' id='word_1_77' title='bbox 764 1849 808 1916; x_wconf 90' lang='lat' dir='ltr'><strong>ad</strong></span> <span class='ocrx_word' id='word_1_78' title='bbox 832 1850 1087 1934; x_wconf 88' lang='lat' dir='ltr'><strong>complacencias</strong></span> <span class='ocrx_word' id='word_1_79' title='bbox 1114 1851 1220 1916; x_wconf 91' lang='lat' dir='ltr'><strong>eidem</strong></span> <span class='ocrx_word' id='word_1_80' title='bbox 1246 1851 1375 1915; x_wconf 90' lang='lat' dir='ltr'><strong>domino</strong></span> <span class='ocrx_word' id='word_1_81' title='bbox 1392 1850 1484 1934; x_wconf 84' lang='lat' dir='ltr'><strong>Regi</strong></span> 
     </span>
     <span class='ocr_line' id='line_1_13' title="bbox 348 1955 1483 2041; baseline 0.002 -21"><span class='ocrx_word' id='word_1_82' title='bbox 348 1957 548 2022; x_wconf 84' lang='lat' dir='ltr'><strong>exhibendas</strong></span> <span class='ocrx_word' id='word_1_83' title='bbox 564 1955 738 2022; x_wconf 87' lang='lat' dir='ltr'><strong>benevolos</strong></span> <span class='ocrx_word' id='word_1_84' title='bbox 763 1963 796 2024; x_wconf 88' lang='lat' dir='ltr'><strong>et</strong></span> <span class='ocrx_word' id='word_1_85' title='bbox 812 1964 925 2041; x_wconf 86' lang='lat' dir='ltr'><strong>gratos</strong></span> <span class='ocrx_word' id='word_1_86' title='bbox 943 1979 977 2024; x_wconf 90' lang='lat' dir='ltr'><strong>se</strong></span> <span class='ocrx_word' id='word_1_87' title='bbox 1003 1957 1143 2022; x_wconf 82' lang='lat' dir='ltr'><strong>offerant</strong></span> <span class='ocrx_word' id='word_1_88' title='bbox 1166 1958 1201 2022; x_wconf 89' lang='lat' dir='ltr'><strong>in</strong></span> <span class='ocrx_word' id='word_1_89' title='bbox 1224 1957 1275 2024; x_wconf 89' lang='lat' dir='ltr'><strong>his</strong></span> <span class='ocrx_word' id='word_1_90' title='bbox 1301 1957 1483 2041; x_wconf 79' lang='lat' dir='ltr'><strong>signanter,</strong></span> 
     </span>
     <span class='ocr_line' id='line_1_14' title="bbox 347 2064 1483 2150; baseline 0.001 -19"><span class='ocrx_word' id='word_1_91' title='bbox 347 2087 410 2149; x_wconf 86' lang='lat' dir='ltr'><strong>que</strong></span> <span class='ocrx_word' id='word_1_92' title='bbox 426 2067 541 2132; x_wconf 90' lang='lat' dir='ltr'><strong>amioie</strong></span> <span class='ocrx_word' id='word_1_93' title='bbox 558 2074 634 2132; x_wconf 89' lang='lat' dir='ltr'><strong>sunt</strong></span> <span class='ocrx_word' id='word_1_94' title='bbox 649 2073 682 2131; x_wconf 89' lang='lat' dir='ltr'><strong>et</strong></span> <span class='ocrx_word' id='word_1_95' title='bbox 697 2067 856 2147; x_wconf 88' lang='lat' dir='ltr'><strong>hononis;</strong></span> <span class='ocrx_word' id='word_1_96' title='bbox 874 2065 962 2148; x_wconf 92' lang='lat' dir='ltr'><strong>quod</strong></span> <span class='ocrx_word' id='word_1_97' title='bbox 972 2068 1042 2132; x_wconf 87' lang='lat' dir='ltr'><strong>vioe</strong></span> <span class='ocrx_word' id='word_1_98' title='bbox 1058 2067 1225 2150; x_wconf 88' lang='lat' dir='ltr'><strong>reciproca</strong></span> <span class='ocrx_word' id='word_1_99' title='bbox 1241 2065 1284 2130; x_wconf 87' lang='lat' dir='ltr'><strong>ab</strong></span> <span class='ocrx_word' id='word_1_100' title='bbox 1300 2064 1412 2131; x_wconf 91' lang='lat' dir='ltr'><strong>eodem</strong></span> <span class='ocrx_word' id='word_1_101' title='bbox 1424 2066 1483 2132; x_wconf 92' lang='lat' dir='ltr'><strong>do·</strong></span> 
     </span>
     <span class='ocr_line' id='line_1_15' title="bbox 338 2173 1484 2259; baseline 0.002 -21"><span class='ocrx_word' id='word_1_102' title='bbox 338 2176 435 2239; x_wconf 36' lang='lat' dir='ltr'><strong>‘mino</strong></span> <span class='ocrx_word' id='word_1_103' title='bbox 452 2174 545 2257; x_wconf 84' lang='lat' dir='ltr'><strong>Rege</strong></span> <span class='ocrx_word' id='word_1_104' title='bbox 562 2196 692 2259; x_wconf 90' lang='lat' dir='ltr'><strong>sperare</strong></span> <span class='ocrx_word' id='word_1_105' title='bbox 708 2174 831 2241; x_wconf 85' lang='lat' dir='ltr'><strong>habent</strong></span> <span class='ocrx_word' id='word_1_106' title='bbox 846 2175 1081 2242; x_wconf 83' lang='lat' dir='ltr'><strong>indubitantes.</strong></span> <span class='ocrx_word' id='word_1_107' title='bbox 1093 2173 1217 2242; x_wconf 86' lang='lat' dir='ltr'><strong>Verum</strong></span> <span class='ocrx_word' id='word_1_108' title='bbox 1229 2175 1306 2258; x_wconf 89' lang='lat' dir='ltr'><strong>quia</strong></span> <span class='ocrx_word' id='word_1_109' title='bbox 1320 2196 1484 2240; x_wconf 89' lang='lat' dir='ltr'><strong>memora-</strong></span> 
     </span>
     <span class='ocr_line' id='line_1_16' title="bbox 347 2280 1482 2366; baseline 0.001 -19"><span class='ocrx_word' id='word_1_110' title='bbox 347 2290 401 2347; x_wconf 89' lang='lat' dir='ltr'><strong>tus</strong></span> <span class='ocrx_word' id='word_1_111' title='bbox 418 2281 567 2348; x_wconf 92' lang='lat' dir='ltr'><strong>dominus</strong></span> <span class='ocrx_word' id='word_1_112' title='bbox 577 2282 649 2348; x_wconf 81' lang='lat' dir='ltr'><strong>Rex</strong></span> <span class='ocrx_word' id='word_1_113' title='bbox 664 2280 844 2365; x_wconf 86' lang='lat' dir='ltr'><strong>Magnifice</strong></span> <span class='ocrx_word' id='word_1_114' title='bbox 858 2283 1000 2350; x_wconf 91' lang='lat' dir='ltr'><strong>Domino</strong></span> <span class='ocrx_word' id='word_1_115' title='bbox 1010 2281 1181 2364; x_wconf 88' lang='lat' dir='ltr'><strong>Paduauo,</strong></span> <span class='ocrx_word' id='word_1_116' title='bbox 1192 2283 1352 2348; x_wconf 87' lang='lat' dir='ltr'><strong>communi</strong></span> <span class='ocrx_word' id='word_1_117' title='bbox 1362 2282 1482 2366; x_wconf 85' lang='lat' dir='ltr'><strong>amico,</strong></span> 
     </span>
     <span class='ocr_line' id='line_1_17' title="bbox 347 2389 1482 2476; baseline 0 -20"><span class='ocrx_word' id='word_1_118' title='bbox 347 2391 390 2456; x_wconf 91' lang='lat' dir='ltr'><strong>sit</strong></span> <span class='ocrx_word' id='word_1_119' title='bbox 406 2392 441 2455; x_wconf 92' lang='lat' dir='ltr'><strong>in</strong></span> <span class='ocrx_word' id='word_1_120' title='bbox 457 2391 699 2474; x_wconf 83' lang='lat' dir='ltr'><strong>quinquaginta</strong></span> <span class='ocrx_word' id='word_1_121' title='bbox 724 2391 811 2457; x_wconf 90' lang='lat' dir='ltr'><strong>mille</strong></span> <span class='ocrx_word' id='word_1_122' title='bbox 828 2391 878 2457; x_wconf 82' lang='lat' dir='ltr'><strong>vel</strong></span> <span class='ocrx_word' id='word_1_123' title='bbox 905 2393 1005 2476; x_wconf 86' lang='lat' dir='ltr'><strong>paulo</strong></span> <span class='ocrx_word' id='word_1_124' title='bbox 1030 2391 1104 2475; x_wconf 92' lang='lat' dir='ltr'><strong>plus</strong></span> <span class='ocrx_word' id='word_1_125' title='bbox 1129 2389 1323 2457; x_wconf 87' lang='lat' dir='ltr'><strong>florenorum</strong></span> <span class='ocrx_word' id='word_1_126' title='bbox 1349 2411 1482 2456; x_wconf 84' lang='lat' dir='ltr'><strong>summa</strong></span> 
     </span>
     <span class='ocr_line' id='line_1_18' title="bbox 349 2498 1483 2584; baseline 0.001 -21"><span class='ocrx_word' id='word_1_127' title='bbox 349 2499 527 2583; x_wconf 88' lang='lat' dir='ltr'><strong>obligatus,</strong></span> <span class='ocrx_word' id='word_1_128' title='bbox 542 2501 582 2564; x_wconf 94' lang='lat' dir='ltr'><strong>de</strong></span> <span class='ocrx_word' id='word_1_129' title='bbox 598 2498 717 2584; x_wconf 89' lang='lat' dir='ltr'><strong>quibus</strong></span> <span class='ocrx_word' id='word_1_130' title='bbox 733 2499 837 2565; x_wconf 91' lang='lat' dir='ltr'><strong>eidem</strong></span> <span class='ocrx_word' id='word_1_131' title='bbox 854 2499 1045 2565; x_wconf 86' lang='lat' dir='ltr'><strong>satisfacere</strong></span> <span class='ocrx_word' id='word_1_132' title='bbox 1062 2499 1192 2565; x_wconf 92' lang='lat' dir='ltr'><strong>omnino</strong></span> <span class='ocrx_word' id='word_1_133' title='bbox 1219 2498 1397 2581; x_wconf 91' lang='lat' dir='ltr'><strong>dispositus</strong></span> <span class='ocrx_word' id='word_1_134' title='bbox 1422 2499 1483 2564; x_wconf 92' lang='lat' dir='ltr'><strong>ha·</strong></span> 
     </span>
     <span class='ocr_line' id='line_1_19' title="bbox 349 2605 1483 2691; baseline -0.003 -19"><span class='ocrx_word' id='word_1_135' title='bbox 349 2607 462 2688; x_wconf 81' lang='lat' dir='ltr'><strong>betur3</strong></span> <span class='ocrx_word' id='word_1_136' title='bbox 497 2606 713 2689; x_wconf 82' lang='lat' dir='ltr'><strong>considerans,</strong></span> <span class='ocrx_word' id='word_1_137' title='bbox 740 2607 827 2689; x_wconf 92' lang='lat' dir='ltr'><strong>quod</strong></span> <span class='ocrx_word' id='word_1_138' title='bbox 852 2607 921 2691; x_wconf 91' lang='lat' dir='ltr'><strong>ipse</strong></span> <span class='ocrx_word' id='word_1_139' title='bbox 946 2605 1126 2671; x_wconf 89' lang='lat' dir='ltr'><strong>Paduanus</strong></span> <span class='ocrx_word' id='word_1_140' title='bbox 1151 2611 1242 2670; x_wconf 86' lang='lat' dir='ltr'><strong>certa</strong></span> <span class='ocrx_word' id='word_1_141' title='bbox 1267 2605 1483 2687; x_wconf 86' lang='lat' dir='ltr'><strong>pecuniarum</strong></span> 
     </span>
     <span class='ocr_line' id='line_1_20' title="bbox 350 2713 1482 2799; baseline 0.002 -21"><span class='ocrx_word' id='word_1_142' title='bbox 350 2717 537 2796; x_wconf 88' lang='lat' dir='ltr'><strong>quantitate</strong></span> <span class='ocrx_word' id='word_1_143' title='bbox 552 2715 717 2799; x_wconf 87' lang='lat' dir='ltr'><strong>obligatus</strong></span> <span class='ocrx_word' id='word_1_144' title='bbox 734 2716 854 2781; x_wconf 86' lang='lat' dir='ltr'><strong>existat</strong></span> <span class='ocrx_word' id='word_1_145' title='bbox 865 2715 988 2780; x_wconf 90' lang='lat' dir='ltr'><strong>eisdem</strong></span> <span class='ocrx_word' id='word_1_146' title='bbox 998 2714 1155 2796; x_wconf 82' lang='lat' dir='ltr'><strong>Venetis3</strong></span> <span class='ocrx_word' id='word_1_147' title='bbox 1172 2713 1292 2782; x_wconf 89' lang='lat' dir='ltr'><strong>Veneti</strong></span> <span class='ocrx_word' id='word_1_148' title='bbox 1301 2719 1411 2779; x_wconf 88' lang='lat' dir='ltr'><strong>autem</strong></span> <span class='ocrx_word' id='word_1_149' title='bbox 1422 2714 1482 2780; x_wconf 91' lang='lat' dir='ltr'><strong>do·</strong></span> 
     </span>
     <span class='ocr_line' id='line_1_21' title="bbox 348 2821 1482 2908; baseline -0.001 -21"><span class='ocrx_word' id='word_1_150' title='bbox 348 2825 436 2888; x_wconf 90' lang='lat' dir='ltr'><strong>mino</strong></span> <span class='ocrx_word' id='word_1_151' title='bbox 452 2823 535 2907; x_wconf 87' lang='lat' dir='ltr'><strong>Regi</strong></span> <span class='ocrx_word' id='word_1_152' title='bbox 552 2824 689 2908; x_wconf 89' lang='lat' dir='ltr'><strong>singulis</strong></span> <span class='ocrx_word' id='word_1_153' title='bbox 705 2825 800 2889; x_wconf 87' lang='lat' dir='ltr'><strong>annis</strong></span> <span class='ocrx_word' id='word_1_154' title='bbox 810 2824 845 2888; x_wconf 94' lang='lat' dir='ltr'><strong>in</strong></span> <span class='ocrx_word' id='word_1_155' title='bbox 860 2823 944 2890; x_wconf 80' lang='lat' dir='ltr'><strong>festo</strong></span> <span class='ocrx_word' id='word_1_156' title='bbox 955 2823 1054 2888; x_wconf 87' lang='lat' dir='ltr'><strong>Beati</strong></span> <span class='ocrx_word' id='word_1_157' title='bbox 1064 2821 1166 2905; x_wconf 90' lang='lat' dir='ltr'><strong>Regis</strong></span> <span class='ocrx_word' id='word_1_158' title='bbox 1184 2821 1343 2906; x_wconf 82' lang='lat' dir='ltr'><strong>Stephani</strong></span> <span class='ocrx_word' id='word_1_159' title='bbox 1353 2827 1482 2904; x_wconf 87' lang='lat' dir='ltr'><strong>septem</strong></span> 
     </span>
     <span class='ocr_line' id='line_1_22' title="bbox 348 2931 1483 3017; baseline -0.002 -21"><span class='ocrx_word' id='word_1_160' title='bbox 348 2934 451 3000; x_wconf 86' lang='lat' dir='ltr'><strong>millia</strong></span> <span class='ocrx_word' id='word_1_161' title='bbox 469 2935 657 3000; x_wconf 89' lang='lat' dir='ltr'><strong>ducatotum</strong></span> <span class='ocrx_word' id='word_1_162' title='bbox 676 2935 799 3000; x_wconf 86' lang='lat' dir='ltr'><strong>solvere</strong></span> <span class='ocrx_word' id='word_1_163' title='bbox 816 2942 892 3000; x_wconf 88' lang='lat' dir='ltr'><strong>sunt</strong></span> <span class='ocrx_word' id='word_1_164' title='bbox 908 2934 1044 3014; x_wconf 83' lang='lat' dir='ltr'><strong>astricti,</strong></span> <span class='ocrx_word' id='word_1_165' title='bbox 1063 2939 1100 2998; x_wconf 93' lang='lat' dir='ltr'><strong>ut</strong></span> <span class='ocrx_word' id='word_1_166' title='bbox 1119 2941 1218 3017; x_wconf 85' lang='lat' dir='ltr'><strong>pacta</strong></span> <span class='ocrx_word' id='word_1_167' title='bbox 1234 2931 1483 3008; x_wconf 75' lang='lat' dir='ltr'><strong>demonstrant,</strong></span> 
     </span>
    </p>
   </div>
   <div class='ocr_carea' id='block_1_5' title="bbox 349 3037 1594 3128">
    <p class='ocr_par' dir='ltr' id='par_1_6' title="bbox 349 3037 1594 3128">
     <span class='ocr_line' id='line_1_23' title="bbox 349 3037 1594 3128; baseline -0.005 -21"><span class='ocrx_word' id='word_1_168' title='bbox 349 3042 422 3108; x_wconf 92' lang='lat' dir='ltr'><strong>ideo</strong></span> <span class='ocrx_word' id='word_1_169' title='bbox 440 3043 523 3128; x_wconf 86' lang='lat' dir='ltr'><strong>petit</strong></span> <span class='ocrx_word' id='word_1_170' title='bbox 539 3044 608 3127; x_wconf 90' lang='lat' dir='ltr'><strong>ipse</strong></span> <span class='ocrx_word' id='word_1_171' title='bbox 627 3042 776 3108; x_wconf 90' lang='lat' dir='ltr'><strong>dominns</strong></span> <span class='ocrx_word' id='word_1_172' title='bbox 788 3042 870 3123; x_wconf 81' lang='lat' dir='ltr'><strong>Rex,</strong></span> <span class='ocrx_word' id='word_1_173' title='bbox 881 3048 1042 3125; x_wconf 87' lang='lat' dir='ltr'><strong>quatenus</strong></span> <span class='ocrx_word' id='word_1_174' title='bbox 1052 3041 1139 3122; x_wconf 87' lang='lat' dir='ltr'><strong>Dux,</strong></span> <span class='ocrx_word' id='word_1_175' title='bbox 1149 3037 1330 3105; x_wconf 85' lang='lat' dir='ltr'><strong>Consilimn</strong></span> <span class='ocrx_word' id='word_1_176' title='bbox 1341 3045 1373 3104; x_wconf 90' lang='lat' dir='ltr'><strong>et</strong></span> <span class='ocrx_word' id='word_1_177' title='bbox 1384 3037 1484 3104; x_wconf 86' lang='lat' dir='ltr'><strong>Com·</strong></span> <span class='ocrx_word' id='word_1_178' title='bbox 1593 3041 1594 3048; x_wconf 75' lang='grc'>’</span> 
     </span>
    </p>
   </div>
   <div class='ocr_carea' id='block_1_6' title="bbox 350 3147 1484 3234">
    <p class='ocr_par' dir='ltr' id='par_1_7' title="bbox 350 3147 1484 3234">
     <span class='ocr_line' id='line_1_24' title="bbox 350 3147 1484 3234; baseline -0.004 -19"><span class='ocrx_word' id='word_1_179' title='bbox 350 3173 446 3217; x_wconf 88' lang='lat' dir='ltr'><strong>mune</strong></span> <span class='ocrx_word' id='word_1_180' title='bbox 464 3151 682 3221; x_wconf 87' lang='lat' dir='ltr'><strong>Veaeoiarum</strong></span> <span class='ocrx_word' id='word_1_181' title='bbox 701 3161 827 3234; x_wconf 86' lang='lat' dir='ltr'><strong>septem</strong></span> <span class='ocrx_word' id='word_1_182' title='bbox 844 3172 1003 3216; x_wconf 87' lang='lat' dir='ltr'><strong>annornm</strong></span> <span class='ocrx_word' id='word_1_183' title='bbox 1029 3149 1225 3216; x_wconf 87' lang='lat' dir='ltr'><strong>solucionem</strong></span> <span class='ocrx_word' id='word_1_184' title='bbox 1242 3152 1275 3213; x_wconf 87' lang='lat' dir='ltr'><strong>in</strong></span> <span class='ocrx_word' id='word_1_185' title='bbox 1292 3154 1389 3214; x_wconf 88' lang='lat' dir='ltr'><strong>antea</strong></span> <span class='ocrx_word' id='word_1_186' title='bbox 1405 3147 1484 3211; x_wconf 89' lang='lat' dir='ltr'><strong>fien-</strong></span> 
     </span>
    </p>
   </div>
   <div class='ocr_carea' id='block_1_7' title="bbox 351 3254 1594 3342">
    <p class='ocr_par' dir='ltr' id='par_1_8' title="bbox 351 3254 1594 3342">
     <span class='ocr_line' id='line_1_25' title="bbox 351 3254 1594 3342; baseline -0.004 -19"><span class='ocrx_word' id='word_1_187' title='bbox 351 3258 434 3341; x_wconf 88' lang='lat' dir='ltr'><strong>dam,</strong></span> <span class='ocrx_word' id='word_1_188' title='bbox 452 3280 515 3342; x_wconf 91' lang='lat' dir='ltr'><strong>que</strong></span> <span class='ocrx_word' id='word_1_189' title='bbox 532 3281 690 3324; x_wconf 88' lang='lat' dir='ltr'><strong>summam</strong></span> <span class='ocrx_word' id='word_1_190' title='bbox 707 3257 830 3325; x_wconf 84' lang='lat' dir='ltr'><strong>faceret</strong></span> <span class='ocrx_word' id='word_1_191' title='bbox 855 3258 1076 3342; x_wconf 86' lang='lat' dir='ltr'><strong>quadraginta</strong></span> <span class='ocrx_word' id='word_1_192' title='bbox 1101 3279 1213 3323; x_wconf 86' lang='lat' dir='ltr'><strong>novem</strong></span> <span class='ocrx_word' id='word_1_193' title='bbox 1231 3256 1366 3322; x_wconf 90' lang='lat' dir='ltr'><strong>millium</strong></span> <span class='ocrx_word' id='word_1_194' title='bbox 1384 3254 1483 3320; x_wconf 85' lang='lat' dir='ltr'><strong>duea-</strong></span> <span class='ocrx_word' id='word_1_195' title='bbox 1592 3271 1594 3318; x_wconf 80' lang='lat' dir='ltr'>J</span> 
     </span>
    </p>
   </div>
   <div class='ocr_carea' id='block_1_8' title="bbox 348 3364 1592 4210">
    <p class='ocr_par' dir='ltr' id='par_1_9' title="bbox 348 3364 1592 4210">
     <span class='ocr_line' id='line_1_26' title="bbox 348 3364 1481 3452; baseline -0.003 -22"><span class='ocrx_word' id='word_1_196' title='bbox 348 3374 466 3445; x_wconf 85' lang='lat' dir='ltr'><strong>torum,</strong></span> <span class='ocrx_word' id='word_1_197' title='bbox 483 3368 610 3432; x_wconf 86' lang='lat' dir='ltr'><strong>nomine</strong></span> <span class='ocrx_word' id='word_1_198' title='bbox 627 3367 811 3452; x_wconf 88' lang='lat' dir='ltr'><strong>hujusmodi</strong></span> <span class='ocrx_word' id='word_1_199' title='bbox 823 3366 995 3433; x_wconf 87' lang='lat' dir='ltr'><strong>solucionie</strong></span> <span class='ocrx_word' id='word_1_200' title='bbox 1006 3367 1151 3434; x_wconf 90' lang='lat' dir='ltr'><strong>debende</strong></span> <span class='ocrx_word' id='word_1_201' title='bbox 1161 3364 1303 3430; x_wconf 90' lang='lat' dir='ltr'><strong>Domino</strong></span> <span class='ocrx_word' id='word_1_202' title='bbox 1319 3364 1436 3430; x_wconf 80' lang='lat' dir='ltr'><strong>Padus</strong></span> <span class='ocrx_word' id='word_1_203' title='bbox 1447 3365 1481 3428; x_wconf 93' lang='lat' dir='ltr'><strong>in</strong></span> 
     </span>
     <span class='ocr_line' id='line_1_27' title="bbox 349 3472 1482 3558; baseline -0.001 -21"><span class='ocrx_word' id='word_1_204' title='bbox 349 3495 408 3540; x_wconf 86' lang='lat' dir='ltr'><strong>sua</strong></span> <span class='ocrx_word' id='word_1_205' title='bbox 425 3477 588 3540; x_wconf 89' lang='lat' dir='ltr'><strong>solucione</strong></span> <span class='ocrx_word' id='word_1_206' title='bbox 604 3475 739 3543; x_wconf 86' lang='lat' dir='ltr'><strong>Venetis</strong></span> <span class='ocrx_word' id='word_1_207' title='bbox 756 3475 872 3558; x_wconf 91' lang='lat' dir='ltr'><strong>fienda,</strong></span> <span class='ocrx_word' id='word_1_208' title='bbox 889 3475 1052 3541; x_wconf 86' lang='lat' dir='ltr'><strong>defaloare</strong></span> <span class='ocrx_word' id='word_1_209' title='bbox 1076 3475 1178 3540; x_wconf 85' lang='lat' dir='ltr'><strong>velint</strong></span> <span class='ocrx_word' id='word_1_210' title='bbox 1204 3472 1482 3558; x_wconf 83' lang='lat' dir='ltr'><strong>contemplacione</strong></span> 
     </span>
     <span class='ocr_line' id='line_1_28' title="bbox 349 3580 1483 3668; baseline -0.003 -19"><span class='ocrx_word' id='word_1_211' title='bbox 349 3584 470 3649; x_wconf 90' lang='lat' dir='ltr'><strong>domini</strong></span> <span class='ocrx_word' id='word_1_212' title='bbox 488 3584 599 3665; x_wconf 89' lang='lat' dir='ltr'><strong>Regis.</strong></span> <span class='ocrx_word' id='word_1_213' title='bbox 616 3583 723 3668; x_wconf 82' lang='lat' dir='ltr'><strong>Super</strong></span> <span class='ocrx_word' id='word_1_214' title='bbox 740 3583 857 3668; x_wconf 92' lang='lat' dir='ltr'><strong>quibus</strong></span> <span class='ocrx_word' id='word_1_215' title='bbox 868 3589 991 3666; x_wconf 87' lang='lat' dir='ltr'><strong>septem</strong></span> <span class='ocrx_word' id='word_1_216' title='bbox 1003 3584 1300 3667; x_wconf 89' lang='lat' dir='ltr'><strong>annorumintegre</strong></span> <span class='ocrx_word' id='word_1_217' title='bbox 1315 3580 1483 3646; x_wconf 78' lang='lat' dir='ltr'><strong>revolven-</strong></span> 
     </span>
     <span class='ocr_line' id='line_1_29' title="bbox 348 3690 1484 3776; baseline -0.004 -19"><span class='ocrx_word' id='word_1_218' title='bbox 348 3693 465 3759; x_wconf 89' lang='lat' dir='ltr'><strong>dorum</strong></span> <span class='ocrx_word' id='word_1_219' title='bbox 483 3691 647 3756; x_wconf 91' lang='lat' dir='ltr'><strong>solucione</strong></span> <span class='ocrx_word' id='word_1_220' title='bbox 671 3693 742 3776; x_wconf 79' lang='lat' dir='ltr'><strong>ipse</strong></span> <span class='ocrx_word' id='word_1_221' title='bbox 769 3692 918 3758; x_wconf 88' lang='lat' dir='ltr'><strong>dominus</strong></span> <span class='ocrx_word' id='word_1_222' title='bbox 944 3691 1016 3756; x_wconf 88' lang='lat' dir='ltr'><strong>Rex</strong></span> <span class='ocrx_word' id='word_1_223' title='bbox 1032 3692 1154 3757; x_wconf 89' lang='lat' dir='ltr'><strong>eisdem</strong></span> <span class='ocrx_word' id='word_1_224' title='bbox 1173 3691 1310 3758; x_wconf 85' lang='lat' dir='ltr'><strong>Venetis</strong></span> <span class='ocrx_word' id='word_1_225' title='bbox 1333 3690 1484 3772; x_wconf 84' lang='lat' dir='ltr'><strong>quietan-</strong></span> 
     </span>
     <span class='ocr_line' id='line_1_30' title="bbox 353 3797 1483 3885; baseline -0.003 -21"><span class='ocrx_word' id='word_1_226' title='bbox 353 3801 419 3865; x_wconf 87' lang='lat' dir='ltr'><strong>cias</strong></span> <span class='ocrx_word' id='word_1_227' title='bbox 437 3798 528 3865; x_wconf 86' lang='lat' dir='ltr'><strong>dabit</strong></span> <span class='ocrx_word' id='word_1_228' title='bbox 545 3799 762 3880; x_wconf 82' lang='lat' dir='ltr'><strong>sufficientes;</strong></span> <span class='ocrx_word' id='word_1_229' title='bbox 783 3800 1016 3885; x_wconf 83' lang='lat' dir='ltr'><strong>subjungendo,</strong></span> <span class='ocrx_word' id='word_1_230' title='bbox 1027 3798 1120 3883; x_wconf 86' lang='lat' dir='ltr'><strong>¹quod</strong></span> <span class='ocrx_word' id='word_1_231' title='bbox 1150 3797 1288 3882; x_wconf 87' lang='lat' dir='ltr'><strong>expletis</strong></span> <span class='ocrx_word' id='word_1_232' title='bbox 1313 3803 1346 3863; x_wconf 90' lang='lat' dir='ltr'><strong>et</strong></span> <span class='ocrx_word' id='word_1_233' title='bbox 1370 3799 1483 3861; x_wconf 91' lang='lat' dir='ltr'><strong>termi-</strong></span> 
     </span>
     <span class='ocr_line' id='line_1_31' title="bbox 351 3906 1481 3992; baseline -0.003 -19"><span class='ocrx_word' id='word_1_234' title='bbox 351 3911 438 3975; x_wconf 86' lang='lat' dir='ltr'><strong>natis</strong></span> <span class='ocrx_word' id='word_1_235' title='bbox 454 3908 640 3992; x_wconf 89' lang='lat' dir='ltr'><strong>hujusmodi</strong></span> <span class='ocrx_word' id='word_1_236' title='bbox 658 3910 752 3974; x_wconf 86' lang='lat' dir='ltr'><strong>annis</strong></span> <span class='ocrx_word' id='word_1_237' title='bbox 769 3910 811 3974; x_wconf 89' lang='lat' dir='ltr'><strong>ad</strong></span> <span class='ocrx_word' id='word_1_238' title='bbox 829 3909 1024 3976; x_wconf 89' lang='lat' dir='ltr'><strong>solucionem</strong></span> <span class='ocrx_word' id='word_1_239' title='bbox 1043 3907 1158 3973; x_wconf 91' lang='lat' dir='ltr'><strong>deinde</strong></span> <span class='ocrx_word' id='word_1_240' title='bbox 1173 3906 1366 3986; x_wconf 88' lang='lat' dir='ltr'><strong>faciendam,</strong></span> <span class='ocrx_word' id='word_1_241' title='bbox 1384 3914 1481 3990; x_wconf 88' lang='lat' dir='ltr'><strong>prout</strong></span> 
     </span>
     <span class='ocr_line' id='line_1_32' title="bbox 349 3997 1592 4101; baseline -0.002 -20"><span class='ocrx_word' id='word_1_242' title='bbox 349 4017 383 4081; x_wconf 94' lang='lat' dir='ltr'><strong>in</strong></span> <span class='ocrx_word' id='word_1_243' title='bbox 402 4019 510 4101; x_wconf 89' lang='lat' dir='ltr'><strong>pactis</strong></span> <span class='ocrx_word' id='word_1_244' title='bbox 528 4019 722 4098; x_wconf 90' lang='lat' dir='ltr'><strong>continetur,</strong></span> <span class='ocrx_word' id='word_1_245' title='bbox 740 4019 805 4084; x_wconf 89' lang='lat' dir='ltr'><strong>sint</strong></span> <span class='ocrx_word' id='word_1_246' title='bbox 821 4018 969 4083; x_wconf 86' lang='lat' dir='ltr'><strong>adstricti</strong></span> <span class='ocrx_word' id='word_1_247' title='bbox 997 4023 1030 4082; x_wconf 86' lang='lat' dir='ltr'><strong>et</strong></span> <span class='ocrx_word' id='word_1_248' title='bbox 1055 4016 1181 4099; x_wconf 89' lang='lat' dir='ltr'><strong>alligati</strong></span> <span class='ocrx_word' id='word_1_249' title='bbox 1207 4016 1240 4079; x_wconf 94' lang='lat' dir='ltr'><strong>in</strong></span> <span class='ocrx_word' id='word_1_250' title='bbox 1266 4015 1430 4098; x_wconf 85' lang='lat' dir='ltr'><strong>premissis</strong></span> <span class='ocrx_word' id='word_1_251' title='bbox 1449 4023 1480 4080; x_wconf 86' lang='lat' dir='ltr'><strong>et</strong></span> <span class='ocrx_word' id='word_1_252' title='bbox 1588 3997 1592 4034; x_wconf 70' lang='lat'><em>³</em></span> 
     </span>
     <span class='ocr_line' id='line_1_33' title="bbox 351 4124 1480 4210; baseline -0.002 -20"><span class='ocrx_word' id='word_1_253' title='bbox 351 4127 438 4191; x_wconf 79' lang='lat' dir='ltr'><strong>cinni</strong></span> <span class='ocrx_word' id='word_1_254' title='bbox 456 4125 543 4190; x_wconf 85' lang='lat' dir='ltr'><strong>dicto</strong></span> <span class='ocrx_word' id='word_1_255' title='bbox 562 4126 692 4191; x_wconf 92' lang='lat' dir='ltr'><strong>domino</strong></span> <span class='ocrx_word' id='word_1_256' title='bbox 708 4125 794 4210; x_wconf 90' lang='lat' dir='ltr'><strong>Regi</strong></span> <span class='ocrx_word' id='word_1_257' title='bbox 809 4131 937 4209; x_wconf 87' lang='lat' dir='ltr'><strong>gratam</strong></span> <span class='ocrx_word' id='word_1_258' title='bbox 964 4125 1238 4208; x_wconf 75' lang='lat' dir='ltr'><strong>complacentiam</strong></span> <span class='ocrx_word' id='word_1_259' title='bbox 1262 4129 1295 4188; x_wconf 91' lang='lat' dir='ltr'><strong>et</strong></span> <span class='ocrx_word' id='word_1_260' title='bbox 1320 4124 1480 4188; x_wconf 87' lang='lat' dir='ltr'><strong>sinceram</strong></span> 
     </span>
    </p>
   </div>
   <div class='ocr_carea' id='block_1_9' title="bbox 349 4231 1592 4320">
    <p class='ocr_par' dir='ltr' id='par_1_10' title="bbox 349 4231 1592 4320">
     <span class='ocr_line' id='line_1_34' title="bbox 349 4231 1592 4320; baseline -0.006 -20"><span class='ocrx_word' id='word_1_261' title='bbox 349 4235 530 4300; x_wconf 84' lang='lat' dir='ltr'><strong>amiciciam</strong></span> <span class='ocrx_word' id='word_1_262' title='bbox 548 4234 730 4298; x_wconf 89' lang='lat' dir='ltr'><strong>ostendent.</strong></span> <span class='ocrx_word' id='word_1_263' title='bbox 748 4234 901 4299; x_wconf 84' lang='lat' dir='ltr'><strong>Ceterum</strong></span> <span class='ocrx_word' id='word_1_264' title='bbox 917 4234 1104 4320; x_wconf 90' lang='lat' dir='ltr'><strong>hujusmodi</strong></span> <span class='ocrx_word' id='word_1_265' title='bbox 1128 4232 1368 4317; x_wconf 87' lang='lat' dir='ltr'><strong>quietacionum</strong></span> <span class='ocrx_word' id='word_1_266' title='bbox 1395 4231 1482 4295; x_wconf 85' lang='lat' dir='ltr'><strong>litte·</strong></span> <span class='ocrx_word' id='word_1_267' title='bbox 1591 4253 1592 4294; x_wconf 87' lang='lat'>3</span> 
     </span>
    </p>
   </div>
   <div class='ocr_carea' id='block_1_10' title="bbox 350 4337 1480 4408">
    <p class='ocr_par' dir='ltr' id='par_1_11' title="bbox 350 4337 1480 4408">
     <span class='ocr_line' id='line_1_35' title="bbox 350 4337 1480 4408; baseline -0.005 0"><span class='ocrx_word' id='word_1_268' title='bbox 350 4366 404 4408; x_wconf 87' lang='lat' dir='ltr'><strong>ras</strong></span> <span class='ocrx_word' id='word_1_269' title='bbox 421 4344 571 4408; x_wconf 87' lang='lat' dir='ltr'><strong>dominus</strong></span> <span class='ocrx_word' id='word_1_270' title='bbox 587 4341 659 4408; x_wconf 90' lang='lat' dir='ltr'><strong>Rex</strong></span> <span class='ocrx_word' id='word_1_271' title='bbox 678 4344 796 4408; x_wconf 89' lang='lat' dir='ltr'><strong>eisdem</strong></span> <span class='ocrx_word' id='word_1_272' title='bbox 814 4344 1016 4407; x_wconf 87' lang='lat' dir='ltr'><strong>transmittet</strong></span> <span class='ocrx_word' id='word_1_273' title='bbox 1033 4340 1074 4405; x_wconf 88' lang='lat' dir='ltr'><strong>ad</strong></span> <span class='ocrx_word' id='word_1_274' title='bbox 1091 4338 1124 4407; x_wconf 82' lang='lat' dir='ltr'>V</span> <span class='ocrx_word' id='word_1_275' title='bbox 1126 4339 1254 4404; x_wconf 87' lang='lat' dir='ltr'><strong>enecias</strong></span> <span class='ocrx_word' id='word_1_276' title='bbox 1279 4340 1311 4403; x_wconf 88' lang='lat' dir='ltr'><strong>in</strong></span> <span class='ocrx_word' id='word_1_277' title='bbox 1339 4337 1480 4402; x_wconf 84' lang='lat' dir='ltr'><strong>termino</strong></span> 
     </span>
    </p>
   </div>
   <div class='ocr_carea' id='block_1_11' title="bbox 346 4444 1592 4642">
    <p class='ocr_par' dir='ltr' id='par_1_12' title="bbox 346 4444 1592 4642">
     <span class='ocr_line' id='line_1_36' title="bbox 350 4444 1592 4533; baseline -0.006 -18"><span class='ocrx_word' id='word_1_278' title='bbox 350 4452 395 4515; x_wconf 92' lang='lat' dir='ltr'><strong>eis</strong></span> <span class='ocrx_word' id='word_1_279' title='bbox 411 4449 542 4533; x_wconf 87' lang='lat' dir='ltr'><strong>placido</strong></span> <span class='ocrx_word' id='word_1_280' title='bbox 558 4458 591 4514; x_wconf 89' lang='lat' dir='ltr'><strong>et</strong></span> <span class='ocrx_word' id='word_1_281' title='bbox 607 4451 820 4533; x_wconf 88' lang='lat' dir='ltr'><strong>convenienti,</strong></span> <span class='ocrx_word' id='word_1_282' title='bbox 837 4454 870 4514; x_wconf 91' lang='lat' dir='ltr'><strong>et</strong></span> <span class='ocrx_word' id='word_1_283' title='bbox 887 4450 913 4514; x_wconf 91' lang='lat' dir='ltr'><strong>si</strong></span> <span class='ocrx_word' id='word_1_284' title='bbox 931 4450 1134 4515; x_wconf 89' lang='lat' dir='ltr'><strong>consencient</strong></span> <span class='ocrx_word' id='word_1_285' title='bbox 1160 4449 1193 4511; x_wconf 94' lang='lat' dir='ltr'><strong>in</strong></span> <span class='ocrx_word' id='word_1_286' title='bbox 1208 4446 1270 4510; x_wconf 92' lang='lat' dir='ltr'><strong>hoc</strong></span> <span class='ocrx_word' id='word_1_287' title='bbox 1286 4444 1390 4528; x_wconf 87' lang='lat' dir='ltr'><strong>Regie</strong></span> <span class='ocrx_word' id='word_1_288' title='bbox 1407 4444 1479 4509; x_wconf 83' lang='lat' dir='ltr'><strong>Ma-</strong></span> <span class='ocrx_word' id='word_1_289' title='bbox 1590 4487 1592 4516; x_wconf 51' lang='lat' dir='ltr'><strong>i</strong></span> 
     </span>
     <span class='ocr_line' id='line_1_37' title="bbox 346 4554 1592 4642; baseline -0.003 -21"><span class='ocrx_word' id='word_1_290' title='bbox 346 4559 467 4642; x_wconf 88' lang='lat' dir='ltr'><strong>jestati,</strong></span> <span class='ocrx_word' id='word_1_291' title='bbox 484 4563 601 4626; x_wconf 84' lang='lat' dir='ltr'><strong>extunc</strong></span> <span class='ocrx_word' id='word_1_292' title='bbox 617 4558 760 4624; x_wconf 91' lang='lat' dir='ltr'><strong>Domino</strong></span> <span class='ocrx_word' id='word_1_293' title='bbox 772 4557 885 4624; x_wconf 89' lang='lat' dir='ltr'><strong>Paduo</strong></span> <span class='ocrx_word' id='word_1_294' title='bbox 897 4580 961 4623; x_wconf 92' lang='lat' dir='ltr'><strong>non</strong></span> <span class='ocrx_word' id='word_1_295' title='bbox 972 4557 1069 4622; x_wconf 84' lang='lat' dir='ltr'><strong>velint</strong></span> <span class='ocrx_word' id='word_1_296' title='bbox 1081 4559 1205 4623; x_wconf 85' lang='lat' dir='ltr'><strong>instare</strong></span> <span class='ocrx_word' id='word_1_297' title='bbox 1221 4554 1362 4620; x_wconf 86' lang='lat' dir='ltr'><strong>detenta</strong></span> <span class='ocrx_word' id='word_1_298' title='bbox 1385 4574 1478 4636; x_wconf 86' lang='lat' dir='ltr'><strong>pecn-</strong></span> <span class='ocrx_word' id='word_1_299' title='bbox 1590 4569 1592 4604; x_wconf 64' lang='lat' dir='ltr'><strong>l</strong></span> 
     </span>
    </p>
   </div>
   <div class='ocr_carea' id='block_1_12' title="bbox 0 0 1605 5252">
    <p class='ocr_par' dir='ltr' id='par_1_13' title="bbox 0 0 1605 5252">
     <span class='ocr_line' id='line_1_38' title="bbox 0 0 1605 5252; baseline 0 0"><span class='ocrx_word' id='word_1_300' title='bbox 0 0 1605 5252; x_wconf 95' lang='lat' dir='ltr'><strong> </strong></span> 
     </span>
    </p>
   </div>
  </div>
 </body>
</html>
