3226 5258
605 687 656 748 37.

85 841 104 902 l.
123 844 210 927 lojos
225 865 365 928 mappas·
380 844 412 906 cis
428 843 552 929 lenpyel
567 845 747 930 kircilpaalc
765 845 826 909 XI.
845 845 983 932 (lor-pely
997 851 1098 934 pcipe,
1114 849 1195 934 bopy

127 949 274 1014 Jolanna
289 949 417 1014 sicilici
440 951 650 1036 kir·rilyudboz
667 953 878 1038 bordtsrippol
894 953 1013 1039 lepyen.
1042 956 1134 1018 1372.

177 1109 357 1192 Gregorius
383 1109 564 1194 Episcopus
581 1116 639 1174 etc.
657 1111 822 1176 carissimo
839 1112 872 1175 iu
890 1110 1022 1179 Christo
1046 1113 1115 1178 filio
1131 1115 1196 1178 Lu·

7 1233 8 1236 ’
88 1214 181 1280 dorico
205 1214 286 1298 Regi
314 1215 464 1299 Vngarie
487 1217 615 1294 illustri,
648 1217 785 1282 salutem
813 1225 872 1282 etc.
900 1219 939 1283 lu
965 1221 1123 1302 omnibus,
1148 1221 1194 1286 tili

88 1322 239 1404 carissime,
266 1325 509 1392 occurrentibus
526 1324 628 1403 nobis,
644 1347 705 1407 que
723 1321 825 1390 Tuam
853 1325 1086 1393 Oelaitudinsm
1104 1328 1195 1392 diuo·

7 1467 8 1474 κ
88 1438 202 1495 muutur
229 1433 426 1514 contingere,
459 1434 548 1514 prius
579 1435 685 1496 animo
717 1433 862 1512 salutern,
895 1435 1066 1517 meritique
1106 1435 1194 1519 apud

88 1535 186 1620 Deum,
208 1545 245 1604 ac
270 1539 460 1622 temporalis
480 1539 620 1624 honoris,
637 1542 693 1624 qui
714 1541 817 1606 eciam
834 1562 873 1605 ex
890 1543 1065 1606 virtutibus
1083 1563 1194 1626 prove·

87 1647 135 1722 uit,
149 1652 177 1710 et
192 1646 316 1712 demum
330 1647 490 1712 mundana
502 1639 661 1730 potencie,
677 1651 732 1732 qui
748 1651 781 1712 iu
800 1647 862 1712 Dei
880 1649 1046 1730 obsequiis
1064 1669 1192 1714 exorce-

7 1827 8 1830 ,
88 1759 140 1833 tur,
152 1761 403 1836 augmentumac
414 1755 667 1820 consolationem
679 1755 848 1820 honestam
866 1756 1010 1821 eiusdem
1027 1755 1194 1820 Celsituti·

7 1923 9 1944 ὲ
89 1859 129 1922 nis
142 1861 326 1926 muamus
343 1869 376 1925 et
394 1863 492 1926 etiam
509 1868 727 1945 peroptamus.
745 1863 811 1927 Hic
827 1865 912 1928 enim
930 1863 1058 1929 debitus
1075 1864 1194 1928 carita-

7 2019 8 2050 3
90 1967 124 2030 tis
137 1975 179 2031 est
193 1969 278 2049 ordo,
304 1968 344 2034 de
371 1991 435 2051 quo
451 1991 568 2052 sponsa
586 1969 720 2050 Christi,
740 1991 798 2034 sua
814 1970 967 2036 videlicet
988 1969 1145 2050 Ecclesia,
1161 1971 1195 2034 in

7 2071 9 2146 ξ
89 2075 206 2140 canticis
215 2074 393 2157 gloriatur;
417 2077 549 2142 hicesse
566 2076 663 2142 debet
675 2077 846 2144 ordinatus
863 2079 999 2144 affectus
1012 2077 1194 2144 Christiani

7 2249 8 2260 ἶ
89 2181 245 2265 cuiuslibet,
261 2185 312 2247 cui
328 2183 514 2250 moderatus
530 2206 607 2250 usus
624 2185 862 2268 temporalium,
888 2188 992 2251 iustus
1009 2186 1194 2250 dominatus

89 2295 116 2351 et
129 2288 252 2355 honesta
268 2290 428 2356 desideria
444 2313 463 2354 a
480 2291 570 2374 Rege
586 2291 713 2375 Regum
741 2301 774 2357 et
798 2293 1034 2359 dominantium
1052 2292 1195 2359 Domino

7 2425 8 2438 κ
89 2392 118 2458 in
132 2395 230 2461 seculo
246 2407 321 2462 suut
339 2400 507 2480 promissa,
524 2405 557 2462 et
573 2399 689 2464 Eterui
700 2397 806 2483 Regni
817 2401 977 2483 possessio
987 2403 1193 2484 repromissa,

7 2489 9 2572 i
88 2511 117 2568 ut
131 2526 183 2587 pro
198 2527 230 2570 se
245 2506 294 2571 rel
312 2506 379 2572 alio
395 2528 458 2571 uon
484 2515 562 2589 agat
589 2509 638 2573 rel
664 2514 754 2590 optet
779 2510 813 2573 in
839 2508 1057 2575 mundialibus
1073 2529 1120 2590 es,
1137 2527 1194 2590 per

7 2603 10 2668 l
88 2631 142 2693 que
156 2610 273 2696 Regem
290 2615 396 2699 ipsum
415 2623 576 2696 provocet,
593 2621 625 2679 et
641 2616 772 2680 amittat
800 2623 919 2682 eterna.
948 2617 1019 2682 Hec
1036 2613 1194 2698 siquidem

87 2717 308 2802 prelibavimus,
335 2727 369 2785 rt
385 2742 450 2785 nou
465 2720 623 2804 turbetur,
640 2743 698 2786 nec
715 2723 814 2788 etiam
831 2725 968 2788 miretur
987 2721 1194 2788 Excelleucio

8 2875 10 2914 ἰ
87 2823 189 2911 Regia,
203 2831 229 2892 si
245 2830 313 2894 eius
338 2829 449 2894 forsan
473 2829 638 2894 videamus
659 2830 814 2894 reluctari
840 2831 1047 2914 conceptibus
1063 2835 1097 2894 et
1112 2828 1195 2892 desi·

8 2939 11 3032 4
87 2933 176 2999 dariis
198 2939 368 3018 contraire,
394 2936 481 3020 qnod
505 2943 652 3003 tenemur
677 2937 782 3003 facere
807 2939 840 3002 in
866 2957 1066 3020 quocumque
1097 2933 1194 3016 fideli,

9 3033 11 3114 i
87 3045 241 3124 presertim
272 3044 492 3128 Principibus,
518 3067 576 3128 per
594 3067 674 3128 quos
691 3043 853 3112 Catholici
881 3044 991 3129 populi
1015 3042 1195 3128 gubernan-

9 3133 11 3226 ξ
86 3155 141 3231 tur,
154 3159 186 3215 rt
197 3153 303 3236 prima
319 3153 449 3217 iusticia
460 3155 644 3236 reperiatur
660 3155 692 3218 in
709 3155 796 3237 ipsis,
813 3155 870 3236 qui
887 3151 1059 3218 secundam
1076 3149 1196 3214 habent

86 3255 152 3320 aliis
177 3259 367 3326 ministrare.
395 3257 481 3324 Saue
507 3261 674 3326 carissima
701 3261 733 3324 iu
760 3259 893 3326 Christo
919 3258 986 3322 filia
1010 3261 1122 3321 nostra
1137 3255 1197 3322 Jo-

87 3363 182 3430 hanua
197 3367 326 3451 Regina
344 3365 456 3433 Sicilie
472 3368 611 3432 illustris
631 3367 723 3433 nohis
744 3387 814 3432 cum
831 3365 926 3430 multi
940 3363 1061 3430 doloris
1077 3363 1196 3429 amari·

85 3575 208 3646 dilectos
232 3579 316 3646 filios
342 3580 468 3646 nobiles
493 3583 579 3645 viros
605 3580 814 3644 Fharrcisoum
840 3577 1002 3642 Comitem
1028 3572 1198 3659 Gallipoli,

85 3695 112 3751 et
132 3687 341 3756 Budislavnm
358 3690 510 3769 Militem,
526 3687 779 3753 Anabaxiatores
795 3694 867 3751 tuos
884 3684 927 3750 ad
944 3706 1015 3750 eam
1032 3707 1104 3750 cum
1130 3707 1197 3750 cor·
1311 3673 1316 3680 ⁸

84 3797 122 3859 tis
150 3797 341 3862 ambariatis
362 3806 396 3862 et
414 3795 567 3880 capitulis
591 3794 774 3872 destinavit,
800 3813 839 3856 ex
865 3791 981 3874 quibus
1005 3814 1068 3857 nou
1094 3789 1197 3858 solum

85 3902 156 3984 ipsa,
171 3903 225 3970 sed
241 3907 290 3970 sui
318 3903 465 3969 Ceriales
485 3925 523 3967 ac
549 3901 724 3984 Magnetes
739 3906 772 3963 et
788 3898 901 3983 populi
925 3899 1054 3964 luerunt
1080 3897 1197 3982 repleti

85 4014 216 4078 mestitia
240 4019 272 4077 et
286 4014 423 4089 timore;
447 4031 519 4074 cum
537 4010 779 4092 suspicarentur
796 4005 953 4072 offensam
971 4028 1010 4071 ex
1027 4013 1085 4072 tua
1102 4013 1197 4090 parte

86 4118 194 4201 inferri,
209 4139 266 4204 per
282 4139 377 4202 quern
404 4116 579 4200 sperabant
596 4115 816 4180 defensionem
834 4121 948 4180 contra
964 4116 1045 4179 alios
1062 4113 1198 4180 offenso-

86 4247 145 4306 ras;
167 4228 321 4310 nobisque
349 4223 551 4308 supplicarit,
576 4245 671 4308 super
697 4223 758 4286 hoc
775 4222 836 4288 sibi
853 4227 885 4286 et
902 4243 960 4288 suo
981 4220 1096 4305 Regno
1117 4218 1199 4286 Sici-

84 4331 120 4395 lie
143 4333 180 4398 cle
204 4331 394 4417 Apostolice
419 4330 631 4397 Provideuoie
648 4328 791 4396 remedio
817 4329 988 4413 provideri.
1007 4327 1077 4394 Nos
1093 4330 1196 4412 igitur

13 4477 15 4506 ς
84 4440 207 4520 prefatis
231 4441 296 4505 tuis
321 4438 421 4506 saluti
438 4447 471 4504 et
487 4438 612 4521 honori,
631 4461 670 4504 ac
686 4438 790 4522 quieti
807 4437 887 4503 dicti
904 4437 1010 4519 Regni
1027 4435 1199 4520 providere

13 4531 15 4646 l
84 4546 247 4614 salubriter
271 4549 449 4632 cupientes,
473 4548 547 4611 risis
571 4546 693 4612 eisdem
724 4545 876 4629 capitulis
902 4553 935 4610 et
961 4545 1048 4609 dicte
1073 4544 1199 4627 Regino

9 3243 11 3276 l

9 3351 12 3456 l

10 3471 16 3876 ι
86 3472 194 3553 tudine,
211 3482 246 3540 ut
262 3497 318 3540 sue
328 3476 508 3540 innuebant
523 3475 642 3554 littere,
658 3473 822 3550 reserarit,
840 3470 927 3554 quod
943 3469 1107 3536 Serenitas
1124 3469 1197 3535 'Pus

13 4423 18 4472 l

14 4891 17 5010 ἱ

14 5017 43 5252 l
