3134 5254
1558 321 1561 352 1

409 572 533 638 Vestra
549 570 740 639 Dominatio
757 574 931 656 scripserat
956 573 1049 640 nobis
1065 595 1136 639 cum
1153 573 1264 640 multis
1281 573 1513 658 reprehensioni·

409 681 478 765 bus,
496 682 633 749 diceudo
659 681 747 764 quod
771 683 963 763 mirabatur,
984 683 1126 766 qualiter
1142 705 1199 747 uos
1216 682 1467 765 elargareramus
1479 682 1512 746 ud

407 789 591 857 iaciendum
608 791 852 876 promissionem
868 791 1058 874 predictam,
1074 792 1281 857 considerato
1294 793 1379 876 quod
1389 792 1514 858 nossem

409 897 607 966 debebamus
633 901 716 966 scire
743 905 777 964 et
802 921 1005 982 cognoscere,
1031 898 1119 982 quod
1144 899 1209 964 ista
1237 921 1364 965 summa
1388 906 1452 965 erat
1465 898 1515 964 sibi

408 1007 627 1092 importabilis
651 1007 694 1073 ad
721 1007 918 1089 solvendum,
941 1029 1012 1074 cum
1040 1006 1116 1090 alijs
1140 1007 1252 1073 multis
1277 1008 1401 1086 verbis;
1415 1006 1516 1071 sedta·
1559 1097 1560 1100 Ἴ

409 1137 484 1182 men
501 1114 615 1182 habito
640 1121 790 1200 respectu
816 1115 858 1182 ad
885 1117 1133 1200 promissionem
1159 1138 1256 1200 quam
1274 1113 1515 1196 fecerimusvos

408 1225 495 1289 datis
511 1224 605 1292 nobis
622 1224 793 1290 arbitrium
814 1224 902 1307 qood
918 1224 1175 1290 condescendere
1192 1245 1361 1310 possemus
1376 1220 1514 1306 usquead

409 1353 568 1398 summam
593 1331 776 1415 predictam
794 1331 986 1398 ducatorum
1003 1338 1227 1397 sexcentorum
1244 1333 1430 1398 milium.Et
1444 1330 1515 1394 iacta-

410 1442 497 1506 inter
516 1441 602 1524 ipsos
627 1441 731 1506 multa
756 1441 976 1524 disputatione
995 1441 1181 1524 superinde,
1198 1441 1355 1524 quiajam
1372 1445 1514 1514 eminam

406 1549 468 1632 ipsi
486 1548 639 1616 dixerunt
654 1547 747 1616 nobis
765 1572 771 1612 :
792 1544 933 1615 »Videte
943 1545 1088 1628 Domini,
1105 1569 1164 1613 uos
1179 1549 1325 1614 ridemus
1343 1549 1450 1614 boram
1463 1553 1514 1612 tar-

407 1656 592 1737 dissimam3
616 1662 650 1723 et
673 1663 849 1740 propterea
873 1676 933 1721 nos
957 1657 1105 1722 volumus
1132 1657 1219 1739 quod
1237 1659 1319 1723 eatis
1335 1655 1513 1734 domnm;et

406 1765 556 1832 dabimus
571 1764 663 1830 vobis
679 1787 777 1831 unum
794 1766 851 1848 qui
865 1765 973 1831 veniet
988 1765 1164 1845 vobiscum,
1191 1773 1224 1831 et
1250 1766 1371 1831 tenetis
1386 1765 1476 1842 iilum,
1488 1767 1514 1824 ct

408 1896 481 1940 cras
498 1875 531 1939 in
547 1896 641 1941 mane
666 1873 751 1939 bona
776 1874 858 1939 hora
880 1871 1133 1957 veniatisssuia
1149 1896 1207 1941 nos
1223 1875 1382 1940 stabimus
1397 1879 1461 1938 tota
1473 1871 1513 1934 dir

405 2004 502 2067 super
520 1984 593 2049 istis
608 1982 713 2061 factis,
739 1988 770 2047 et
797 1984 917 2048 erimus
943 2003 1040 2064 super
1056 1981 1118 2046 hoo
1134 1982 1275 2066 capitulo
1291 1989 1325 2048 et
1341 1981 1423 2064 alijs,
1437 1985 1465 2045 et
1475 1979 1514 2042 in·
1560 2009 1561 2012 ¹

404 2093 500 2156 terim
515 2111 574 2156 nos
591 2089 805 2174 cogitabimus
821 2097 854 2155 et
870 2109 924 2154 sos
941 2088 1125 2171 cogitabitis
1142 2088 1364 2173 superinde«.
1389 2089 1432 2154 Et
1445 2107 1514 2152 sum·

404 2220 456 2264 mo
473 2219 570 2264 manc
587 2199 734 2264 vadimus
750 2218 809 2263 nos
834 2201 901 2261 tres
917 2196 960 2262 ad
976 2217 1135 2278 campum,
1154 2194 1275 2260 facturi
1292 2195 1327 2261 id
1344 2194 1425 2278 quod
1439 2199 1514 2277 pote
1560 2253 1561 2258 ,

408 394 471 458 302
759 409 992 460 nusousczmr
1009 397 1177 458 auribnus.

405 2308 506 2372 rimus
523 2327 583 2389 pro
600 2306 723 2372 honore
740 2303 981 2370 Dominatiouis
999 2303 1125 2384 Vestre,
1140 2309 1178 2368 ut
1194 2311 1347 2387 portatur
1362 2303 1430 2368 finis
1439 2302 1513 2367 debi-

404 2421 458 2479 tus
473 2412 570 2478 factis
596 2413 678 2479 istis.
703 2412 908 2494 Sentivimus,
925 2410 1014 2496 quod
1031 2410 1151 2479 Vestra
1167 2412 1359 2479 Dominatio
1374 2412 1447 2477 iacit
1458 2430 1513 2474 ma·

405 2522 509 2588 ximus
525 2527 705 2606 apparatus
721 2541 781 2604 pro
798 2519 1011 2586 substinendo
1031 2520 1154 2587 honore
1171 2520 1317 2607 ejusdem
1333 2518 1514 2586 Dominatio
1560 2545 1561 2594 p

403 2631 454 2694 nis
472 2628 609 2708 Vestre;
633 2635 666 2692 et
691 2633 873 2712 propterea,
901 2629 927 2693 si
953 2649 1088 2712 persone
1103 2635 1212 2694 nostre
1228 2628 1280 2693 vel
1296 2629 1404 2712 alique
1418 2648 1511 2692 enum

405 2742 514 2802 essent
528 2736 626 2800 utiles
642 2736 685 2802 ad
702 2735 837 2818 aliquid,
863 2735 1035 2802 offeremus
1051 2757 1109 2802 nos
1123 2742 1257 2820 paratos
1274 2758 1375 2820 usque
1391 2736 1431 2802 ad
1445 2755 1514 2800 mor·

405 2851 470 2909 tem
497 2865 556 2928 pro
583 2845 704 2911 honore
731 2845 878 2929 ejusdem
903 2845 1147 2911 Dominationis
1173 2844 1293 2912 Vestra
1318 2847 1394 2912 totis
1409 2843 1513 2910 viribus
1558 2847 1560 2934 ᾗ

403 2952 566 3020 laborare.
596 2951 688 3018 Data
703 2953 836 3042 ‘Mestre
863 2953 915 3018 die
941 2951 1042 3021 VHI.
1069 2954 1222 3020 Octobris
1247 2955 1280 3018 in
1307 2975 1408 3035 mane,
1431 2950 1513 3017 indie

403 3063 492 3128 tione
507 3059 576 3126 III.
1159 3060 1408 3129 Ambasiatores
1425 3067 1477 3126 etc

530 3261 591 3344 44)
614 3256 648 3324 A
672 3256 902 3325 relenczei
927 3257 1131 3344 dogenek
1155 3283 1175 3327 a
1197 3257 1400 3328 kdvetek.

511 3379 723 3452 Serenissime
740 3379 879 3452 Domine
895 3392 1015 3452 noster.
1043 3384 1134 3452 Sicut
1162 3385 1351 3472 srcipsimus
1375 3384 1512 3453 Domina·
1556 3385 1558 3458 j

403 3492 486 3560 tioni
517 3489 636 3562 Vestre
668 3494 774 3577 hodie,
800 3515 859 3560 nos
884 3491 1043 3561 Nicolaus
1077 3496 1288 3578 Mauroceno,
1314 3494 1454 3564 Jacobus
1481 3489 1512 3554 de
1556 3483 1558 3510 i

401 3601 525 3666 Priulis
541 3608 574 3667 et
589 3599 734 3667 Michael
750 3601 952 3668 Macroceno
978 3603 1099 3668 fuimus
1116 3603 1159 3669 ad
1184 3624 1343 3686 campum.
1359 3604 1402 3668 Et
1416 3599 1512 3668 stetin
1556 3593 1557 3626 r

406 3709 526 3775 fuimus
544 3709 587 3775 ad
613 3711 813 3793 presentium
839 3709 962 3776 domini
986 3708 1105 3776 Karoli
1133 3717 1165 3777 et
1189 3710 1331 3778 aliorum
1347 3701 1512 3782 Bissonum
1544 3743 1550 3752 ·

404 3823 437 3883 et
453 3816 543 3883 sacta
559 3838 680 3900 magna
699 3817 920 3900 disputatione
938 3838 1036 3901 super
1063 3839 1188 3884 summa
1213 3820 1351 3902 pecunie
1368 3811 1512 3890 solvenda,

404 3923 444 3990 de
470 3947 536 4009 qua
562 3923 711 3990 stetimus
735 3923 819 3990 firmi
844 3926 886 3991 ad
913 3947 1072 3993 summam
1113 3927 1305 4012 promissam
1342 3925 1512 3990 ducatorum

404 4040 631 4099 sexcentorum
662 4032 797 4117 milium,
823 4032 995 4117 allegando
1022 4034 1171 4119 pluribus
1195 4034 1401 4100 ratinonibus
1425 4032 1512 4116 ipsam

403 4161 561 4206 summam
578 4141 648 4206 iore
664 4141 772 4207 adhuc
788 4141 1025 4225 importabilem
1057 4142 1283 4210 Dominationi
1299 4140 1436 4220 Vestra3
1456 4145 1513 4206 tsn-
1554 4145 1556 4154 '

404 4247 477 4314 dem
494 4246 599 4314 dictus
616 4248 765 4314 dominus
781 4248 930 4315 Karolus
946 4249 1063 4317 habuit
1078 4250 1208 4317 dicere:
1227 4250 1348 4334 »Bena
1364 4240 1512 4315 eamusad

403 4357 579 4440 capitulum
590 4378 713 4437 census,
723 4363 756 4422 et
765 4357 962 4440 permittatis
971 4357 1060 4424 istud
1070 4359 1136 4424 sice
1148 4356 1303 4424 dicendo:
1318 4358 1408 4427 »Vos
1417 4370 1510 4432 recog·

402 4463 545 4529 noscetis
561 4463 728 4529 dominum
742 4463 867 4548 Regem
882 4464 916 4528 in
932 4464 1089 4538 Vestrum
1098 4466 1285 4548 Dominum,
1301 4465 1387 4530 sicut
1401 4470 1448 4530 est
1461 4459 1511 4523 dic*

404 4578 492 4654 tum3
509 4573 564 4638 sed
583 4593 676 4654 quem
695 4593 825 4637 censum
840 4571 937 4638 vultis
953 4594 1010 4639 ros
1027 4572 1105 4640 dare
1117 4573 1153 4638 P«
1173 4574 1218 4638 Et
1228 4594 1287 4638 nos
1297 4569 1510 4656 respondimus,
1553 4659 1554 4662 Ἴ
