3214 5250
627 274 720 336 1387.
1173 275 1234 340 631

102 451 198 514 brevi
217 449 344 533 eloquio
360 449 510 514 duximus
526 449 798 534 respondendum,
817 448 903 532 quod
930 472 987 515 nos
1013 453 1099 518 omni
1126 460 1238 523 nostro

101 579 204 643 posse
220 558 402 634 studuimus
418 557 608 623 fidelitatem
625 554 755 622 Corone
773 556 874 624 Saere
901 557 1071 642 Hungarie
1096 563 1239 628 median·

103 667 197 733 tibus
224 668 376 751 operibus
403 670 625 752 incorruptam
652 675 686 734 et
711 667 952 734 immaculatam
979 691 1118 753 servare,
1145 674 1240 739 etsie

107 777 323 858 studebimus,
340 777 441 842 donec
458 778 590 860 spiritus
612 775 733 859 vigebit
757 775 790 840 in
816 778 1006 860 corporibus
1022 781 1160 859 nostris3
1179 801 1238 864 pro

106 886 202 952 cuius
217 886 415 952 exaltatione
433 886 632 951 intendimus
649 885 779 950 mittere
796 907 954 970 personas
970 893 1005 952 et
1031 910 1083 953 res
1099 897 1239 968 nostras,

103 999 139 1058 et
157 1017 221 1060 non
237 1015 372 1078 parcere
389 994 482 1059 nobis
499 993 533 1058 in
550 994 662 1075 aliquo
679 1016 738 1076 pro
756 998 929 1079 augmento
942 993 1067 1062 Corone
1085 996 1238 1082 predicte,

104 1109 265 1183 tanquam
282 1123 341 1184 pro
358 1099 488 1166 domino
515 1107 627 1165 nostro
653 1100 806 1166 naturali.
832 1102 877 1166 ut
902 1123 920 1166 o
945 1103 1070 1169 utinam
1097 1125 1238 1169 essemus

101 1215 201 1276 tante
217 1210 370 1293 potentie,
396 1214 432 1273 ut
446 1230 612 1293 possemus
629 1208 749 1274 dictam
767 1207 928 1274 Coronam
957 1209 1128 1296 Hungarie
1153 1211 1239 1276 exal-

102 1323 190 1398 tare,
217 1317 369 1401 quoniam
396 1339 481 1381 nunc
506 1323 643 1401 pateret,
670 1317 810 1400 qualiter
836 1322 950 1382 nostra
981 1340 1064 1401 pura
1095 1318 1237 1384 fidelitas

106 1427 198 1489 circa
215 1446 254 1491 ea
269 1425 465 1490 intemerata
482 1431 638 1490 servatur.
655 1421 701 1488 m
717 1426 762 1489 sic
779 1425 812 1489 in
828 1431 942 1490 nostra
967 1425 1127 1491 fidelitate
1144 1426 1241 1492 dura·

105 1534 217 1600 bimus
232 1532 303 1600 Deo
321 1533 401 1598 duce
427 1531 623 1598 immutabili
640 1540 673 1596 et
688 1532 785 1597 corde
811 1531 902 1614 duro,
919 1537 951 1596 ot
976 1533 1116 1598 maxime
1142 1539 1179 1599 ut
1204 1535 1237 1599 in

104 1647 222 1706 nostro
240 1639 379 1723 pristino
398 1645 486 1704 statu
503 1647 535 1705 et
550 1639 705 1705 libertate
722 1639 817 1704 solita
828 1661 1055 1723 perserverare
1065 1641 1235 1725 possimus.

104 1749 267 1814 Preterea
284 1748 372 1831 quod
389 1747 490 1831 aliqui
506 1755 640 1830 possent
655 1749 741 1812 inter
752 1746 940 1812 Domiuiunr
954 1748 1108 1813 Vestrum
1125 1755 1236 1830 etnos,

106 1877 193 1941 quos
225 1858 362 1940 potestis
388 1861 515 1922 vestros
542 1857 714 1924 servitores
739 1855 876 1921 firmiter
902 1863 1063 1940 reputare,
1089 1856 1236 1940 aliquam

104 1967 267 2033 zizaniam
283 1968 462 2047 seminare3
489 1987 661 2048 quesumus
679 1963 914 2032 Celsitudinem
941 1965 1106 2047 Vestram,
1120 1971 1158 2033 ut
1175 1969 1233 2033 mi·

104 2077 194 2154 nime
211 2073 341 2140 eredere
358 2074 472 2156 velitis
489 2095 560 2142 cum
577 2073 639 2139 hoc
656 2081 743 2139 esset
760 2073 970 2158 impossibile,
987 2075 1141 2158 quoniam
1158 2075 1238 2142 totis

104 2182 230 2248 nostris
246 2182 368 2248 viribus
385 2181 535 2264 dispositi
554 2203 663 2248 sumus
680 2188 713 2247 et
728 2179 848 2247 fuimus
873 2180 994 2249 Vestre
1019 2182 1155 2251 Excelsa
1171 2181 1238 2249 Do·

102 2291 279 2356 minationi
297 2310 408 2373 gerere
425 2289 639 2355 reverentiam
656 2295 687 2353 et
704 2289 857 2354 honorem
882 2294 1038 2372 tanquam
1055 2291 1168 2356 amicis
1187 2314 1239 2357 ca-

103 2397 243 2465 rissimis
255 2393 384 2462 Corone
402 2395 553 2479 predicte.
570 2397 615 2461 Et
626 2397 671 2460 sie
687 2395 851 2461 offerimus
862 2395 981 2464 vestre
993 2395 1190 2463 Celsitudini
1206 2402 1239 2464 et

102 2505 231 2572 civibus
256 2503 371 2569 vestris
396 2509 465 2570 tam
490 2504 687 2588 generaliter
713 2525 810 2588 quarn
837 2503 1083 2587 particulariter
1114 2528 1173 2574 nos
1205 2512 1237 2572 et

102 2621 221 2680 nostra
237 2610 279 2677 ad
297 2614 414 2692 omnia,
431 2633 495 2696 que
510 2609 628 2681 Vestro
654 2611 785 2678 Illustri
801 2611 1026 2678 Dominationi
1051 2615 1241 2698 respiciant,

102 2719 278 2788 commoda
295 2724 328 2784 et
344 2719 507 2786 honorem.
524 2718 616 2786 Data
632 2719 682 2785 die
701 2718 842 2784 secundo
861 2719 980 2784 mensis
1006 2719 1088 2786 Maii
1114 2722 1240 2789 decima

104 2827 297 2896 indictione.

648 2934 979 3017 Rect01·es,Judices,
1004 2917 1186 3002 Consilium
1206 2945 1239 3004 et

669 3042 845 3108 Commune
862 3036 1014 3109 Civitatis
1032 3044 1205 3128 Tragurii.
1243 3063 1246 3076 ·

100 3193 140 3256 (Α
168 3190 271 3255 »Copia
293 3191 326 3242 de
348 3190 589 3241 Commentariun«
619 3191 759 3240 velenezei
785 3189 965 3254 allamkonyv
993 3189 1070 3240 VIII.
1096 3189 1239 3242 kotetebol

604 3283 663 3330 298.
679 3281 744 3344 lap.)

600 3437 754 3447 ——.--—-c

633 3603 707 3669 364.

151 3770 183 3837 A
205 3769 355 3834 uclcaczec'
371 3767 650 3852 kdztcirsaac‘paalc
665 3766 813 3832 Selcrrieo
832 3769 927 3830 *varos
943 3765 1079 3851 kdzsdqe.
1099 3766 1192 3830 1387.

215 3926 336 3996 Vestra
365 3925 577 4018 Celsitudinis
608 3925 738 3992 litteras
765 3925 946 4008 recepimus
972 3924 1237 4007 gratiossisimas,

102 4059 249 4124 quarum
265 4044 387 4120 puncta
402 4037 535 4102 realiter
550 4034 632 4102 bene
649 4034 876 4100 intelleximus.
902 4035 948 4098 Et
974 4033 1051 4115 quia
1076 4033 1162 4096 inter
1187 4052 1237 4096 oe-

102 4153 182 4212 tera
199 4143 373 4210 hortamini
390 4165 449 4209 nos
465 4144 640 4227 persistere
658 4141 777 4206 debere
803 4145 987 4204 constantes
1012 4137 1129 4218 Regno
1147 4137 1238 4203 Hun-

103 4256 199 4338 garie
212 4260 273 4320 etc.
290 4255 335 4318 sic
351 4254 470 4322 Vestre
487 4253 682 4318 Reverentia
699 4253 849 4315 duximus
862 4245 1133 4332 respondendum,
1151 4249 1239 4330 quod

103 4385 236 4448 semper
252 4364 381 4442 fuimus,
398 4385 508 4428 sumus
524 4369 557 4427 et
574 4383 644 4427 esse
661 4362 856 4426 intendimus
873 4358 985 4423 fideles
1001 4364 1033 4422 et
1049 4363 1236 4422 constantes

103 4474 211 4542 Saore
227 4469 356 4540 Corone
370 4471 549 4555 Hungarie,
566 4472 658 4538 etsie
674 4473 708 4535 in
724 4469 836 4535 eadem
863 4467 1049 4533 constantia
1074 4473 1107 4532 et
1133 4487 1237 4551 perse-
