3226 5254
596 371 691 433 1380.
1150 373 1214 434 369

92 554 158 628 tum,
174 546 306 623 lactum,
327 551 451 629 gestum
470 551 505 610 et
521 566 579 610 seu
601 551 812 630 procuratum
822 544 929 610 fuerit.
946 543 1015 610 Sub
1029 553 1169 630 ypoteca
1185 555 1218 613 et

22 691 23 700 κ
92 654 278 738 obligatione
295 654 377 720 dicti
393 651 590 733 Communis,
614 659 648 717 et
663 653 822 719 bonorum
847 653 990 719 omnium
1017 655 1096 720 dicti
1122 655 1216 722 Com-

90 764 185 828 munis
202 762 372 828 mobilium
388 767 421 826 et
437 760 661 840 immobilium,
670 761 868 844 presentium
889 767 922 824 et
937 759 1130 827 futurorum.
1147 763 1213 830 Ro-

22 911 23 932 }
89 879 194 952 gantos
209 893 261 936 me
276 871 445 936 Ristorum
462 867 637 934 Notarium
654 867 908 950 infrascriptum,
924 867 1012 949 quod
1028 869 1068 934 de
1087 871 1215 953 predic-

22 995 24 1068 ξ
89 979 125 1042 tis
145 980 289 1044 omnibus
305 977 473 1062 publicum
489 975 682 1042 conficerem
707 975 958 1041 instrumentum
983 997 1081 1042 unum
1109 984 1142 1043 ct
1158 999 1214 1043 sen

100 1087 193 1170 plura,
209 1095 240 1152 et
258 1088 379 1152 totiens
396 1087 546 1170 quotiens
562 1085 750 1170 expedierit.

615 1194 691 1278 Ego
718 1192 871 1260 Ristorus
885 1193 971 1259 filius
999 1195 1139 1261 condam
1156 1219 1209 1262 ser

504 1301 634 1384 Jacobi‚
666 1301 754 1369 Civis
779 1301 1008 1382 Florentium,
1041 1303 1215 1388 Imperiali

507 1407 716 1476 Auctoritate
727 1409 838 1476 Judex
849 1408 1049 1476 Ordinarins
1061 1419 1094 1477 et
1106 1411 1210 1478 Nota-

508 1518 577 1582 rius
603 1517 769 1597 Publicus,
795 1515 949 1601 predictis
983 1519 1131 1585 omnibus
1174 1527 1207 1585 et

508 1626 645 1708 singulis
663 1627 696 1690 in
712 1625 854 1708 presenti
881 1632 912 1690 et
929 1628 1114 1710 precedenti
1132 1628 1209 1694 duo·

161 1732 310 1820 (Jegyzci
322 1733 424 1818 jegy.)
508 1734 568 1798 bus
593 1733 689 1816 petiis
725 1740 891 1799 cartarum
925 1735 1021 1799 simul
1055 1743 1209 1816 sutarum,

507 1847 541 1905 et
557 1842 590 1905 in
606 1861 718 1906 eorum
742 1843 900 1924 junctura
918 1843 1121 1926 signatarum
1147 1845 1209 1926 sig-

507 1968 548 2015 no
580 1947 778 2033 infrascripti
806 1970 858 2016 ser
883 1947 1024 2016 Antonii
1049 1951 1208 2016 contentis

511 2062 545 2121 et
559 2056 696 2139 scriptis,
714 2055 791 2121 dum
807 2062 982 2139 agerentur
1003 2056 1145 2138 interfui,
1177 2064 1209 2122 et

22 2237 24 2258 Ι
506 2183 545 2228 ea
561 2163 670 2227 omnis
687 2167 720 2228 et
737 2163 868 2246 singula
892 2164 1097 2248 snprssripta
1113 2186 1208 2248 roga·

22 2259 27 2326 l
83 2271 138 2346 tus,
152 2271 263 2354 rogari
280 2277 314 2336 et
324 2270 524 2352 imbreviavi,
534 2277 567 2335 et
577 2269 620 2334 ad
636 2290 771 2353 presens
787 2269 861 2334 aliis
877 2271 1017 2354 negotiis
1029 2280 1204 2357 occupatus

83 2377 220 2457 predicta
245 2381 355 2444 omnia
372 2384 406 2443 et
434 2377 564 2462 singula
588 2380 815 2462 suprascripta
840 2379 1032 2462 complenda
1049 2387 1083 2445 et
1097 2383 1203 2465 publi-

22 2479 27 2550 i
83 2484 178 2549 canda
207 2487 351 2552 commisi
382 2483 591 2570 infrascripto
607 2506 659 2552 ser
674 2486 822 2552 Antonio
848 2485 1005 2572 Magistri
1024 2489 1118 2554 Petri
1134 2488 1204 2556 No-

82 2593 167 2674 tario,
181 2601 212 2658 et
236 2593 308 2660 ideo
338 2615 389 2660 me
421 2593 597 2678 subscripsi
623 2601 655 2659 et
680 2595 808 2677 signnm
833 2617 940 2662 meum
967 2599 1103 2681 apposni
1130 2620 1204 2665 con·

22 2685 24 2790 ᾗ
84 2706 234 2768 euentum.

22 2807 24 2812 ’
612 2811 685 2896 Ego
701 2812 868 2878 Antonius
878 2811 962 2879 filins
978 2815 1116 2880 condam
1132 2815 1204 2880 Ma-

504 2920 601 3003 gistri
618 2919 710 2985 Petri
727 2920 768 2986 de
778 2921 950 2988 Florentia
966 2920 1121 2988 Publicus
1137 2921 1205 2988 Irn-

503 3027 619 3110 pcriali
636 3029 831 3094 auctoritate
857 3027 1017 3094 Notarius
1034 3033 1067 3095 et
1092 3029 1202 3096 Judex

157 3131 195 3216 (J
197 3136 307 3218 egyzbi
320 3133 421 3218 jegy.)
509 3132 713 3215 ordinarius,
737 3136 887 3218 predicta
902 3137 1009 3202 omnia
1027 3142 1061 3201 et
1075 3136 1205 3220 singula

503 3263 577 3308 mea
592 3243 727 3329 propria
754 3263 853 3310 menn
869 3243 992 3327 scripta
1008 3244 1042 3309 in
1057 3245 1202 3329 presenti

503 3357 536 3416 et
551 3351 736 3435 precedenti
757 3352 884 3419 duobus
909 3354 1007 3436 petiis
1035 3359 1201 3418 cartarum

503 3459 598 3524 simul
624 3463 779 3538 sutorum,
797 3461 880 3525 etin
904 3481 1017 3526 earum
1043 3461 1201 3526 iuncturis

502 3587 572 3631 meo
589 3567 687 3632 solito
698 3567 790 3649 signo
801 3566 1014 3650 signatarum,
1031 3575 1064 3632 et
1079 3577 1200 3652 rogata

22 3667 24 3742 l
80 3678 108 3737 et
130 3676 319 3743 imbreviata
352 3699 411 3760 per
436 3677 696 3759 suprascriptum
728 3697 779 3740 ser
808 3676 978 3742 Ristorum
1004 3699 1056 3744 ser
1080 3676 1200 3744 Jacobi

22 3861 23 3866 ἵ
79 3779 245 3851 Notarium
262 3807 302 3850 ex
319 3785 462 3850 eiusdem
477 3806 529 3850 ser
549 3783 677 3850 Ristori
701 3784 925 3868 rogatibuibus
942 3791 974 3849 et
990 3785 1203 3871 imbregiatu-

22 3953 23 3958 ,
79 3891 121 3956 ris
137 3895 242 3978 rigore
258 3895 460 3977 suprasripte
471 3892 707 3959 commissionis
723 3913 782 3976 per
798 3913 870 3957 eum
881 3892 979 3958 michi
995 3892 1083 3958 facte
1099 3894 1201 3960 fideli·

79 4001 125 4061 ter
135 4003 256 4086 scripsi,
266 4001 422 4084 compleri
439 4007 471 4064 et
486 3999 659 4084 publicavi,
676 4001 710 4064 in
726 4001 873 4084 hancque
884 4000 1048 4084 publicam
1065 4001 1202 4067 formam

22 4177 26 4188 ⁵
80 4107 191 4192 redegi,
205 4117 237 4176 et
252 4110 327 4177 ideo
353 4131 403 4174 me
425 4109 600 4194 subscripsi
626 4117 659 4176 et
685 4109 814 4193 signum
838 4129 944 4174 meum
969 4111 1105 4192 apposui
1131 4133 1203 4175 con·

80 4222 204 4284 suetum.

78 4341 207 4401 (Eredetie
221 4345 394 4410 btlrhrtrtyan
407 4361 424 4396 a
436 4346 566 4396 florenczi
581 4358 655 4408 nagy
667 4343 851 4395 levtltdrban.
866 4343 997 4394 »Scatone
1010 4344 1082 4397 delle
1104 4347 1199 4397 Riser-

178 4437 313 4502 magioni,
326 4436 388 4486 Atti
401 4435 505 4500 publici
518 4436 573 4486 vol.
589 4435 666 4485 VIII.
680 4434 764 4483 carte
777 4433 806 4482 di
818 4433 918 4498 Napoli
932 4435 992 4484 XV.
1006 4448 1042 4486 sa.
1056 4439 1092 4498 a.)

117 4695 176 4735 rior.
191 4698 272 4734 suso.
288 4697 357 4734 urar.
374 4697 443 4734 oran.
460 4703 503 4714 --
519 4695 588 4731 nora
604 4696 664 4730 uxr.
680 4695 718 4731 ur.
1045 4671 1088 4734 24
