3226 5254
434 441 498 504 ota
786 457 1023 504 umsounozmr
1040 447 1207 506 anabusn.

432 616 590 682 Lodovici
607 617 670 682 Dei
686 617 795 700 gratia
811 615 911 699 Regis
936 617 1094 699 Ungarie,
1111 624 1144 682 et
1160 619 1262 702 ipsius
1287 617 1413 685 domini
1429 619 1545 701 Karoli,

431 731 465 790 et
481 725 550 790 eius
566 726 820 809 progenitorum,
836 732 868 789 et
885 725 1088 790 devotionem
1105 727 1271 791 assiduam
1286 733 1319 792 et
1335 728 1543 798 inconcussam

429 831 511 897 dicti
520 831 709 898 Communis
719 831 760 898 ad
771 829 1015 898 Sublimitatem
1032 838 1065 898 et
1074 833 1311 900 Excellentium
1323 835 1542 919 predictorum,

429 947 462 1005 et
478 939 633 1026 quicquid
650 940 807 1024 predictis
824 939 956 1006 obviare
972 947 1093 1023 posset,
1118 948 1177 1007 aut
1192 963 1231 1008 ea
1247 942 1289 1008 de
1314 949 1465 1010 consueto
1488 951 1544 1010 tra·

429 1054 508 1118 mite
525 1051 665 1133 deviare,
682 1050 841 1116 radicitus
857 1051 1033 1134 extirpare,
1048 1073 1087 1116 ac
1101 1051 1234 1117 realiter
1260 1057 1293 1117 et
1321 1051 1409 1118 bona
1433 1052 1491 1118 fide
1504 1052 1544 1116 in·

429 1159 605 1244 trascripta
621 1160 729 1225 omnia
744 1157 927 1238 observare,
943 1159 1104 1226 communi
1124 1161 1306 1242 concordia,
1322 1168 1414 1227 recto
1439 1161 1541 1242 animo,

429 1268 569 1352 simplici
598 1266 671 1348 fide,
699 1273 732 1332 et
771 1267 916 1333 unanimi
959 1267 1128 1334 voluntate
1169 1268 1367 1334 devenerunt
1400 1269 1441 1334 ad
1473 1268 1539 1334 iuvi·

427 1396 496 1440 cem
514 1374 557 1441 ad
572 1363 783 1458 infrascripta
798 1380 897 1458 pacta
912 1380 945 1440 et
955 1375 1190 1458 conventiones,
1206 1381 1239 1441 et
1259 1375 1539 1460 ipsainfrascripta

427 1490 526 1567 pecta
542 1489 575 1549 et
590 1483 816 1549 conventiones
831 1481 926 1548 simul
940 1487 973 1548 et
983 1483 1163 1548 adinvicem
1173 1483 1386 1565 solempniter
1400 1483 1541 1566 lecerunt,

428 1597 660 1658 contraxerunt
677 1594 710 1656 et
726 1590 898 1673 iniverunt,
914 1589 973 1656 sub
999 1595 1121 1672 tenore,
1146 1591 1251 1657 forma
1276 1597 1309 1656 et
1334 1593 1479 1676 capitulis
1501 1593 1540 1656 in-

427 1699 602 1784 frascriptis,
619 1698 791 1765 videlicet:
1333 1775 1337 1781 ¹

534 1808 703 1891 Imprimis
733 1807 794 1874 stb.
835 1805 1067 1890 (kbvetlreznek
1092 1827 1130 1870 az
1165 1805 1387 1891 egyessegnelr
1417 1807 1541 1891 pontjai,

426 1916 509 1982 mint
525 1915 658 1983 fontebb
675 1938 696 1982 a
714 1919 786 1981 179.
804 1937 844 1981 sz.
861 1936 889 1980 a
905 1913 1138 1998 olrmtnyban.)

535 2023 607 2109 Quo
622 2032 729 2111 pacta,
746 2025 973 2091 conventiones
984 2030 1018 2089 et
1033 2022 1187 2106 capitula,
1204 2029 1238 2088 et
1252 2024 1362 2090 omnia
1378 2029 1411 2088 et
1426 2022 1541 2107 singula

427 2136 660 2220 suprascripta,
671 2133 882 2220 stipulatione
892 2131 1050 2216 solempni
1060 2131 1279 2216 promiserunt
1289 2138 1322 2198 et
1337 2135 1541 2198 convenerunt

426 2239 513 2306 dicte
529 2249 642 2325 partes
658 2248 691 2307 ct
708 2241 854 2324 quelibet
870 2261 992 2325 esrum,
1008 2239 1112 2304 modis
1128 2243 1161 2304 et
1175 2239 1360 2306 nominibus
1372 2237 1540 2314 antedictis,

426 2347 489 2416 sibi
504 2347 547 2414 ad
563 2349 700 2414 invicem
715 2357 750 2414 et
766 2349 907 2414 vicissim
933 2347 1072 2428 firmare,
1089 2354 1162 2413 reta
1177 2346 1309 2430 habere,
1325 2353 1434 2413 tenere
1449 2353 1478 2412 et
1492 2345 1538 2410 ob

425 2476 564 2536 servare,
581 2463 614 2522 et
638 2463 751 2522 contra
772 2439 842 2522 ¹non
867 2455 977 2522 lacere
997 2455 1049 2521 vel
1065 2455 1173 2521 venire
1190 2453 1231 2520 de
1246 2455 1316 2520 iure
1331 2456 1384 2521 vel
1399 2456 1438 2521 de
1453 2454 1535 2520 iacto.

424 2561 471 2628 Et
486 2583 546 2647 pro
563 2561 660 2629 dictis
676 2563 825 2630 omnibus
841 2569 876 2629 et
892 2563 1028 2647 singulis
1044 2561 1254 2628 observandis
1275 2562 1433 2646 obligavit
1446 2561 1537 2627 dictus

425 2669 574 2737 dominus
591 2672 740 2738 Karolus
751 2671 846 2738 dictis
862 2668 1157 2738 Ambaxiatoribus
1168 2677 1202 2736 et
1212 2668 1354 2737 Sindiois
1364 2668 1538 2746 nominibus,

424 2779 541 2861 quibus
567 2801 668 2865 supra
691 2780 931 2865 recipientibus,
957 2801 990 2846 se
1015 2780 1122 2863 ipsum
1147 2777 1313 2846 dominum
1338 2778 1496 2846 Karolum
1510 2781 1536 2840 et

424 2886 494 2952 eius
510 2887 645 2955 heredes
662 2895 695 2954 et
710 2889 814 2972 bona;
840 2895 874 2955 et
889 2888 966 2954 dicti
993 2885 1248 2953 Ambaxiatores
1265 2893 1298 2952 et
1314 2885 1437 2953 Sindici
1453 2885 1534 2950 dictis

423 2996 608 3062 nominibus
632 2995 860 3081 obligaverunt
883 2997 973 3062 dicto
1000 2995 1132 3061 domino
1156 2994 1283 3061 Karolo
1308 2995 1428 3062 dictum
1453 2992 1533 3060 Oom·

423 3123 519 3168 mune
535 3104 703 3170 Florentie
713 3111 747 3171 et
756 3107 858 3189 ipsius
868 3110 984 3184 terres,
995 3103 1253 3187 renumptiantes
1269 3103 1354 3170 dicte
1372 3110 1476 3187 portes
1489 3120 1535 3165 no·

422 3211 563 3277 minibus
580 3214 697 3295 quibus
714 3233 823 3297 supra,
841 3220 874 3280 ct
890 3211 1036 3297 quelibet
1052 3233 1163 3278 earum
1180 3212 1213 3277 in
1229 3210 1386 3295 predictis
1403 3207 1534 3277 omnibus

423 3325 456 3383 et
480 3319 626 3404 singulis,
642 3322 823 3405 exceptioni
848 3328 881 3388 et
906 3319 1071 3388 benefieiis
1097 3321 1143 3386 eis
1167 3325 1200 3385 et
1224 3319 1359 3386 cuilibet
1384 3318 1434 3386 vel
1452 3315 1534 3382 alteri

422 3446 533 3492 corum
557 3427 802 3512 quomodolibet
832 3427 1098 3513 competentibus,
1124 3434 1157 3491 et
1181 3427 1247 3509 legi
1275 3435 1308 3492 et
1345 3419 1535 3513 jurisdiceuti

421 3534 606 3616 generalem
623 3536 934 3620 renumptiationem
950 3557 1014 3602 non
1030 3535 1148 3617 valere,
1165 3541 1198 3600 et
1213 3535 1257 3600 ad
1273 3535 1535 3602 confirmationem

422 3648 455 3706 et
471 3643 773 3711 conroboratiouern
785 3643 1176 3729 omniumpredictorum;
1198 3650 1230 3709 et
1246 3643 1289 3709 ad
1306 3645 1458 3710 maiorem
1474 3660 1534 3706 cau·

420 3749 519 3814 telam
545 3751 651 3817 dictus
670 3750 818 3818 dominus
843 3751 990 3817 Karolus
1008 3757 1124 3836 sponte
1139 3751 1261 3816 iuravit
1276 3750 1482 3835 corporaliter
1495 3744 1529 3810 ad

421 3855 544 3922 Sancta
561 3857 625 3925 Dei
649 3861 840 3945 Evangelia,
871 3882 968 3927 manu
983 3861 1082 3926 tactis
1113 3860 1293 3944 scripturis,
1326 3857 1532 3944 suprascripta

420 3972 527 4049 pacta,
558 3969 785 4035 conventiones
816 3978 849 4036 et
865 3971 1018 4053 capitula,
1043 3975 1077 4034 et
1102 3968 1211 4034 omnia
1226 3967 1457 4052 suprascripta,
1484 3977 1532 4048 pro
1567 3994 1572 4009 ·

422 4094 533 4138 eorum
543 4075 638 4141 dictis
648 4077 832 4144 nominibus
848 4084 987 4162 otperto
1002 4077 1110 4144 lacere
1126 4075 1299 4143 observare
1316 4085 1350 4144 et
1364 4073 1533 4158 adimplere,

419 4187 452 4245 et
467 4179 500 4244 in
518 4180 607 4248 nullo
623 4183 857 4251 contrafacere
873 4185 924 4250 vel
940 4185 1057 4250 venire.
1084 4179 1211 4266 Quibus
1228 4183 1359 4267 quidem
1375 4180 1531 4248 Yllustris·

417 4288 498 4353 simo
515 4287 662 4374 Principi
677 4290 807 4357 domino
818 4291 943 4358 Karolo
953 4292 994 4358 dc
1005 4291 1155 4370 Duratio,
1172 4297 1205 4355 et
1222 4289 1406 4372 Magnifiois
1427 4287 1527 4356 Militi-

366 4456 373 4470 ,
418 4395 478 4461 bus
495 4396 624 4463 domino
639 4399 743 4465 Rosso
759 4407 792 4466 et
808 4401 938 4466 domino
955 4400 1102 4482 Bectino‚
1118 4405 1151 4465 et
1167 4400 1316 4466 discretis
1336 4401 1414 4468 viris
1429 4398 1530 4466 Silves-

417 4508 470 4568 tro
485 4510 518 4568 et
533 4503 559 4569 J
560 4505 693 4590 achopo,
710 4508 814 4573 modis
826 4517 859 4574 et
869 4507 1063 4590 nominibus,
1080 4507 1196 4592 quibus
1213 4529 1322 4591 supra,
1338 4504 1526 4592 presentibus

418 4609 603 4680 volentibus
618 4625 650 4683 et
666 4619 815 4704 predicta
831 4619 939 4684 omnio
955 4617 1192 4700 confitentibus,
1209 4617 1340 4702 precepi
1353 4619 1426 4704 Ego
1436 4616 1529 4682 Risto·
