3214 5250
375 351 438 413 642
727 364 962 414 oreuounozmr
979 348 1147 412 urrubnnn.

374 533 416 594 sit
442 531 489 594 rel
516 529 621 594 valcat
648 529 802 610 rerocari,
829 529 878 592 vel
905 527 1094 612 aliqualiter
1119 525 1254 609 infringi
1282 527 1335 590 vel
1354 520 1512 602 anullari‚

372 639 582 705 donaverunt.
599 638 846 716 transtulerunt,
861 642 894 700 et
911 635 1095 701 donationis
1111 635 1207 699 titulo
1225 641 1258 698 et
1275 655 1379 698 causa
1405 631 1512 697 tradi-

373 745 500 822 derunt,
518 752 754 825 concesserunt,
772 767 809 808 ac
834 746 934 808 ctiam
951 744 992 809 ob
1008 765 1139 808 causam
1156 743 1242 806 dicte
1269 740 1514 806 remuneratio·

376 853 426 914 uis
445 861 477 916 et
494 852 776 935 compensationis,
794 857 825 915 et
842 872 1044 934 quocumque
1064 851 1139 935 jure
1156 856 1188 914 et
1204 849 1303 914 titulo
1320 849 1440 913 melius
1457 869 1516 931 po-

375 966 518 1038 tuerunt,
536 959 696 1022 dederunt
706 965 739 1022 et
749 963 976 1022 concesserunt
986 958 1010 1022 J
1014 957 1132 1020 annino
1143 955 1360 1037 Bartolomey
1377 954 1420 1018 (le
1438 953 1517 1018 Pis-

375 1069 468 1144 torio,
487 1075 519 1130 ct
536 1065 671 1130 Tarldeo
683 1067 805 1130 ‹luruiui
822 1066 989 1130 Francisci
1008 1063 1048 1129 de
1065 1063 1208 1130 Civitate
1225 1061 1377 1145 Castelli,
1395 1071 1430 1127 et
1445 1061 1513 1127 No-

374 1177 424 1242 bis
442 1176 529 1240 Dino
556 1197 607 1237 sor
634 1174 804 1256 Scarsagui
822 1180 854 1238 et
870 1173 1057 1238 Nicholetto
1074 1172 1171 1237 Pauli
1191 1171 1341 1256 Notarijs
1359 1171 1515 1237 Publicis

375 1293 409 1348 ut
436 1283 575 1366 publicis
601 1283 757 1364 personis,
772 1289 805 1345 et
820 1280 952 1346 cuilibet
977 1287 1122 1346 nostrum
1139 1301 1198 1364 pro
1216 1279 1347 1364 Populo
1364 1288 1399 1344 et
1416 1276 1519 1344 Com-

375 1393 464 1456 muni
482 1391 648 1456 Florcntie
678 1387 848 1471 recipienti
865 1395 898 1454 et
915 1389 1084 1472 stipulanti
1100 1390 1210 1452 omnia
1226 1383 1410 1472 et'singula
1433 1390 1516 1473 jura

374 1506 406 1562 et
422 1521 479 1563 seu
494 1499 638 1562 actiones
655 1503 688 1560 et
707 1519 763 1562 seu
783 1497 1043 1581 jurisdictionem
1060 1503 1092 1561 et
1108 1503 1303 1580 potestatem
1337 1497 1387 1561 uel
1405 1497 1516 1581 impe-

375 1608 466 1684 rium,
483 1613 600 1686 castra,
618 1605 770 1669 sortilitia
785 1611 818 1668 ct
834 1605 991 1686 imperia3
1009 1613 1237 1686 quaquamst
1254 1606 1344 1687 quod
1360 1604 1413 1669 rel
1430 1627 1518 1687 quas

375 1713 463 1776 (licta
481 1711 612 1776 domme
637 1711 776 1793 Regina,
801 1711 949 1776 domiuus
974 1712 1149 1776 Ladislaus
1166 1713 1249 1792 Rex=
1266 1719 1300 1778 et
1316 1735 1372 1778 seu
1391 1713 1519 1796 aliquis

374 1841 484 1884 corum
504 1819 639 1884 nuberet
655 1820 703 1883 rol
731 1817 851 1883 babere
868 1818 1064 1900 dicerenbm
1081 1842 1137 1884 seu
1154 1826 1264 1903 posset
1282 1829 1315 1884 et
1333 1841 1392 1885 scu
1410 1821 1519 1886 habe-

375 1936 448 1992 rent
464 1927 512 1991 rel
531 1927 650 1991 babere
667 1933 808 2009 possent,
826 1931 859 1990 et
885 1948 940 1991 seu
957 1927 1062 1993 dictus
1080 1928 1228 1993 dominus
1246 1929 1395 1993 Karolus
1412 1928 1516 1994 habe-

377 2035 502 2100 batuel
518 2034 637 2098 habere
654 2041 782 2117 poterat
808 2041 953 2117 tempore
980 2057 1037 2100 sue
1053 2037 1118 2100 vite
1141 2058 1270 2120 quoquo
1288 2036 1395 2118 mode,
1412 2037 1518 2102 titulo

376 2143 426 2206 rel
437 2165 533 2206 causa
554 2143 596 2221 iu,
613 2143 651 2206 de
672 2150 703 2206 et
720 2164 776 2206 scu
792 2163 851 2225 pro
869 2140 1008 2206 Ciuitate
1025 2141 1134 2207 Aretii
1150 2144 1200 2206 vel
1217 2143 1392 2224 Districtu,
1409 2153 1443 2208 et
1461 2168 1519 2210 seu

376 2248 409 2313 in
425 2249 571 2314 homines
588 2257 621 2314 et
638 2271 792 2332 personas
809 2251 919 2332 ipsius,
935 2259 968 2315 et
985 2274 1040 2315 scu
1057 2252 1210 2333 ipsorum,
1227 2259 1260 2316 et
1276 2273 1335 2316 seu
1352 2253 1441 2317 dicte
1460 2254 1517 2320 Oi-

378 2358 488 2422 uitatis
506 2355 617 2421 Aretii
643 2359 682 2422 clo
708 2359 884 2423 Provincia
906 2359 1032 2440 Tuscis,
1050 2366 1083 2423 et
1099 2381 1155 2424 seu
1171 2362 1241 2424 eius
1258 2357 1449 2426 Comitatus
1467 2363 1520 2428 vel

378 2465 565 2546 Districtus,
591 2474 648 2530 aut
665 2467 697 2530 iu
714 2467 779 2531 suis
807 2469 931 2548 castris,
949 2468 1109 2533 sortilitiis
1125 2476 1158 2533 et
1173 2468 1393 2552 pertinentiis,
1410 2479 1444 2536 et
1461 2493 1520 2537 seu

380 2575 526 2638 eiusdem
544 2571 727 2640 Comitatus
745 2577 793 2640 rel
811 2577 989 2642 Districtus
1006 2584 1037 2641 et¹
1053 2578 1219 2643 hominum
1236 2601 1519 2664 quorumcumque

377 2689 410 2746 et
435 2705 492 2746 seu
518 2705 728 2765 personarum
754 2683 938 2748 eorumdem
966 2687 1130 2766 ocaxioue,
1155 2707 1255 2751 causa
1281 2688 1334 2752 vel
1350 2696 1518 2771 pretextu

381 2792 426 2856 Et
443 2793 591 2874 predicta
608 2793 716 2856 omnia
732 2792 820 2857 diota
837 2800 869 2857 et
885 2795 918 2857 iu
934 2793 1056 2859 dictum
1083 2793 1265 2860 Commune
1281 2797 1456 2862 Florentio
1484 2799 1520 2862 iu

377 2907 568 2982 perpetuum
595 2909 824 2966 concesseruut
849 2908 881 2966 et
907 2904 1150 2983 transtulerunt,
1182 2913 1215 2969 et
1245 2905 1382 2988 insuper
1413 2907 1517 2971 etiam

378 3007 538 3072 stantibus
564 3007 664 3072 firmis
692 3009 847 3091 predictis
873 3011 971 3076 rebus
998 3018 1030 3076 et
1051 3012 1181 3096 juribus
1206 3033 1306 3096 supra
1333 3013 1470 3079 donatis
1487 3022 1519 3078 et

380 3115 537 3180 concessis
570 3117 677 3198 quoad
694 3117 910 3200 prejudicium
926 3117 1115 3185 Communis
1131 3121 1303 3186 Florentio
1320 3122 1516 3188 nullatenus

379 3227 614 3308 derogandum,
631 3230 686 3293 scd
704 3228 745 3292 acl
763 3229 863 3294 robur
889 3232 1030 3295 omniurn
1043 3231 1166 3315 jurium
1193 3231 1294 3315 ipsius
1320 3229 1517 3297 Communis

380 3334 557 3415 Florentia
575 3344 606 3400 et
624 3337 666 3400 ad
683 3360 811 3402 omnem
837 3342 997 3405 cautelam
1015 3349 1047 3405 et
1063 3341 1206 3406 favorem
1223 3342 1303 3406 dicti
1320 3340 1517 3408 Communis

380 3442 556 3524 Florentio,
583 3452 613 3508 ct
639 3453 704 3509 tarn
732 3446 774 3510 ob
800 3449 904 3512 (lictus
931 3471 1052 3528 causus,
1079 3471 1175 3533 quam
1196 3472 1402 3532 peromnem
1420 3454 1517 3532 riam,

380 3571 511 3615 causam
537 3559 570 3615 ct
594 3551 730 3617 formam
757 3555 874 3638 quibus
900 3558 1015 3621 melius
1032 3563 1065 3621 et
1081 3557 1243 3623 efficacius
1260 3567 1449 3642 potuerunt,
1467 3583 1517 3624 su-

380 3659 531 3739 pradicta
553 3661 628 3742 jura
655 3669 687 3725 et
712 3667 856 3728 actiones
882 3670 915 3729 et
940 3666 1006 3730 alia
1033 3667 1182 3746 predicta
1198 3669 1517 3751 renumptiareruut7

382 3773 414 3828 et
429 3767 670 3850 rel‘uturerunt;
695 3778 727 3834 et
743 3771 781 3834 cle
798 3774 877 3855 ipsis
891 3775 1020 3856 juribus
1038 3782 1071 3838 et
1097 3777 1282 3841 actionibus
1298 3785 1331 3841 et
1351 3778 1426 3842 aliis
1445 3801 1516 3862 pre·

382 3872 477 3938 dictis
495 3874 581 3940 dicto
599 3876 769 3942 Oouuuuni
798 3880 964 3946 Florentio
982 3889 1015 3946 et
1032 3884 1186 3965 predictis
1211 3885 1360 3952 Jarrnino
1379 3895 1413 3951 ct
1429 3886 1519 3951 Tad-

382 3981 441 4044 deo
459 3986 490 4044 et
507 3982 598 4046 nobis
624 3985 772 4050 Notariis
799 3988 1015 4072 infrascriptis
1041 3999 1077 4056 ut
1103 3989 1241 4074 publicis
1268 3995 1419 4076 personis
1437 3997 1520 4060 reci·

382 4089 545 4168 pientibus
572 4113 631 4172 pro
658 4092 745 4157 dicto
773 4093 947 4160 Communi
974 4097 1148 4178 Florcutie,
1176 4108 1210 4164 et
1235 4101 1302 4164 rice
1329 4107 1361 4166 et
1389 4105 1520 4168 nomine

384 4194 463 4258 clicti
491 4196 688 4280 Communis,
714 4200 860 4266 lecerunt
886 4205 991 4286 finem,
1018 4207 1262 4287 quietationcm,
1279 4209 1519 4290 liberationem,

384 4301 621 4368 absolutionem
648 4314 679 4370 et
705 4317 836 4391 pactum
854 4312 893 4375 (lo
911 4313 1048 4376 ulterius
1066 4335 1128 4377 uon
1147 4316 1298 4397 petendo
1314 4318 1403 4382 Item
1420 4321 1519 4384 etitem

386 4406 490 4486 morlo,
508 4411 611 4474 forma
623 4419 655 4474 ct
667 4416 849 4481 nominibus
863 4419 1047 4502 antedictis
1057 4422 1136 4485 dicti
1148 4421 1391 4490 Procuratores
1404 4437 1517 4510 sponte

387 4520 420 4577 et
436 4537 587 4600 expresse
598 4532 828 4588 consenserunt
845 4533 878 4590 et
894 4528 1085 4610 parabolam
1103 4537 1137 4594 et
1153 4553 1347 4599 consensum
1359 4536 1516 4602 dederuut
1600 4559 1601 4610 t
