3248 5242
386 364 449 429 712
741 375 973 422 nrrnousczmr
993 359 1158 418 aurdanu.

385 549 499 610 exorta
524 541 587 606 snit
611 544 645 604 et
670 545 719 604 est
750 543 840 602 certa
864 533 1031 602 discordia
1057 539 1091 598 et
1116 533 1309 598 scandalum
1328 535 1414 602 inter
1429 536 1519 600 ciues
1593 600 1598 609 ,

388 651 552 735 Tragurij,
578 649 618 714 de
644 669 781 732 quornm
806 647 955 712 nouitate
972 643 1147 726 Regimina
1164 642 1322 726 Tragurij
1352 643 1448 710 nobis
1463 667 1523 728 per

387 759 604 824 venerabilem
630 757 733 822 virum
761 755 897 820 fratrem
923 752 1107 818 Antonium
1134 749 1268 818 Ordinis
1293 751 1471 834 Minorum,
1487 755 1521 818 in

388 869 537 954 partibus
554 865 725 933 Dalmacie
742 871 801 929 etc.
820 862 1046 946 inquisitorem
1057 861 1115 926 sub
1132 859 1386 937 credentialibus
1402 861 1523 928 litteris

390 975 591 1040 intimarunt.
619 971 743 1040 Verum
761 971 837 1055 quia
858 969 971 1036 eadem
988 965 1214 1034 Communitas
1231 974 1281 1036 est
1298 969 1392 1035 uobis
1409 971 1527 1053 amica,

390 1089 424 1147 et
438 1081 608 1166 pacificum
634 1087 755 1146 statum
781 1100 875 1144 suum
891 1083 1040 1160 optamus
1057 1097 1097 1141 ex
1112 1076 1227 1142 corde:
1245 1075 1400 1142 fidelitati
1416 1086 1527 1144 restra

392 1188 563 1254 scribimus
581 1193 615 1253 ot
631 1184 831 1264 mandamus,
848 1183 936 1267 quod
951 1184 985 1248 in
998 1203 1085 1266 casn,
1101 1205 1165 1268 quo
1176 1183 1346 1250 declinetis
1356 1184 1400 1249 ad
1410 1192 1528 1269 partes

392 1295 570 1374 Dalmatis,
595 1315 705 1360 sumus
731 1291 885 1375 conteuti,
901 1291 1202 1376 quodfflremntetis
1218 1311 1275 1359 vos
1292 1295 1380 1359 circa
1397 1294 1529 1378 Tragu-

393 1403 488 1485 rium,
504 1409 538 1468 et
553 1422 614 1486 pro
631 1400 718 1467 omui
734 1400 821 1466 bona
837 1405 978 1465 causant
988 1404 1139 1484 respectu
1156 1398 1303 1466 debeatis
1319 1402 1532 1486 interponere

393 1533 460 1590 vos,
478 1517 510 1576 et
526 1529 703 1594 procurare
729 1529 855 1574 omnem
881 1507 1088 1573 concordiam
1105 1514 1138 1573 et
1153 1507 1271 1573 bonum
1288 1531 1424 1575 amoren
1440 1510 1534 1576 inter

395 1620 481 1684 ciues
512 1617 676 1701 predictos
707 1637 779 1681 cum
811 1614 878 1680 illis
910 1613 1112 1698 sapientibus
1137 1621 1171 1680 et
1194 1615 1289 1680 bonis
1315 1617 1435 1700 serbis,
1463 1638 1534 1701 que

394 1725 586 1791 discrecioni
611 1727 718 1789 vestra
744 1721 942 1787 ridebuntur
959 1742 1019 1805 pro
1034 1721 1119 1787 bono
1135 1729 1167 1788 et
1182 1723 1425 1804 tranquillitate
1442 1725 1536 1808 ipso-

393 1855 475 1912 rum,
492 1831 574 1896 sicut
590 1835 750 1914 optamus.
768 1829 916 1912 Insuper,
932 1834 1030 1912 prout
1054 1829 1147 1894 nobis
1166 1851 1225 1912 per
1243 1829 1380 1896 eundem
1390 1829 1537 1897 fratrem

394 1938 576 2004 Antonium
601 1937 665 2003 luit
689 1936 838 2018 relatum,
866 1936 994 2002 ridetur
1020 1936 1109 2018 qnod
1134 1936 1237 2020 aliqui
1263 1936 1441 2020 Traguriui
1472 1962 1536 2024 per

395 2069 486 2114 mare
502 2047 641 2110 inuicem
659 2065 693 2110 se
711 2043 932 2124 damnificant,
949 2043 1036 2128 quod
1052 2044 1145 2109 nobis
1162 2043 1329 2127 displicet;
1348 2052 1382 2111 et
1398 2055 1539 2131 prople-

397 2176 455 2222 rea
473 2153 581 2238 plao'et
597 2152 700 2233 uobis,
716 2153 803 2236 quod
820 2152 1050 2220 omnebonum
1067 2152 1252 2234 remedium,
1271 2153 1360 2236 quod
1375 2157 1540 2237 poteritis

398 2283 571 2348 apponere,
588 2260 744 2340 debeatis,
766 2265 804 2324 ut
829 2260 965 2344 predicti
983 2282 1047 2326 non
1064 2281 1097 2324 se
1114 2258 1325 2325 damnificent
1340 2260 1408 2326 ullo
1424 2263 1540 2341 modo,

399 2370 456 2436 sed
472 2375 662 2436 remaneant
674 2367 706 2432 in
728 2367 837 2450 quiete
847 2368 974 2434 etbono
991 2389 1111 2449 amore,
1127 2367 1212 2434 sicut
1228 2367 1349 2432 debent
1365 2389 1437 2434 esse
1454 2371 1539 2437 boni

399 2480 487 2544 ciues
514 2483 548 2541 et
572 2475 710 2556 fratrem
736 2481 768 2540 et
783 2474 873 2540 istud
888 2477 980 2542 nobis
997 2497 1119 2542 summe
1134 2475 1286 2559 placebit.
1303 2477 1348 2542 Et
1365 2479 1456 2543 circa
1475 2477 1541 2544 boc

399 2587 538 2668 faciatis,
549 2583 706 2668 quicquid
721 2584 797 2649 boui
814 2585 963 2667 poteritis
974 2605 1034 2667 pro
1044 2584 1285 2669 tranquillitate
1302 2589 1334 2648 et
1350 2605 1431 2668 pace
1446 2585 1541 2652 dicte

399 2691 662 2758 Communitatis.
680 2692 724 2756 st
742 2691 819 2774 qnia
834 2691 910 2756 dum
927 2692 1018 2758 critis
1034 2693 1068 2756 in
1093 2692 1244 2775 partibus
1270 2691 1344 2770 illis,
1369 2692 1541 2760 babebitis

399 2821 525 2865 omnem
542 2799 807 2865 informacionem
824 2797 865 2864 de
891 2800 988 2865 rebus
1004 2799 1168 2882 predictis,
1185 2805 1218 2864 ot
1233 2800 1382 2868 debeatis
1400 2804 1540 2884 operari

398 2916 432 2975 et
448 2909 554 2975 facere
569 2928 665 2992 posse
682 2913 824 2972 vestrum
841 2904 883 2970 ad
901 2904 1084 2991 ponendum
1107 2906 1182 2972 illos
1198 2907 1286 2972 ciues
1308 2908 1342 2974 in
1358 2909 1541 2976 concordia

399 3024 432 3083 et
447 3018 533 3083 bono
549 3037 670 3098 amore,
694 3021 726 3080 et
744 3015 832 3099 qnod
847 3014 1010 3080 desistant
1034 3014 1269 3080 amenitatibus
1285 3016 1539 3100 quibuscunque

399 3149 459 3211 pro
475 3126 559 3191 bono
585 3131 616 3190 et
644 3124 895 3190 conseruaoione
926 3144 995 3206 sun,
1020 3143 1079 3206 per
1111 3122 1204 3188 illum
1237 3123 1368 3188 modum
1388 3131 1424 3190 et
1440 3126 1540 3203 viam,

400 3255 498 3319 quarn
514 3233 667 3316 expedire
683 3232 851 3314 uoueritis,
868 3239 965 3316 prout
981 3230 1021 3296 de
1038 3231 1200 3315 sapientia
1215 3238 1326 3297 restra
1341 3231 1539 3298 confidimns

400 3347 433 3404 et
450 3361 628 3422 speramus.
645 3339 770 3406 Datum
789 3347 849 3406 etc.
866 3339 919 3403 die
935 3337 981 3403 X.
997 3335 1141 3421 Augusti
1157 3338 1341 3404 indiccione
1357 3338 1438 3408 XV.

401 3485 437 3546 (Α
453 3485 555 3548 »copia
568 3484 602 3534 de
616 3484 856 3536 commemorati«
878 3483 969 3534 czirntl
990 3482 1129 3534 velenczei
1142 3481 1372 3546 allamlrdnyvbol
1392 3483 1474 3534 vm.
1488 3485 1538 3534 lrr'r·

859 3573 965 3624 tetebol
981 3578 1039 3624 1⁶5.
1053 3574 1084 3636 l.)

886 3735 1044 3744 ..n—*a-

930 3899 1005 3962 439.

403 4061 517 4124 ,iniria
544 4082 683 4146 nroqyar·
699 4059 922 4147 leirdlyce'nak
938 4060 971 4124 e'e
987 4058 1165 4145 Zsiqmond
1185 4057 1367 4143 kirdlynalc
1383 4067 1531 4142 nyrrqlot-

408 4173 530 4254 vdnyo,
557 4169 638 4254 boqy
655 4191 675 4231 α
693 4167 844 4231 velenczei
869 4168 1079 4251 kdztdrenedq
1101 4165 1236 4229 maa-re
1252 4187 1274 4228 α
1301 4165 1390 4228 7000
1414 4175 1537 4251 nranyl

835 4273 977 4358 kdfizctte.
1005 4274 1101 4336 1392.

511 4434 581 4499 Nos
597 4434 825 4518 Sigismnudus
842 4433 906 4498 Dei
922 4433 1031 4517 gratia
1057 4433 1130 4499 Rex
1157 4430 1341 4513 Hungarie,
1356 4428 1536 4510 Dalmatis,

403 4540 536 4608 Oroatis
563 4549 622 4608 otc.
640 4541 852 4628 Marolrioque
881 4540 1179 4624 Brandiburgensis
1196 4544 1266 4619 etc,
1286 4545 1320 4604 et
1337 4537 1408 4604 Nos
1425 4537 1536 4602 Maria
