3182 5252
380 345 444 406 als
734 355 968 400 urruouaozmr
984 339 1150 400 annuus.

379 519 448 584 nire
465 517 507 581 ad
524 517 700 599 dampnum
717 514 767 578 vel
785 513 997 578 offensionem
1015 516 1158 578 nostram
1170 511 1218 575 rel
1235 517 1400 578 terrarum
1418 517 1457 574 et
1471 512 1517 574 lo-

379 647 487 692 corum
505 633 537 692 et
552 625 758 690 subditorum
776 621 967 686 Communis
991 620 1205 687 Venetiaruru
1231 643 1252 684 a
1278 619 1429 702 Ragusio
1448 627 1518 684 eta

379 734 525 816 Ragusio
542 733 625 798 eitra
641 753 700 814 per
717 753 816 810 mare,
833 729 920 813 quod
931 727 1330 812 SerenissimaReginalis
1346 728 1518 794 Maiestas

379 847 532 907 teneatur
547 848 579 904 et
597 838 716 902 debeat
732 835 774 903 ad
800 836 976 920 dampnum
994 842 1026 900 et
1052 836 1275 901 confusionem
1302 834 1438 900 illorum
1470 857 1519 900 ar·

380 971 469 1014 mare
486 947 528 1012 ad
551 969 627 1012 suas
652 967 809 1028 expensas
836 943 1042 1010 medietatem
1067 950 1120 1009 tot
1142 943 1321 1026 galearum,
1346 951 1437 1026 quot
1463 965 1522 1007 nos

381 1055 581 1121 armabimus
598 1077 618 1118 a
634 1052 745 1118 decem
762 1053 866 1136 galeis
883 1051 933 1116 rel
944 1074 964 1117 a
975 1052 1084 1116 decem
1102 1051 1205 1134 galeis
1222 1050 1326 1132 inlra;
1343 1057 1381 1114 et
1392 1051 1421 1115 si
1433 1051 1522 1117 ultra

382 1182 549 1228 numerum
578 1160 614 1225 X
646 1161 813 1244 galearum
856 1159 1065 1240 armabimus,
1106 1157 1191 1242 quod
1226 1164 1305 1224 tuno
1339 1159 1523 1242 Reginalis

383 1271 544 1336 Maiestas
560 1270 703 1352 quinque
720 1269 832 1352 galeas
847 1268 929 1334 bene
955 1275 1099 1338 armatas
1115 1275 1149 1332 et
1173 1273 1308 1352 paratas
1334 1267 1380 1332 ad
1408 1288 1524 1332 amnas

384 1401 459 1444 suas
475 1399 633 1461 expensas
650 1376 741 1442 nobis
762 1375 841 1440 dare
867 1382 1021 1456 teneatur
1036 1383 1069 1441 et
1085 1376 1203 1442 debeat
1227 1375 1269 1439 ad
1285 1373 1474 1458 dampnum
1491 1381 1523 1438 et

385 1485 607 1550 contusionem
622 1503 751 1564 eorum;
767 1505 848 1566 quas
868 1484 980 1566 galeas
996 1483 1166 1566 Reginalis
1184 1483 1343 1548 Maiestas
1368 1483 1524 1564 predicta

386 1599 497 1658 tenere
514 1591 633 1658 debeat
650 1593 733 1658 bene
750 1600 895 1656 armatas
913 1599 947 1656 et
961 1597 1099 1675 paratas
1114 1591 1200 1656 inira
1217 1591 1376 1655 terminos
1395 1597 1433 1655 et
1451 1612 1526 1655 con·

388 1701 469 1765 fines
485 1699 660 1784 predictos.
678 1701 772 1780 Item,
798 1698 884 1783 quod
913 1699 1082 1782 Reginalis
1106 1700 1267 1764 Maiestas
1293 1697 1454 1780 predicta
1482 1705 1527 1762 te·

389 1815 506 1874 neatur
521 1814 555 1871 et
572 1807 687 1872 debeat
705 1807 834 1890 penitus
851 1807 1013 1890 denegare
1028 1805 1095 1869 illis
1112 1806 1233 1870 talibus
1253 1805 1469 1871 venientibus
1486 1803 1528 1869 ad

390 1916 567 1999 dampnum
584 1922 616 1979 et
632 1913 839 1980 offensionem
858 1919 1004 1979 nostram
1021 1934 1131 1978 omnes
1148 1919 1262 1997 portus
1278 1935 1353 1978 suos
1381 1913 1528 1980 maritti-

288 2071 292 2080 .
390 2045 458 2089 mos
474 2029 637 2088 terrarum
654 2028 687 2086 et
703 2021 848 2086 locorum
874 2042 1006 2086 suorum
1021 2020 1251 2103 predictorum,
1269 2027 1301 2084 et
1317 2022 1436 2086 omnia
1468 2022 1528 2086 rio

389 2131 494 2196 tualia
509 2137 542 2195 et
557 2129 819 2212 refresoamenta,
835 2135 869 2193 et
886 2135 1029 2194 tractare
1044 2128 1118 2193 illos
1135 2134 1302 2210 tamquam
1318 2127 1488 2208 inimicos¹
1498 2135 1529 2192 et

391 2237 494 2318 nobis,
510 2235 613 2320 galeis
630 2244 663 2302 et
679 2238 817 2320 nauigiis
829 2237 948 2300 nostris
962 2233 1146 2302 consentire
1163 2234 1203 2299 de
1219 2233 1382 2318 possendo
1397 2235 1529 2300 intrare

391 2345 425 2409 in
442 2345 506 2409 suis
522 2344 679 2428 portubus
695 2345 862 2427 predialis,
879 2347 912 2409 et
928 2342 1049 2408 habere
1062 2343 1214 2407 victualia
1224 2349 1256 2406 et
1267 2341 1531 2409 refresoamenta

391 2475 451 2536 pro
468 2458 581 2517 nostra
596 2451 742 2534 pecunia,
759 2452 841 2516 siout
859 2449 958 2516 fuerit
984 2455 1218 2533 opportunum
1249 2454 1282 2514 et
1305 2449 1410 2514 etiam
1440 2451 1531 2534 quod

393 2560 426 2623 in
448 2559 545 2623 terris
562 2564 594 2622 et
610 2559 690 2622 loeis
715 2558 781 2625 suis
798 2558 966 2623 Dalmatio
992 2557 1151 2641 possimus
1168 2579 1296 2622 armare
1321 2558 1365 2622 ad
1394 2567 1532 2625 nostras

395 2687 552 2749 expensas
569 2667 600 2729 in
620 2665 707 2730 dioto
724 2687 801 2730 casu
818 2665 944 2748 aliquas
959 2666 1081 2748 galeas,
1097 2666 1180 2729 siout
1197 2664 1293 2730 fuerit
1317 2675 1533 2748 opportuum.

395 2775 440 2840 Et
457 2775 490 2838 in
507 2774 661 2857 predictis
678 2773 829 2838 omnibus
847 2780 879 2838 et
898 2772 984 2837 eirca
1010 2772 1160 2857 prediola
1177 2772 1388 2838 Ambaxator
1414 2783 1532 2842 noster

395 2886 547 2963 procuret
562 2882 671 2946 omnia
686 2881 745 2945 illa
761 2882 888 2945 maiora
914 2881 1092 2964 avantagia
1117 2887 1151 2944 et
1176 2879 1439 2964 melioramenta,
1469 2903 1533 2965 que

396 2989 517 3071 poterit
534 3010 593 3071 pro
609 2987 694 3053 bono
711 2991 814 3054 nostri
826 2987 1023 3068 Communia,
1041 2989 1125 3053 sieut
1142 2987 1182 3052 de
1198 3009 1338 3070 persona
1354 3009 1416 3054 sua
1432 2992 1534 3074 plene

397 3117 574 3177 speramus.
591 3096 680 3160 Etsi
699 3102 809 3160 noster
826 3095 1032 3160 Ambaxator
1056 3096 1178 3178 poterit
1202 3094 1350 3160 obtinere
1377 3104 1533 3164 nostram

395 3202 609 3266 intentionem
627 3224 683 3285 per
699 3203 829 3268 modum
846 3203 1039 3285 predictum,
1063 3201 1145 3267 bene
1171 3202 1312 3284 quidem,
1338 3209 1373 3266 et
1399 3211 1487 3268 tune
1501 3206 1534 3268 in

397 3311 484 3374 dioto
501 3331 589 3386 casu,
605 3310 757 3393 imposito
773 3309 836 3374 fine
853 3309 959 3390 factis,
976 3318 1108 3392 aooepto
1125 3309 1310 3374 honorabili
1332 3321 1533 3393 commeatu,

399 3423 432 3480 et
448 3423 563 3500 rogato
578 3417 793 3482 instrumento
811 3416 853 3482 ad
869 3417 1000 3501 plenum
1017 3439 1088 3481 oum
1099 3416 1254 3482 clausulis
1265 3418 1475 3500 opportunis,
1486 3441 1534 3484 re·

398 3524 476 3589 dest
493 3524 650 3590 Venetiae
667 3525 707 3589 do
723 3526 873 3590 omnibus
890 3525 1101 3603 inlor·matus;
1124 3524 1150 3588 si
1169 3545 1241 3589 vero
1262 3545 1327 3589 non
1343 3533 1459 3608 posset
1478 3527 1534 3592 ob·

398 3631 512 3709 tinere,
527 3638 565 3695 ut
576 3631 725 3714 superius
735 3631 855 3698 dietum
867 3641 926 3716 est,
936 3633 1014 3716 quia
1023 3631 1195 3714 Reginalis
1205 3629 1363 3696 Maiestas
1375 3633 1531 3715 predicta

401 3739 496 3804 vellet
512 3760 570 3821 per
586 3739 684 3802 alium
702 3739 842 3820 modum,
859 3741 908 3804 vel
926 3740 1004 3823 quia
1024 3743 1209 3804 remaneret
1223 3759 1283 3822 pro
1301 3737 1416 3822 aliqua
1442 3741 1534 3806 diffe-

400 3848 516 3928 rontia,
530 3853 608 3910 tuno
625 3847 749 3912 scribat
766 3847 919 3930 quioquid
936 3847 1036 3912 fuerit
1055 3846 1265 3916 ethabuerit.
1284 3853 1316 3910 et
1332 3847 1365 3909 in
1384 3868 1452 3928 quo
1469 3855 1532 3913 ter·

402 3955 489 4018 mino
507 3954 640 4037 negotia
656 3956 883 4034 remanserint,
901 3955 1114 4037 singulariter
1130 3961 1163 4018 et
1180 3951 1342 4034 distinete,
1359 3959 1394 4016 et
1419 3974 1531 4038 errpee

401 4069 450 4127 tet
483 4069 630 4129 nostrum
662 4063 862 4128 mandatum.
894 4065 939 4129 Et
964 4064 1025 4130 fiat
1050 4061 1238 4128 Sindioatus
1265 4061 1470 4146 adplenum
1502 4064 1533 4127 in

403 4172 507 4236 forma
524 4170 620 4236 solita
637 4177 751 4236 nostro
768 4171 997 4253 Ambaxatori,
1009 4173 1093 4238 siout
1109 4171 1142 4235 in
1160 4192 1236 4236 oasu
1254 4168 1354 4234 simili
1371 4169 1445 4234 fieri
1462 4191 1533 4236 eon·

403 4283 516 4347 suevit
1451 4282 1455 4290 ’

487 4427 520 4488 (Α
539 4427 648 4476 »Misti«
665 4427 755 4476 ezimtl
766 4427 910 4478 velenozei
923 4427 1103 4489 allamkonyv
1118 4425 1276 4475 XXXVIII.
1290 4424 1349 4472 kot.
1364 4424 1453 4484 97.1.)

890 4587 1045 4596 -ι-ω--ο--ι
