3226 5254
541 391 544 396 “
623 387 717 450 1380.
1168 395 1231 457 381

103 559 279 627 vendorum
291 562 381 629 dioto
398 561 528 628 domino
540 563 668 628 Karolo
680 570 712 629 et
723 563 854 630 domino
864 564 1073 649 Balthasero,
1083 573 1121 635 ut
1133 589 1232 652 supra

103 667 224 735 dictum
240 676 299 752 est,
314 670 355 736 de
371 671 462 737 dicta
479 674 665 755 quantitate
690 670 888 738 florenorum
914 675 987 740 auri
1012 675 1232 760 quadraginta

103 777 234 859 milium,
263 798 319 844 seu
344 778 634 863 relinquendorum
658 800 756 863 penes
781 778 886 846 dictos
916 779 1174 848 Ambdxistores
1199 788 1231 846 et

103 882 259 966 Sindicos,
274 891 311 952 ut
326 907 427 970 supra
442 888 568 952 dictum
584 893 644 953 est.
670 888 813 970 Insuper
828 887 935 954 voluit
956 888 1062 954 dictus
1084 888 1231 955 dominus

101 991 125 1058 J
126 994 280 1076 ohannes,
298 993 386 1078 quod
403 993 583 1062 Commune
599 994 770 1061 Florentie
786 996 892 1079 possit
906 1002 938 1060 et
947 996 1066 1063 debeat
1081 1017 1141 1079 per
1157 1018 1232 1062 suas

6 1137 7 1140 ι
101 1099 223 1184 literas,
240 1123 296 1168 seu
312 1123 373 1186 per
389 1103 489 1169 elium
505 1124 730 1189 quemcunque
746 1103 878 1170 modum
899 1105 1091 1188 promittere
1107 1103 1229 1170 dictam

6 1209 7 1212 ’
100 1213 319 1293 quantitatem
335 1211 445 1278 decem
456 1212 580 1277 milium
597 1211 793 1277 florenorum
804 1211 878 1278 auri
888 1212 1114 1277 solvendorum
1126 1213 1229 1278 eidem

99 1316 231 1383 domino
242 1318 370 1385 Karolo
381 1340 437 1385 seu
447 1319 504 1384 alii
513 1340 573 1403 pro
585 1317 671 1385 dicto
683 1317 813 1385 domino
824 1319 953 1385 Karolo
965 1321 1135 1403 recipienti
1146 1319 1232 1384 iufra

100 1423 179 1491 duos
189 1446 326 1507 menses,
336 1433 373 1491 ut
382 1415 481 1511 supr'a
493 1425 615 1493 dictum
626 1432 684 1492 est.
704 1424 778 1511 Qua
789 1427 1003 1510 promissione
1012 1448 1070 1494 seu
1080 1428 1228 1494 cautione

98 1530 193 1615 iacta,
211 1554 271 1598 seu
288 1533 459 1600 occasione
475 1533 624 1617 predicta
642 1533 774 1599 directis
789 1533 896 1600 literis
920 1534 1022 1618 ipsius
1039 1531 1229 1601 Communis

4 1651 5 1682 l
98 1638 186 1707 dicto
204 1640 338 1708 domiuo
355 1640 483 1708 Karolo
499 1663 557 1708 seu
572 1641 628 1707 alii
644 1662 703 1726 pro
719 1639 806 1707 dioto
822 1640 953 1708 domino
970 1641 1099 1710 Karolo
1115 1642 1230 1726 recipi·

99 1749 176 1828 enti,
193 1756 229 1814 et
244 1749 333 1816 dioto
350 1749 479 1816 domino
495 1749 707 1830 Balthassro,
733 1770 789 1815 seu
815 1749 873 1815 alii
897 1771 957 1834 pro
983 1748 1072 1817 dicto
1097 1749 1228 1816 domino

3 1833 6 1936 f
98 1854 303 1925 Balthasaro
318 1859 490 1944 recipienti
508 1860 659 1943 promisit
684 1858 788 1924 dictus
804 1857 953 1925 dominus
969 1860 995 1926 J
996 1859 1140 1925 ohannes
1167 1858 1231 1924 Ba-

3 1965 5 2030 5
99 1985 158 2030 nus
185 1972 222 2030 et
247 1965 449 2049 Capitaneus
474 1965 683 2051 supradictus
709 1964 806 2031 michi
831 1965 938 2032 Paulo
964 1967 1104 2033 Notario
1131 1966 1230 2032 inira-

100 2074 226 2158 scripto
242 2073 344 2140 nichil
359 2075 497 2140 ulterius
522 2081 635 2159 petere
652 2072 796 2140 dedicta
822 2075 1011 2158 quantitate
1037 2075 1230 2141 florenorum

2 2187 3 2212 ³
99 2181 325 2266 quadraginta
340 2182 464 2247 milium
490 2185 563 2248 ausi
579 2181 669 2248 facta
694 2181 892 2250 confessione
917 2206 976 2268 per
992 2185 1114 2252 dictum
1131 2183 1231 2252 domi·

96 2310 174 2354 num
191 2289 219 2356 J
220 2289 390 2372 ohannem,
405 2297 443 2355 ut
459 2311 559 2374 supra
575 2290 698 2356 dictum
714 2296 772 2372 est,
789 2296 822 2356 et
838 2291 960 2357 dictam
977 2292 1179 2358 voluntatem
1196 2298 1228 2358 et

96 2398 313 2466 intentionem
328 2400 406 2466 dicti
424 2399 546 2465 domiui
562 2398 587 2464 J
588 2399 726 2464 ohannis
741 2420 806 2464 non
832 2405 960 2466 mutere
982 2422 1040 2466 nec
1066 2421 1231 2466 removere

97 2507 259 2590 promisit,
276 2515 310 2573 et
325 2507 426 2574 voluit
441 2513 474 2573 et
495 2513 668 2573 contentus
693 2506 765 2590 fuit,
791 2507 878 2590 quod
903 2528 967 2572 non
993 2506 1145 2575 obstante
1169 2508 1231 2573 tali

97 2615 304 2681 revocatione
320 2637 375 2682 seu
391 2616 568 2682 voluntatis
580 2614 760 2680 mutatione
769 2615 831 2698 ipsi
843 2613 1014 2680 Communi
1023 2615 1122 2683 liceat
1133 2615 1230 2700 quod,

1 2714 2 2782 l
97 2729 133 2789 ut
148 2722 327 2808 prefertur,
343 2723 537 2808 promiserit,
562 2745 619 2788 seu
645 2743 802 2806 persnas
827 2723 954 2790 litteras
979 2725 1146 2809 scripserit
1173 2724 1229 2790 ad·

1 2889 2 2912 ,
95 2831 244 2916 implere.
270 2830 342 2916 Que
367 2833 475 2898 omnia
491 2837 523 2897 et
549 2831 679 2916 singula
698 2833 923 2916 suprascripte
949 2832 1161 2916 stipulatione
1179 2854 1228 2899 so·

1 2955 2 2962 ¹
96 2937 196 3005 lemni
223 2941 375 3024 promisit
398 2948 432 3006 et
457 2940 605 3006 convenit
632 2939 739 3006 dictus
764 2940 912 3006 dominus
937 2941 1106 3007 Johannes
1131 2941 1230 3006 michi

97 3047 205 3115 Paulo
220 3046 362 3116 Noterio
378 3048 595 3133 infrascripto,
611 3055 649 3114 ut
665 3049 788 3114 dictum
806 3055 864 3132 est,
880 3050 1052 3132 stipulanti
1063 3057 1095 3115 et
1113 3051 1226 3132 recipi-

1 3157 2 3174 *
96 3158 164 3222 enti
181 3156 279 3223 firma
296 3162 329 3223 et
344 3164 419 3225 reta
434 3157 567 3239 habere,
582 3163 702 3242 tenere,
719 3163 751 3223 et
767 3159 949 3239 observare,
967 3163 1000 3224 et
1024 3163 1138 3223 contra
1163 3177 1227 3224 non

1 3256 2 3262 '
95 3263 205 3331 lacere
229 3266 279 3331 vel
304 3267 414 3332 venire
439 3267 552 3351 eliqua
577 3267 715 3350 ratione,
739 3267 818 3350 iure,
843 3266 939 3331 modo
964 3264 1013 3333 vel
1038 3287 1144 3347 causa,
1169 3266 1228 3332 sub

94 3375 259 3458 ypotheca
273 3382 306 3440 et
322 3375 524 3458 obligatione
541 3374 588 3440 sui
606 3395 802 3458 suorumque
827 3374 983 3441 heredum
1011 3380 1045 3440 et
1068 3374 1228 3441 bonorum

96 3484 243 3548 omnium
268 3482 437 3550 mobilium
454 3489 487 3548 et
504 3482 728 3564 immobilium,
753 3483 952 3568 presentium
980 3489 1013 3548 et
1037 3482 1228 3548 futurorum.

1 3604 2 3616 ¹
96 3589 304 3657 Renuntians
320 3592 354 3656 in
368 3591 524 3675 predictis
541 3589 645 3656 dictus
661 3588 811 3656 dominus
834 3590 858 3654 J
861 3591 1005 3656 ohannes
1031 3590 1180 3657 omnibus
1196 3597 1229 3656 et

1 3782 2 3788 ἵ
96 3699 233 3783 singulis
249 3698 491 3783 exceptionibus
508 3704 541 3764 et
557 3696 720 3764 beneficiis
732 3705 847 3764 contra
863 3696 1011 3783 predicta
1027 3698 1078 3763 vel
1092 3698 1227 3783 aliquod
1294 3729 1299 3739 ·

96 3805 319 3888 predictorum
338 3805 582 3890 quomodolibet
598 3805 793 3872 iacientibus
819 3806 868 3872 vel
895 3805 1160 3889 competentibus,
1179 3827 1229 3870 ro-

97 3936 178 3997 gans
203 3937 254 3980 me
280 3913 419 3982 Paulum
445 3916 699 4000 infrascriptum,
717 3913 805 3999 quod
830 3915 869 3980 de
894 3915 1049 4000 predictis
1065 3914 1227 3997 publicum

98 4023 287 4090 conficerem
305 4025 563 4091 instrumentum.

636 4133 684 4199 Et
708 4153 769 4216 ego
785 4129 909 4197 Paulus
926 4128 1073 4198 Poncelli
1089 4129 1129 4196 de
1147 4127 1228 4195 (ler-

528 4248 601 4307 reto
617 4239 771 4306 Publicus
782 4239 950 4324 Imperieli
967 4239 1145 4306 autoritate
1161 4237 1229 4305 No-

178 4349 220 4434 (J
221 4352 333 4434 egyzbi
347 4349 449 4436 jegy.)
531 4351 645 4431 tarius,
661 4357 693 4416 et
709 4372 795 4416 nunc
810 4347 970 4416 Notarius
981 4355 1014 4414 et
1024 4347 1228 4413 Secretarins

531 4461 701 4524 memorati
741 4457 905 4542 Principis
937 4456 1059 4521 domini
1098 4453 1227 4536 Karoli,

440 4613 443 4618 -
530 4566 686 4651 predictis
702 4566 851 4633 omnibus
868 4571 901 4630 et
922 4564 1058 4648 singulis
1085 4563 1226 4648 interlui,
