3248 5242
404 354 468 430 ibt)
755 381 989 429 orruomczmr
1008 358 1175 429 austras.

400 565 472 610 cere
490 541 674 609 dilectionis
692 540 852 608 affectum.
870 541 981 609 Tanto
997 542 1169 627 benignius
1186 543 1310 608 ducalis
1327 543 1521 626 providentia
1608 539 1610 566 ²

400 637 567 718 consuevit
581 673 738 736 personas
755 650 945 736 magnificas
970 657 1004 714 et
1028 651 1173 716 illustres
1199 650 1260 715 sibi
1286 650 1471 717 amicabiles
1493 658 1522 716 et
1608 695 1610 744 ,

400 761 536 827 devotas
553 760 730 826 honoribus
748 761 925 844 prevenire,
942 761 1152 842 ipsarumque
1168 759 1263 824 tidem
1280 768 1313 826 et
1329 760 1523 826 devotionern
1608 799 1610 844 3

398 869 505 953 dignis
521 870 789 936 retributionibus
800 889 1020 953 compensare,
1033 890 1072 932 sc
1082 869 1170 950 ipsas
1181 867 1345 933 dotalibus
1362 869 1520 934 favombus
1608 919 1610 952 4

400 977 593 1058 convallare,
609 984 642 1043 et
659 979 805 1062 ipsarum
823 977 995 1060 petitiones
1020 976 1190 1041 liberalius
1216 977 1383 1058 exaudire,
1408 985 1522 1061 quanto
1608 979 1610 1022 t

398 1087 544 1152 Ducatui
560 1092 671 1150 nostro
681 1086 863 1152 devotiores
873 1085 935 1150 fide
952 1091 985 1149 et
1001 1084 1154 1166 operibus
1171 1107 1204 1149 se
1216 1085 1403 1151 ostendunt.
1415 1084 1521 1150 Atten-

401 1195 514 1260 dentes
530 1195 632 1277 igitur
648 1193 838 1277 multiplicis
854 1193 1077 1258 benevolentis
1104 1193 1281 1277 puritatem
1299 1199 1331 1258 et
1349 1193 1521 1259 devotionis
1607 1177 1610 1192 ⁸

399 1302 645 1386 plenitudinem,
666 1322 763 1383 quam
780 1301 978 1386 Magnificus
1005 1323 1044 1366 ac
1069 1306 1183 1384 potens
1209 1301 1357 1366 dominus
1384 1298 1520 1368 Volchus
1609 1355 1610 1358 ,

399 1410 440 1476 de
474 1409 632 1488 Brancho,
663 1409 822 1475 Dominus
854 1409 980 1492 Rassie,
1008 1407 1160 1473 Slavonie
1192 1415 1252 1474 etc.
1280 1410 1466 1474 carissimus
1494 1417 1522 1473 et

398 1519 531 1583 intimus
548 1517 670 1582 amicus
688 1517 791 1582 nostri
804 1516 958 1600 Dominii,
973 1517 1016 1580 od
1027 1521 1136 1582 nostre
1148 1516 1412 1599 magnituditiuis
1428 1519 1521 1584 excel-

399 1627 522 1692 entiam
539 1625 662 1691 habere
679 1629 839 1710 promptis
856 1625 1027 1692 affectibus
1047 1647 1081 1692 se
1099 1625 1248 1707 ostendit,
1265 1629 1370 1709 quiin
1398 1627 1521 1712 agendis
1609 1637 1610 1644 ’

399 1734 640 1816 nos‚Ducatum
651 1741 799 1800 nostrum
811 1740 845 1801 et
859 1735 1040 1818 singulares
1052 1757 1207 1819 personas
1219 1736 1368 1801 Ducatus
1386 1737 1521 1828 ejusdem
1609 1819 1610 1824 ἵ

399 1841 611 1924 tangentibus
628 1847 812 1926 promptum
831 1849 864 1907 et
881 1843 1033 1908 devotum
1050 1841 1262 1908 laudabiliter
1278 1848 1311 1908 et
1328 1843 1519 1907 incessanter

400 1973 433 2016 sc
444 1948 682 2034 prebuitutque
698 1951 814 2034 prebet
824 1976 831 2032 ;
853 1949 1145 2034 supplicationibus
1162 1949 1254 2014 nohis
1271 1972 1331 2015 sua
1347 1959 1440 2032 parte
1455 1971 1521 2033 por·
1606 2007 1610 2032 ,

399 2061 498 2144 rectis
513 2059 691 2142 gratiosius
707 2063 896 2140 annuentes,
913 2081 986 2125 eum
1003 2067 1187 2124 nostrorum
1212 2061 1354 2124 omnium
1381 2059 1520 2123 consilio·
1609 2057 1610 2066 ’

399 2189 470 2230 rum
502 2176 536 2233 et
568 2167 870 2232 ordinamentorum
897 2168 1079 2232 neccssaria
1104 2167 1310 2232 solemnitate
1335 2174 1471 2250 servata,
1491 2167 1521 2229 in
1609 2155 1610 2160 ¹

401 2273 563 2342 Venetum
581 2281 614 2340 et
630 2277 729 2340 civem
747 2283 895 2342 nostrum
911 2299 982 2342 cum
1001 2279 1067 2341 suis
1093 2275 1169 2342 filiis
1195 2283 1228 2342 et
1254 2277 1429 2342 heredibus
1453 2275 1520 2341 leci·
1609 2265 1610 2316 Ῑ

402 2405 471 2448 mus
488 2390 521 2448 et
538 2384 674 2450 iacimus
686 2391 719 2449 et
735 2406 794 2468 pro
814 2384 943 2451 Veneto
964 2392 995 2450 et
1010 2386 1077 2450 cive
1094 2390 1207 2450 nostro
1224 2406 1296 2450 cum
1314 2385 1381 2449 suis
1406 2385 1479 2450 filiis
1494 2391 1522 2448 et

402 2492 574 2557 heredibus
591 2494 624 2556 in
644 2491 794 2559 Venetiis
821 2499 854 2556 et
878 2493 958 2559 alibi
984 2493 1135 2576 deinceps
1163 2492 1276 2558 haberi
1303 2500 1337 2558 et
1362 2492 1521 2576 procurari

401 2601 486 2684 omni
505 2600 625 2665 affectu
643 2607 676 2664 et
692 2601 895 2682 plenitudine
911 2601 1058 2668 volumus
1070 2607 1104 2666 et
1119 2603 1265 2679 tractari,
1281 2601 1450 2686 ipsumque
1466 2600 1521 2664 sin·

401 2728 473 2773 cere
490 2706 711 2774 benevolentis
728 2707 870 2774 brachiis
887 2709 1120 2793 amplexantes,
1137 2716 1170 2775 et
1186 2707 1323 2774 firmiter
1338 2715 1523 2786 statuentes,

402 2816 492 2898 quod
506 2815 641 2898 singulis
658 2816 876 2897 libertatibus,
888 2817 1063 2898 beneficiis,
1075 2817 1336 2884 immunitatibus
1353 2827 1386 2883 et
1401 2817 1522 2882 honori-

400 2923 461 2989 bus
478 2923 729 3009 quibuscunque,
746 2925 863 3010 quibus
883 2925 940 2990 alii
956 2924 1163 2990 honorabiles
1180 2923 1299 2992 Veneti
1316 2931 1350 2990 et
1365 2928 1523 2990 ciuesnos·

401 3033 443 3097 tri
459 3033 626 3115 gaudeant
643 3041 675 3099 et
691 3035 816 3118 pertrui
833 3034 1074 3116 dignoscuntur,
1102 3032 1247 3116 prefatus
1272 3033 1423 3099 dominus
1446 3031 1521 3100 Vol·
1607 3065 1610 3080 ⁴

401 3142 480 3205 chus
490 3141 529 3207 de
539 3143 694 3208 Brancho
705 3164 775 3208 cum
788 3144 855 3208 suis
866 3143 941 3208 filiis
951 3149 984 3208 et
996 3141 1171 3209 heredibus
1182 3143 1214 3206 in
1226 3142 1376 3209 Venetiis
1388 3149 1422 3206 et
1434 3148 1518 3206 extra

399 3257 556 3333 perpetuo
587 3251 733 3332 gaudeat
749 3257 781 3315 et
797 3256 927 3331 utatur;
951 3249 1100 3334 prelatus
1128 3271 1258 3334 quoque
1285 3250 1433 3316 dominus
1450 3247 1522 3316 Vul-
1608 3271 1610 3292 ¹

404 3355 486 3420 chus
503 3378 561 3440 per
585 3359 734 3423 nuntium
753 3364 846 3424 suurn
871 3359 1050 3441 legitimum
1077 3359 1255 3424 solenniter
1271 3357 1314 3423 ad
1332 3356 1453 3424 Sancta
1468 3356 1522 3422 Dei

401 3465 584 3549 Evangelia
600 3467 746 3548 prestitit
763 3465 933 3531 fidelitatis
949 3466 1092 3532 debitum
1116 3466 1347 3549 juramentum.
1373 3467 1413 3531 In
1440 3465 1521 3546 eujus

402 3572 448 3636 rei
476 3561 623 3641 fidem'et
647 3575 843 3640 evidentiam
869 3574 1048 3657 pleniorem
1073 3595 1207 3657 presens
1230 3575 1434 3657 privilegium
1461 3573 1522 3638 fieri

398 3680 565 3763 jussimus,
581 3688 613 3746 et
633 3682 723 3748 bulla
749 3689 862 3746 nostra
888 3681 1039 3765 plumbea
1064 3680 1226 3764 pendente
1251 3683 1379 3746 muniri.
1406 3681 1520 3746 Datum

402 3789 435 3852 in
461 3795 572 3853 nostro
598 3790 706 3855 ducali
732 3791 863 3874 palatio
889 3812 974 3855 anno
1001 3789 1171 3854 Dominiec
1198 3789 1436 3855 incarnationis
1458 3787 1521 3853 mil·

400 3896 516 3962 lesimo
543 3901 770 3964 trecentesimo
796 3900 1005 3980 nonagesimo
1031 3905 1158 3980 quarto,
1186 3897 1302 3961 mensis
1330 3895 1452 3981 Aprilis
1476 3895 1521 3960 die

403 4026 498 4086 none,
515 4005 691 4071 indictione
710 4005 859 4072 secunda.

401 4149 437 4210 (Α
462 4149 562 4202 »Liber
588 4152 816 4216 privilegiorum«
844 4151 932 4200 eziurtt
959 4152 1096 4201 velenczei
1119 4150 1300 4216 allamkdnyv
1323 4151 1347 4203 Ι.
1368 4150 1519 4211 kiltetebol.)
