3134 5254
571 397 665 459 1379.
1116 405 1180 466 295

72 581 286 658 uomentem,
303 573 389 659 quod
414 578 441 640 si
467 572 686 642 recederemus
713 599 733 641 a
758 579 913 658 tractatu,
938 577 1025 662 quod
1049 579 1089 646 de
1114 582 1179 646 isto

70 684 143 750 lacto
158 705 218 748 non
235 704 377 750 essemus
393 683 426 748 in
443 683 628 765 concordio,
644 705 708 750 rron
727 705 935 768 speraremus
951 689 1091 772 amplius
1107 693 1180 755 mit·

70 797 127 856 tere
137 811 196 876 pro
213 790 325 872 nobis;
341 790 572 872 concludendo,
589 792 722 876 quodsi
748 793 939 861 nolebamus
955 795 1045 862 aliud
1062 796 1179 877 dicere,

69 900 199 966 dominus
213 899 361 968 Karolus
386 923 453 966 non
478 901 625 966 mitteret
649 923 709 986 pro
734 902 930 988 Beronibus,
956 905 1003 969 ita
1030 905 1119 987 quod
1136 906 1179 972 ad

68 1032 128 1076 eum
142 1033 198 1078 uos
213 1011 261 1077 ire
285 1032 351 1080 non
377 1016 554 1095 oporteret.
579 1009 676 1078 Unde
701 1010 752 1078 bis
778 1011 899 1078 auditis
916 1011 1180 1098 deliberavimus,

67 1140 190 1202 pronon
215 1118 415 1186 discedendo
439 1142 460 1185 a
484 1125 641 1204 tractatu,
657 1119 765 1186 lacere
789 1120 981 1205 responderi
1007 1123 1097 1190 dicto
1123 1125 1179 1192 do·

66 1229 140 1293 nino
157 1227 293 1309 Karolo,
310 1229 399 1313 quod
415 1250 473 1294 nos
490 1226 689 1296 habebamus
705 1229 739 1295 in
755 1229 918 1296 mandatis
933 1253 1000 1298 non
1020 1231 1178 1298 excedere

65 1335 173 1402 dictam
198 1358 358 1405 summam
384 1337 581 1404 florenorum
608 1339 862 1422 quingentorum
887 1339 1032 1422 milium;
1057 1342 1113 1406 sed
1144 1349 1181 1408 ut

65 1449 210 1511 tractatus
237 1467 277 1510 ex
304 1452 415 1513 nostro
440 1445 569 1513 deiectu
595 1468 660 1512 non
696 1446 857 1528 deficeret,
883 1468 941 1513 nos
967 1447 1181 1517 offerebamus

65 1559 161 1620 nostro
176 1574 272 1639 posse
289 1555 323 1620 in
340 1576 426 1636 casu,
451 1577 515 1640 quo
540 1557 608 1640 ipse
635 1554 785 1622 dominus
810 1554 956 1623 Karolus
982 1563 1016 1623 et
1030 1556 1180 1624 Berones

63 1669 158 1728 esseut
181 1664 326 1728 contenti
350 1663 456 1730 facere
480 1669 513 1729 et
528 1683 715 1748 procurare,
739 1685 798 1730 nos
824 1670 857 1729 et
881 1665 959 1749 socij
986 1666 1099 1747 nostri,
1124 1665 1180 1750 qni

63 1777 146 1836 erant
158 1772 295 1853 Mestre,
309 1793 382 1836 cnm
398 1771 629 1838 Dominaiione
647 1770 779 1854 Vestra,
805 1771 892 1855 quod
906 1774 979 1857 ipsa
1003 1773 1184 1846 assentiret¹

63 1901 155 1963 usque
169 1881 212 1946 ad
228 1902 387 1948 summam
413 1879 588 1947 florenrum
614 1886 840 1946 sexcentorum
866 1881 1008 1966 milium;
1035 1888 1069 1948 et
1093 1882 1178 1967 quod

62 1987 114 2054 loc
129 2010 208 2056 onus
223 1989 444 2073 acciperemus
469 2009 566 2073 super
590 2011 659 2070 nos,
673 1988 752 2055 licet
777 2008 1013 2071 exponeremus
1038 2012 1096 2056 nos
1113 2012 1179 2056 ma·

61 2096 136 2162 ximo
153 2097 295 2182 periculo
312 2095 489 2181 recipiendi
505 2097 621 2163 exinde
636 2119 774 2182 magnas
790 2096 1039 2180 redargutiones
1052 2097 1180 2166 aVest-

59 2225 92 2268 ra
105 2204 341 2272 Dominatione.
357 2205 404 2272 m
419 2204 467 2272 ita
482 2205 708 2289 respondimus
725 2204 857 2272 domiuo
882 2205 1012 2272 Zanoto
1029 2207 1116 2290 quod
1132 2209 1180 2276 di·

61 2316 449 2396 oeretdominoKar0103
466 2315 523 2398 qui
541 2315 691 2382 dominus
708 2314 855 2382 Zanotus
875 2314 987 2397 voluit,
1013 2317 1100 2402 quod
1125 2317 1180 2385 do·

60 2427 158 2493 minus
174 2424 348 2493 Generalis
364 2427 427 2492 iret
443 2447 514 2492 cum
532 2447 570 2491 eo
586 2423 630 2492 ad
646 2424 819 2491 dicendum
836 2423 895 2491 hec
910 2427 1009 2493 verba
1033 2427 1180 2511 predicto

60 2535 182 2603 domino
199 2535 340 2602 Karolo.
357 2535 452 2602 Unde
469 2535 533 2619 ipsi
553 2532 648 2600 ambo
667 2535 803 2616 iverunt,
819 2540 852 2600 et
877 2534 1046 2602 redierunt
1071 2535 1179 2602 dicen-

58 2651 111 2728 tes,
125 2643 269 2728 qualiter
285 2642 436 2710 dominus
452 2643 596 2710 Karolus
610 2643 756 2708 mitteret
771 2663 831 2727 pro
848 2641 1033 2710 Beronibus
1044 2669 1051 2727 ;
1062 2650 1179 2710 etcum

57 2772 192 2818 essemus
217 2749 260 2818 ad
287 2773 399 2818 eorum
423 2750 618 2835 presentiae,
642 2771 701 2834 per
726 2771 785 2816 nos
811 2751 960 2834 exposita
984 2750 1117 2818 fuerunt
1133 2753 1179 2818 eis

57 2862 148 2928 rerba
164 2883 229 2946 que
245 2862 436 2926 miseramus
452 2859 494 2925 ad
510 2858 684 2926 dicendum
701 2857 831 2924 domino
857 2858 985 2925 Karolo
1001 2882 1059 2944 per
1075 2860 1177 2927 domi·

57 2990 128 3034 num
143 2970 310 3036 Zanotum
326 2968 367 3034 de
395 2967 527 3034 florenis
553 2968 713 3033 sexcentis
739 2965 892 3047 millibus,
909 2973 946 3034 ut
969 2977 1018 3034 est
1043 2967 1176 3036 dictum.

26 3078 31 3087 '
56 3078 98 3143 m
112 3079 201 3145 lacta
216 3077 319 3142 multa
335 3076 559 3160 disputatione
576 3074 771 3159 superinde,
786 3073 918 3140 tandem
934 3077 1003 3158 ipse
1028 3075 1180 3145 dominns

1 3215 2 3253 r
55 3183 197 3252 Karolus
212 3184 291 3252 lecit
306 3182 398 3249 nobis
414 3183 604 3267 responderi
615 3204 674 3267 per
686 3180 851 3248 dominum
862 3183 1059 3267 Episcopum
1077 3181 1179 3268 Quin-

1 3349 2 3352 ,
56 3291 358 3376 que-Ecclesiarum,
375 3291 463 3375 quod
480 3291 629 3358 dominus
645 3289 795 3360 Karolus
820 3291 861 3356 de
887 3290 1021 3357 oonsilio
1046 3312 1180 3358 suorum

1 3469 2 3472 ,
54 3401 213 3468 Beronum
231 3398 451 3484 respondebat
467 3399 569 3482 uobis,
585 3399 672 3483 quod
698 3399 761 3484 ipsi
788 3397 999 3465 nullomodo
1026 3397 1180 3467 videbant

54 3531 144 3594 posse
158 3511 306 3594 accipere
322 3509 410 3576 istud
426 3529 506 3576 onus
524 3527 622 3593 super
638 3529 672 3574 se
688 3529 749 3592 pro
765 3506 882 3573 minori
910 3508 1096 3592 quantitate
1112 3508 1181 3573 uni·

54 3641 88 3686 us
105 3619 230 3686 milioni
245 3618 453 3685 florenorum.
478 3618 523 3684 ut
548 3615 821 3701 respondentibus
847 3615 948 3700 nobis,
974 3615 1062 3702 quod
1088 3616 1178 3683 istud

54 3735 120 3795 erat
136 3728 254 3812 dicere,
270 3724 359 3812 quod
375 3725 501 3793 nollent
515 3746 647 3809 pacem;
672 3724 748 3808 quia
765 3725 830 3790 ista
854 3745 981 3792 summa
997 3729 1070 3790 erat
1094 3725 1180 3792 inra·

52 3836 214 3904 donabilis
231 3842 264 3902 et
278 3833 497 3920 importabilis
513 3832 627 3916 nobis;
643 3839 677 3900 ct
692 3831 817 3919 quodsi
833 3832 1029 3900 haberemus
1046 3855 1179 3900 causam

52 3964 113 4009 non
130 3943 334 4026 attendendi,
350 3965 408 4010 nos
424 3963 565 4009 essemus
582 3943 694 4008 statim
711 3940 855 4009 contenti
884 3940 924 4007 de
940 3941 1027 4007 omni
1044 3962 1083 4008 eo
1099 3943 1180 4026 quid

52 4059 216 4134 peterent3
240 4052 298 4120 sed
315 4050 394 4137 quia
409 4057 520 4118 nostre
536 4052 726 4118 intentionis
742 4056 814 4117 erat
839 4051 1012 4118 attendere
1028 4074 1091 4136 que
1106 4073 1180 4137 pro-

52 4160 267 4242 mittebamua
283 4158 487 4228 nollebamus
503 4159 570 4226 ullo
587 4159 684 4226 modo
701 4159 891 4244 promittere
907 4181 986 4240 rem,
1002 4181 1100 4243 quarn
1116 4181 1180 4227 non

53 4289 217 4352 possemus
233 4267 423 4352 attendere;
439 4289 512 4335 cum
529 4268 604 4355 alijs
620 4267 732 4335 multis
758 4268 874 4336 verbis.
900 4267 1048 4335 Tandem
1073 4267 1180 4335 dictus

52 4377 198 4446 domiuus
213 4378 400 4462 Episcopus
417 4375 808 4463 Quinque-Ecclesiam
824 4376 916 4460 dixit,
933 4376 1022 4462 quod
1048 4377 1179 4446 dicebat

52 4485 144 4552 nobis
160 4509 220 4572 pro
237 4493 335 4570 parte
352 4485 516 4553 dictorum
532 4483 759 4569 Dominorum‚
776 4485 862 4570 quod
879 4486 920 4552 de
939 4485 1066 4553 duobus
1083 4487 1180 4571 elige·

50 4615 159 4666 remus
174 4617 280 4682 unum,
296 4601 355 4666 aut
371 4593 450 4666 dare
466 4593 569 4666 libere
595 4595 663 4666 sine
679 4596 749 4666 ulla
774 4594 959 4666 conditione
985 4595 1178 4668 Dominium
