3190 5252
758 371 993 415 uiruousczrru
1010 359 1177 416 unntnnn.

933 621 1008 720 no4.

401 821 431 886 Ι.
447 820 548 906 LoJos
563 844 703 908 mapyar
719 823 752 885 e'a
767 820 891 906 lenpyel
908 819 1020 905 kirtly
1037 817 1166 883 Brazza
1183 818 1513 904 dalmatiaiszipetnet

803 928 1005 992 birtokdbon.
1032 929 1126 992 1381.

509 1088 550 1152 In
569 1086 692 1154 Christi
719 1087 847 1154 nomine
872 1087 988 1154 Amen.
1013 1086 1113 1153 Auno
1137 1109 1158 1153 a
1181 1088 1364 1154 Nativitate
1387 1087 1515 1151 eiusdem

402 1196 575 1264 millesimo
592 1195 837 1262 trecentessimo
854 1194 1075 1278 octuagesimo
1085 1195 1199 1280 primo,
1209 1194 1387 1261 indictione
1402 1199 1516 1277 quarta,

404 1307 455 1372 die
471 1304 661 1371 duodecimo
677 1304 796 1369 mensis
812 1303 905 1388 Maij.
921 1301 1094 1386 Regnante
1109 1303 1254 1369 Domino
1275 1303 1405 1368 domino
1421 1307 1517 1366 nostro

403 1413 594 1479 Ludovicho
610 1410 673 1476 Dei
689 1412 798 1496 gratia
825 1409 1041 1478 Serenissimo
1067 1412 1158 1496 Rege
1174 1409 1331 1496 Vngarie,
1347 1411 1477 1477 Polonie
1490 1415 1518 1474 et
1578 1479 1580 1484 ,

403 1522 587 1600 Dalmatic3
612 1525 820 1604 temporeque
835 1518 1017 1586 Reverendi
1027 1521 1062 1586 iu
1073 1517 1207 1585 Christo
1223 1518 1337 1586 Patris
1353 1526 1387 1586 et
1401 1517 1517 1585 Domini

404 1629 525 1696 domini
541 1627 701 1712 Stephani
727 1627 791 1693 Dei
808 1633 840 1694 et
856 1626 1051 1714 Apostolice
1068 1627 1164 1694 Sedis
1181 1628 1289 1712 gratia
1309 1627 1478 1694 Bracensis
1491 1629 1519 1690 et

404 1739 577 1804 Ferreusis
592 1736 768 1820 Episcopi;
792 1742 825 1801 et
840 1737 976 1820 Egregii
994 1742 1026 1802 et
1042 1736 1184 1820 potentis
1211 1737 1271 1800 riri
1288 1734 1412 1802 domini
1428 1733 1519 1801 Simo·

406 1849 456 1912 uis
473 1847 513 1913 de
530 1844 638 1911 Auria
655 1844 695 1909 de
711 1845 735 1910 J
738 1867 824 1910 anua
839 1845 1041 1910 honorabilis
1068 1841 1205 1911 Comitis
1225 1842 1401 1910 Braceusis
1421 1851 1452 1909 et
1465 1844 1518 1908 ra

406 1955 528 2034 reusis3
552 1976 591 2019 ac
607 1953 724 2018 nobilis
750 1954 810 2018 viri
835 1952 966 2041 domini,
982 1953 1073 2019 Bilse
1090 1952 1239 2037 Cipriaui
1265 1951 1347 2017 ciuis
1364 1950 1518 2036 Spalateu·

408 2062 453 2127 sis
470 2063 538 2127 eius
555 2047 699 2142 Vicarii3
715 2067 814 2144 atque
830 2060 988 2127 nobilium
998 2061 1142 2127 virorum
1158 2060 1366 2125 dominorum
1376 2060 1402 2125 J
1405 2061 1517 2126 udicum

405 2169 534 2234 Miohee
551 2167 743 2254 Nigooiury,
758 2168 892 2252 Miohoij
910 2166 1118 2252 Vuladinicp
1133 2166 1236 2234 Yuan
1251 2166 1284 2233 N
1286 2168 1461 2252 iuchouiby.
1483 2165 1516 2230 Iu

406 2276 523 2344 Neresi
539 2275 745 2360 presentibus
770 2277 898 2360 signore
924 2273 1072 2358 Nicolao
1100 2275 1192 2341 Luca
1207 2282 1241 2341 et
1255 2275 1392 2343 Yurcho
1407 2274 1516 2341 deos·

405 2386 511 2468 lauiey
526 2383 662 2452 testibus
679 2391 712 2449 et
727 2384 802 2450 aliis
818 2423 861 2432 -
879 2423 922 2432 -
938 2422 982 2431 —
996 2384 1104 2450 Balue
1128 2383 1272 2469 Rupzity
1289 2384 1329 2450 de
1344 2383 1411 2450 Dol
1425 2382 1515 2448 vendi·

271 2541 276 2552 Α
405 2493 455 2559 dit
466 2493 541 2578 jure
567 2494 691 2577 proprii
716 2493 751 2558 in
776 2499 968 2578 perpetuum
995 2492 1113 2559 Marce
1134 2491 1306 2578 Gcstmicy
1321 2494 1363 2559 de
1380 2491 1515 2560 Olimntio

405 2601 446 2667 de
472 2599 586 2666 subtus
617 2621 714 2666 uuam
744 2608 868 2666 terram
899 2606 1128 2667 vuretenorum
1154 2600 1253 2666 trium
1279 2600 1332 2667 uel
1358 2602 1446 2680 circa
1474 2597 1515 2664 uel

406 2714 692 2792 quantumcunque
710 2709 762 2790 sit,
778 2708 893 2774 subtus
907 2707 1068 2775 Gasische
1083 2731 1183 2793 penes
1198 2715 1322 2775 terram
1332 2705 1516 2790 Vsechimicy

405 2839 503 2901 penes
528 2817 614 2882 uiam
640 2815 812 2899 publicam,
838 2823 871 2882 et
894 2839 994 2901 penes
1010 2817 1097 2903 Jago
1114 2817 1283 2901 Dinorioh,
1299 2839 1371 2882 cum
1388 2814 1516 2882 omnibus

407 2925 472 2991 suis
484 2924 615 3008 juribus
632 2931 667 2991 et
682 2926 934 2992 circumstantiis
952 2932 984 2990 et
1000 2927 1206 3009 pertinentiis
1223 2926 1266 2991 ad
1281 2925 1459 2992 habendum
1480 2929 1517 2986 te·
1579 2995 1580 2998 Ἴ

406 3053 544 3099 uenoum
559 3041 593 3099 et
608 3031 849 3116 possidendum,
876 3041 909 3099 et
934 3034 1093 3118 quidquid
1110 3034 1268 3118 placuerit
1284 3035 1347 3118 ipsi
1363 3033 1480 3113 emtori,
1492 3035 1517 3094 et

407 3141 474 3207 suis
490 3141 666 3209 heredibus
683 3147 715 3206 et
731 3142 969 3209 successoribus
985 3143 1153 3208 hincinde
1169 3149 1327 3228 perpetuo
1344 3140 1516 3210 faciendum.

406 3250 452 3315 Et
477 3249 539 3314 hoc
563 3272 623 3332 pro
648 3250 754 3332 pretio
779 3248 939 3316 librarum
964 3251 1202 3335 quinquaginta
1227 3272 1418 3334 parvorum
1445 3243 1517 3330 quod

406 3362 511 3422 totum
528 3357 669 3440 pretium
686 3355 791 3423 dictus
806 3357 957 3424 venditor
978 3363 1151 3424 contentus
1168 3364 1201 3423 et
1219 3357 1387 3423 confessus
1402 3357 1459 3423 suit
1471 3356 1516 3419 ha·

407 3464 516 3529 buisse
534 3471 566 3529 et
583 3467 741 3548 recepisse
758 3485 779 3532 a
795 3466 884 3532 dicto
902 3472 1057 3551 emptore,
1074 3466 1113 3531 de
1130 3466 1249 3549 quibus
1261 3462 1516 3532 clamavitsesors
1579 3447 1580 3452 ἵ

407 3573 489 3638 bene
506 3573 646 3638 solutum
663 3581 696 3640 ct
711 3573 838 3656 integre
849 3573 1060 3659 satisfactum,
1071 3573 1195 3644 faciens
1206 3574 1312 3640 eidem
1329 3574 1432 3654 finem,
1447 3570 1517 3657 quie
1579 3587 1580 3594 ’

407 3680 575 3761 tationem,
601 3683 822 3748 remissionem
850 3689 883 3748 et
907 3688 1037 3766 pactum
1055 3683 1095 3748 de
1109 3683 1247 3748 ulterius
1264 3682 1371 3749 dictos
1389 3679 1516 3748 denarios
1579 3675 1580 3686 ‘

408 3811 471 3855 non
488 3790 636 3874 petendo.
654 3789 761 3874 Quam
778 3797 899 3857 terram
917 3791 1085 3875 promissit
1099 3791 1205 3856 dictus
1215 3791 1369 3856 uenditor
1384 3810 1438 3875 per
1452 3809 1481 3853 se
1494 3793 1516 3850 et
1578 3783 1580 3794 ⁴

409 3917 484 3963 suos
500 3897 636 3965 heredes
653 3905 685 3963 et
707 3920 910 3965 successores
936 3900 998 3983 ipsi
1024 3899 1139 3964 emtori
1167 3905 1199 3962 et
1224 3899 1290 3963 suis
1315 3899 1479 3964 heredibus
1492 3900 1516 3957 et

408 4005 644 4071 successoribus
667 4005 826 4090 legittime
853 4004 1035 4071 deffendere
1062 4012 1158 4071 etex
1183 4005 1369 4088 calumpnia
1393 4007 1432 4072 ab
1447 4000 1515 4070 omui

408 4133 558 4195 persona,
584 4121 616 4178 et
641 4113 680 4180 ds
707 4136 745 4181 ea
769 4114 857 4180 litem
880 4136 945 4182 non
962 4113 1088 4194 inferre,
1105 4135 1165 4179 nec
1179 4111 1332 4180 inferenti
1349 4112 1515 4185 consentire,
1578 4143 1580 4162 ι

410 4219 469 4285 sub
485 4220 684 4302 obligatione
701 4222 844 4287 omnium
862 4213 992 4289 suorum
1008 4223 1167 4289 bonorum
1190 4225 1390 4305 presentium
1406 4230 1435 4288 et
1449 4220 1514 4284 futu·
1578 4239 1580 4256 1

408 4349 532 4409 rorum,
548 4348 587 4394 ac
603 4327 790 4394 suffectione
802 4329 1014 4415 dampnorum
1034 4331 1186 4411 omnium,
1201 4331 1358 4397 interesse
1375 4338 1406 4397 et
1420 4345 1513 4411 espen·
1579 4351 1580 4404 j

409 4456 519 4506 sarum
536 4435 604 4501 litis
621 4443 652 4502 et
668 4444 780 4520 extra3
804 4445 836 4503 et
849 4440 1041 4525 juraverunt
1057 4439 1141 4506 dicte
1156 4445 1267 4527 partos
1284 4439 1450 4506 secundum
1464 4432 1513 4501 lor·
1579 4441 1580 4528 }
