3182 5252
599 343 693 418 lasa
1146 347 1209 422 525

74 551 183 610 causa,
200 527 262 597 sori
272 531 454 616 privilegio,
470 539 503 597 et
519 532 667 598 omnibus
680 533 810 617 juribus
826 532 985 614 civilibus,
1001 533 1165 599 canonicis
1176 541 1210 600 et

74 638 337 722 municipalibus,
348 641 464 723 quibus
475 647 607 724 possent
624 647 740 706 contra
755 639 903 724 predicta
921 640 969 706 vel
986 637 1119 724 aliquod
1135 663 1211 725 pre-

73 745 238 812 dictorum
255 747 498 832 quomodolibet
513 769 549 814 se
565 750 659 813 tueri.
678 748 788 819 Tenos·
800 755 908 814 autem
925 748 1117 833 syndicatus
1129 749 1211 834 ejus-

72 851 149 917 dem
165 853 455 921 DucalisDominii
472 855 689 923 veneciarum
698 876 757 941 per
768 856 878 922 omnia
888 853 964 920 talis
974 861 1033 920 est.
1043 857 1084 920 ln
1096 854 1211 921 Ohris·

72 962 102 1026 ti
113 963 246 1028 nomine
255 962 365 1029 Amen
376 965 436 1030 stb.
448 961 547 1048 (mint
555 962 671 1030 fenebb
684 971 757 1031 280.
769 986 811 1030 sz.
821 963 866 1048 a.)
876 963 927 1028 De
936 963 1092 1048 predictis
1102 971 1210 1030 antem

72 1070 227 1135 omnibus
243 1078 276 1136 et
292 1071 429 1156 singulis
444 1078 578 1153 rogatus
594 1071 643 1136 fui
659 1093 718 1156 ego
735 1070 907 1156 presbyter
935 1069 1090 1136 Nicolaus
1117 1070 1210 1136 Chri·

74 1179 227 1260 stophori
244 1176 284 1243 de
304 1178 454 1243 Rodacis
477 1176 764 1244 Archi-Diaconus
781 1177 821 1244 de
848 1177 977 1246 Vulcho
1004 1180 1037 1243 in
1062 1177 1211 1244 Ecclesia

74 1283 443 1370 Quinque-Ecclesiensi
479 1286 638 1351 Notarius
666 1286 895 1372 infrascriptus
922 1284 1079 1351 conficere
1112 1307 1210 1351 unum

73 1401 112 1458 et
127 1393 225 1476 plura
240 1392 384 1477 ejusdem
403 1394 524 1460 tenoris
540 1401 573 1458 et
593 1394 806 1460 consonancie
823 1393 955 1478 publica
982 1395 1199 1459 instrumenta

74 1500 204 1566 Actum
220 1501 314 1566 Bude
331 1503 364 1566 in
380 1509 487 1568 castro
502 1501 675 1585 Reginali3
702 1501 907 1586 presentibus
923 1501 1106 1567 honorabili
1131 1502 1210 1567 viro·

1 1689 2 1695 ἵ
75 1607 213 1674 dominc
229 1609 463 1675 Bartholomeo
481 1608 596 1674 Pizani
609 1609 649 1675 de
663 1609 863 1693 Bulgnrellis
874 1609 913 1674 de
923 1609 1030 1673 Imola
1041 1609 1206 1675 Oanonico

76 1715 274 1798 Faventino,
291 1737 428 1782 necnon
444 1717 588 1801 providis
605 1725 638 1782 et
654 1717 802 1784 discretis
819 1717 896 1784 viris
914 1715 1111 1783 Cithandinc
1132 1715 1212 1782 Ber·

75 1822 131 1888 thi
148 1823 286 1889 citadini
302 1823 342 1888 de
358 1823 529 1907 Favencia,
545 1832 580 1890 et
594 1824 706 1890 Nomii
723 1825 763 1891 de
779 1824 980 1891 Bombaiolis
997 1823 1036 1888 de
1052 1825 1211 1905 Bononia,

77 1931 222 1997 testibus
239 1930 283 1996 ad
298 1931 507 2016 infrascripta
523 1932 646 1997 vocatis
663 1932 850 2016 specialiter
865 1939 898 1998 et
917 1933 1040 2015 rogatis
1065 1953 1103 1996 ac
1128 1931 1211 1998 aliis.

75 2039 120 2104 In
137 2040 371 2122 premissorum
388 2047 498 2104 autem
515 2037 612 2104 fidem
630 2047 663 2106 et
679 2039 877 2104 evidenciam
893 2039 1072 2122 pleniorem
1098 2061 1210 2123 supra·

74 2145 167 2211 dicte
184 2145 395 2212 Serenissime
412 2153 445 2210 et
461 2146 740 2213 Excellentissime
767 2148 935 2231 Principes
960 2169 999 2212 ac
1025 2146 1212 2212 Illustrissi·

76 2276 132 2320 me
149 2253 243 2319 ambe
259 2254 388 2319 domine
404 2254 530 2338 Regine
547 2277 678 2338 presens
703 2257 955 2321 instrumentum
980 2254 1052 2319 fieri
1078 2252 1213 2319 manda-

77 2370 260 2444 seruatae
278 2361 458 2444 sigillorum
476 2382 608 2427 suorum
625 2362 684 2428 sub
700 2364 851 2444 stigmate
868 2384 924 2427 seu
948 2363 1091 2445 imagine
1115 2361 1213 2444 sigilli

77 2471 257 2556 cujuslibet
273 2471 446 2535 munimine
463 2470 622 2538 roborari.

406 2579 479 2662 Ego
496 2577 673 2663 Presbyter
695 2578 851 2645 Nicolaus
877 2577 1040 2662 quondam
1067 2577 1213 2644 Christo·

406 2686 501 2770 phori
518 2686 557 2752 de
568 2687 719 2753 Rodacis
729 2686 834 2752 Archi
844 2687 1010 2751 Diaconos
1025 2686 1065 2750 de
1083 2683 1213 2753 Vuloho

406 2797 439 2860 in
465 2795 612 2860 Ecclesia
639 2793 1068 2879 Quinque-Ecclesiensium,
1093 2800 1126 2858 et
1154 2799 1213 2857 ·'a·

408 2899 1214 2988 nonicusEcclesiaAquilejiensis,PublicusApo·
1297 2985 1301 2992 ι

94 3009 133 3097 (J
137 3011 250 3096 egyzbi
257 3010 359 3095 jegy.)
407 3011 523 3077 stolica
540 3019 573 3076 et
587 3012 755 3095 Imperisli
772 3013 969 3076 auctoritate
988 3011 1153 3090 Notarius,
1179 3014 1214 3071 et
1315 3065 1319 3082 ‚

408 3117 715 3184 ScribaRevorendi
729 3119 762 3181 in
773 3115 906 3184 Christo
916 3117 1026 3182 Patris
1037 3123 1070 3180 et
1079 3114 1213 3179 Domini

407 3226 529 3292 domini
544 3224 713 3294 Valentini
730 3225 886 3308 Episcopi
908 3222 1214 3308 Quinque-Ecclesi-

408 3336 501 3414 ensis
527 3332 724 3417 supradictis
749 3333 898 3399 omnibus
925 3338 957 3397 et
982 3333 1118 3414 singulis
1142 3352 1213 3413 pre·

409 3443 515 3506 missis
531 3462 662 3524 presens
679 3440 733 3522 sni,
750 3462 852 3523 eaque
869 3445 1004 3522 rogatus
1021 3439 1163 3506 scribere
1180 3437 1213 3501 in

411 3548 495 3614 lianc
511 3545 675 3631 publicam
692 3547 831 3613 formam
856 3547 981 3629 scripsi,
1007 3567 1214 3628 meorumque

410 3658 494 3738 signi
511 3663 543 3720 et
559 3658 698 3721 nominis
714 3657 890 3721 munimine
904 3657 1065 3722 roboravi.

78 3807 115 3867 (Α
132 3803 239 3854 »Liber
253 3803 417 3851 Paetorum«
431 3802 521 3850 czlmlt
533 3803 671 3852 velenozei
682 3802 864 3864 a'llamkbnyv
878 3801 925 3852 VI.
940 3801 1080 3850 notetebol
1097 3805 1139 3848 99.
1150 3799 1215 3866 les.)

668 3965 730 3972 ψ-η

612 4110 686 4171 284.

85 4270 267 4335 linostema
284 4266 441 4334 Dandolo
456 4269 674 4334 Saracennclr
684 4294 705 4333 a
716 4267 871 4333 celesrczei
886 4269 1106 4353 kllztrttsasclg.
1121 4270 1214 4331 1383.

196 4427 296 4494 Anno
313 4425 650 4493 MOOOLXXXIII.
668 4427 843 4492 indictione
868 4431 1017 4512 septima,
1033 4428 1086 4492 die
1101 4427 1214 4492 ultimo

84 4537 303 4620 Septembris.
320 4536 378 4602 Oa
388 4557 409 4620 p
420 4542 484 4602 ta:
502 4533 597 4618 Quod
614 4536 851 4620 respondeatur
868 4557 920 4599 ser
946 4535 1111 4601 Saracenc
1126 4537 1217 4602 Dan·
