3210 5252
388 371 430 434 60
741 385 975 436 uircouscnrnr
992 375 1162 434 nuntnnn.

388 546 615 632 obligationes,
642 548 881 632 stipulationes,
910 547 1083 615 firmitates
1108 551 1143 613 et
1167 548 1422 615 renuntiationes
1448 570 1523 616 cum

388 655 568 722 adiectione
592 677 684 741 pene,
701 657 741 723 de
761 657 879 741 quibus
893 657 954 724 tibi
979 657 1153 738 videbitur,
1178 655 1319 724 faciendi
1345 661 1380 722 et
1404 659 1522 741 recipi·

388 761 472 844 endi,
488 785 527 829 ac
544 784 605 848 pro
621 763 686 830 hiis
705 763 873 848 obligandi
890 763 1010 831 dictam
1026 763 1212 833 Romanam
1227 764 1421 856 Ecclesiam,
1438 767 1522 831 eius·

388 897 451 960 que
476 874 678 952 Provincias,
702 871 876 954 Ciuitates,
901 870 1029 952 Uestru,
1045 873 1176 955 Terras,
1196 873 1291 939 villas
1306 877 1340 938 et
1355 873 1429 940 loce
1445 872 1518 938 ubi·

389 1003 514 1067 cunque
537 983 572 1046 in
588 981 676 1046 dicta
695 980 797 1046 Italia
817 982 1006 1065 consistant,
1022 987 1054 1047 et
1068 982 1136 1047 alia
1150 980 1300 1065 faciendi,
1317 1003 1381 1066 que
1396 981 1430 1046 in
1446 1003 1521 1064 pre·

388 1091 495 1157 missis
519 1096 553 1156 et
577 1110 688 1156 eorum
704 1089 861 1172 quolibet,
877 1111 917 1156 ac
935 1090 1086 1170 circaea,
1103 1091 1384 1175 circumspectioni
1400 1096 1457 1155 tue
1475 1091 1522 1154 vi-

388 1198 551 1264 debuntur
576 1201 740 1282 oportuna
757 1203 790 1262 et
805 1198 911 1278 utilia,
926 1196 1068 1282 plenem,
1083 1199 1307 1282 omnimodam,
1333 1196 1522 1282 generalem

388 1311 422 1372 et
435 1305 585 1390 liberam,
608 1327 647 1372 ec
661 1307 835 1390 specialem
850 1311 964 1372 tenore
980 1308 1181 1390 presentium
1197 1307 1392 1372 anctoritate
1407 1303 1519 1390 Apos-

376 1411 488 1480 ¹tolica
521 1411 727 1480 concedimus
752 1419 966 1498 potestatem
1001 1419 1109 1480 ratum
1134 1420 1168 1481 et
1198 1420 1330 1498 gratum
1360 1412 1521 1492 habituri,

388 1522 547 1607 quidquid
570 1530 677 1608 perte
693 1525 726 1588 in
742 1525 909 1607 premissis
933 1529 1096 1589 eteorum
1127 1522 1273 1606 quolibet
1297 1544 1336 1588 ac
1361 1523 1449 1587 circe
1475 1542 1517 1587 ea

388 1635 576 1712 tractatum,
602 1631 797 1709 ordinatum,
823 1631 996 1710 firmatum,
1023 1629 1170 1695 oblatum
1195 1635 1228 1695 ct
1253 1630 1459 1713 promissum,
1486 1635 1520 1693 et

390 1737 472 1802 alias
499 1735 619 1802 fectum
646 1737 745 1804 luerit
770 1740 835 1804 sive
860 1743 995 1822 gestum.
1021 1739 1144 1804 Datum
1159 1734 1331 1803 Avenione
1347 1735 1427 1804 VII.
1444 1735 1521 1802 idus

389 1845 544 1911 Jenuurii
560 1844 752 1915 Potificetus
768 1849 873 1913 nostri
890 1869 997 1913 annno
1014 1851 1140 1932 quarto.

716 1991 777 2055 (XI.
790 1992 910 2057 Gergelp
923 1992 996 2058 pope
1008 1989 1196 2056 regestatibol.)

961 2157 968 2160 .
981 2154 1034 2161 ..—

930 2300 981 2362 56.

390 2459 420 2521 I.
448 2457 547 2545 Lojoe
570 2480 709 2547 mappas
725 2462 757 2524 da
773 2460 895 2548 lenpyel
922 2459 1105 2547 kirdlyuolo
1122 2458 1176 2522 XI.
1197 2455 1334 2544 Gerpoly
1354 2461 1462 2544 pdpa,
1479 2480 1519 2520 ae

389 2565 514 2630 iddaebd
539 2566 656 2653 leduyo
672 2568 705 2630 ds
721 2567 831 2651 Lojoa,
851 2567 888 2632 V.
906 2566 1033 2654 Kdroly
1041 2565 1199 2652 frouczla
1216 2564 1400 2651 kirdlyualc
1417 2569 1519 2629 mdsc·

527 2675 648 2758 dilcfio
664 2675 733 2740 ledet
750 2675 884 2739 terendo
899 2675 1059 2760 hdzossa'p
1075 2675 1269 2762 to'rppdbau.
1295 2675 1389 2737 1374.

397 2877 399 2882 .
501 2831 679 2916 Gregorius
697 2835 880 2918 Episcopus
897 2839 956 2902 eto.
974 2835 1143 2900 carissimo
1159 2836 1193 2900 in
1210 2833 1343 2900 Christo
1369 2831 1439 2898 filio
1456 2833 1522 2898 Lu·

390 2943 504 3008 dorico
519 2942 606 3026 Regi
623 2943 771 3026 Vngarie
787 2942 907 3008 illustri
924 2943 1061 3008 salutem
1081 2948 1141 3007 etc.
1157 2941 1320 3007 Dilectum
1338 2941 1440 3006 filium
1458 2940 1516 3026 Sy·

389 3071 515 3115 monem
530 3051 571 3116 de
586 3049 673 3116 Pata
691 3049 724 3116 N
726 3051 856 3115 nncium
871 3056 972 3131 tunm,
996 3051 1134 3116 latorem
1151 3050 1360 3134 presentium,
1376 3048 1518 3132 benigne

389 3157 579 3242 recepimus,
603 3164 637 3223 et
663 3157 845 3224 andivimus
870 3158 992 3242 pluries
1018 3159 1176 3241 speciose,
1195 3157 1372 3240 pluresque
1389 3157 1521 3222 litteras

389 3263 513 3348 Regias
538 3273 571 3330 et
594 3265 850 3349 supplicationes
866 3267 961 3331 nobis
978 3287 1037 3349 pro
1054 3273 1113 3330 tua
1127 3271 1223 3348 parte
1239 3270 1446 3348 presentatus
1462 3285 1521 3348 per

389 3391 472 3452 eum,
496 3393 578 3454 ques
594 3373 773 3456 prudenter
782 3379 815 3438 et
828 3371 968 3440 fideliter
984 3373 1018 3438 in
1034 3373 1213 3438 commissis
1228 3371 1290 3436 sibi
1306 3371 1434 3450 habuit,
1449 3393 1521 3455 per-

388 3475 526 3561 legimus
542 3484 576 3546 et
591 3479 687 3563 pleno
703 3482 901 3565 suscepimus
917 3479 1093 3547 intellectu.
1110 3477 1167 3546 Ad
1184 3499 1265 3562 ques
1275 3478 1520 3562 respondemus,

389 3586 477 3668 quod
503 3589 671 3655 carissimo
696 3591 728 3655 in
757 3588 872 3656 Ohirto
897 3589 966 3656 filio
993 3596 1105 3655 nostro
1131 3587 1250 3655 Carolo
1275 3587 1362 3670 Regi
1378 3587 1522 3655 Francis

387 3693 507 3759 illustri
532 3716 662 3762 causam
689 3697 760 3764 Tne
779 3697 975 3764 Dilectionis
1000 3697 1152 3762 mittendi
1170 3703 1242 3762 tuos
1258 3693 1520 3762 Ambaxietores

389 3802 538 3869 solennes
562 3804 605 3870 ad
635 3805 819 3872 Romanam
852 3804 984 3871 Curiam
1011 3825 1070 3888 pro
1095 3804 1279 3870 tractandis
1302 3802 1525 3870 matrimoniis

347 3993 351 4002 Ι
389 3933 450 3995 pro
475 3910 605 3981 filiabus
629 3916 695 3980 tuis
720 3921 754 3981 et
777 3916 863 3981 natis
881 3914 960 3980 dicti
986 3914 1096 3997 Regis,
1122 3913 1226 3979 eidem
1251 3912 1337 3996 Regi
1368 3911 1525 3978 duximus

388 4019 621 4105 intimandam3
646 4029 777 4090 etcum
808 4023 946 4090 honesta
971 4022 1015 4087 sit
1040 4041 1139 4088 causa
1164 4020 1360 4104 huiusmodi,
1384 4019 1528 4104 proinde

388 4127 527 4210 Regiam
565 4129 806 4213 providentiam
837 4128 1110 4209 commendamus,
1139 4135 1293 4212 rogantes
1327 4127 1524 4195 cordialiter

388 4234 504 4318 Deum,
529 4242 566 4302 nt
581 4235 621 4303 de
646 4237 736 4321 prole
761 4237 942 4304 masculina
957 4241 989 4302 te
1006 4242 1128 4320 tuaque
1144 4235 1269 4320 Regna,
1285 4244 1317 4302 et
1332 4235 1523 4302 Ecclesiam

388 4341 453 4409 Dei
474 4343 629 4428 dignetur
657 4345 913 4412 misericorditer
934 4345 1106 4428 consolari,
1121 4343 1164 4412 ad
1181 4345 1230 4411 sni
1255 4345 1386 4411 laudem
1402 4351 1436 4410 et
1449 4343 1527 4428 glo·

387 4451 479 4534 riam,
503 4471 543 4517 ac
558 4450 776 4520 defensionem
793 4452 938 4538 ejusdem
953 4452 1101 4520 Ecclesie
1117 4457 1150 4517 et
1164 4451 1238 4518 fidei
1255 4449 1455 4517 Christiane.
1473 4451 1527 4518 Et

387 4577 461 4626 rere
485 4557 548 4624 hoc
571 4561 685 4632 audire
701 4561 778 4634 totis
802 4561 923 4631 nostris
948 4559 1120 4629 desideriis
1139 4559 1339 4628 affectamus.
1357 4556 1524 4629 Ceterum
