3210 5252
395 353 456 420 116
741 375 970 419 unumunurm
990 348 1155 418 enniana.

393 527 518 600 salibus
529 535 568 599 de
580 533 724 619 qrmlibet
735 535 824 597 ouria
836 553 985 614 possessa
996 531 1133 612 singulis
1150 531 1242 595 annis
1259 531 1292 594 iu
1309 531 1393 594 festo
1412 529 1513 594 Sancti

393 645 529 710 Martini
551 645 631 708 duos
653 664 782 724 grossos
799 639 1025 706 Boliemicalcs
1044 640 1170 704 soluere
1185 662 1246 723 pro
1263 663 1363 704 carrea
1390 638 1516 704 (laniem

393 761 503 820 nostre
515 755 577 816 sint
589 751 726 814 astricti.
738 748 849 813 Etiam
860 747 947 830 quod
970 749 1217 830 prenominatus
1239 747 1394 828 ll'asako,
1421 755 1449 812 cl
1474 748 1515 810 sui

393 861 529 928 heredes
540 867 570 924 el
582 879 793 937 precessores
805 857 843 921 de
855 855 1044 938 prescriptis
1056 856 1152 934 rillio,
1167 853 1260 918 nolus
1278 862 1309 919 et
1322 857 1445 920 uostris
1455 877 1516 938 pos·

392 973 475 1036 teris
492 991 563 1033 erun
582 966 707 1032 (luobus
724 965 829 1029 hastis
846 971 876 1026 et
895 963 1020 1027 duobus
1031 962 1208 1046 balislarijs
1219 964 1251 1026 in
1270 966 1362 1046 apris
1380 973 1409 1027 et
1428 965 1516 1028 armis

392 1080 475 1144 bene
500 1075 683 1143 valentibus
699 1081 732 1137 et
747 1073 942 1156 preparatis,
971 1073 1247 1154 quotienscunque
1264 1073 1297 1135 iu
1315 1073 1404 1138 dieta
1423 1073 1516 1137 Tema

393 1195 508 1254 nostra
523 1186 642 1251 Russie
654 1183 873 1248 necessarium
884 1183 993 1262 luerit,
1003 1182 1126 1246 seruire
1138 1180 1347 1248 tenebuntur.
1359 1182 1517 1246 Promitti-

393 1318 465 1361 mus
482 1297 613 1377 insuper
630 1292 718 1356 dicto
729 1288 909 1354 Waszkoni
928 1295 961 1352 et
977 1293 1042 1352 suis
1064 1287 1351 1370 heredibusque}
1370 1293 1397 1355 si
1415 1293 1516 1375 aliqua

394 1406 514 1470 damna
530 1399 688 1465 notabilia
698 1400 732 1462 in
743 1404 855 1461 nostro
866 1397 1010 1461 exercitu
1021 1395 1079 1462 sub
1090 1403 1201 1461 nostro
1212 1396 1372 1462 balmerio
1385 1401 1417 1463 in
1435 1401 1518 1480 equis

395 1511 574 1578 interiectis
593 1509 807 1592 perceperint,
822 1505 874 1569 vel
890 1505 1010 1569 detenti
1028 1526 1083 1568 seu
1101 1506 1257 1588 captiuati
1287 1507 1423 1587 luerinl;
1448 1509 1518 1572 talia

395 1619 504 1684 omnia
527 1618 644 1682 clauum
671 1615 853 1694 restituere,
871 1620 905 1677 et
922 1610 964 1676 ab
981 1613 1163 1696 hujusmodi
1182 1616 1385 1697 criptiuitate,
1403 1614 1519 1699 absque

395 1749 506 1794 eorum
518 1722 952 1800 damnisliberare.Harum
960 1723 1076 1804 quibus
1087 1731 1233 1788 nostrum
1243 1723 1384 1805 sigillum
1396 1747 1518 1808 presen-

395 1836 483 1902 tibus
499 1843 548 1901 est
558 1830 943 1917 appensumtestimonio
953 1829 1145 1894 litterarum.
1163 1828 1284 1896 Attum
1295 1832 1328 1894 in
1339 1831 1518 1915 humberga

395 1945 447 2010 die
464 1943 628 2009 dominica.
645 1941 794 2024 proxima
812 1945 883 2020 post
903 1937 1020 2001 sentum
1038 1935 1149 2001 Sancti
1170 1936 1302 2004 Nicolai
1321 1941 1519 2018 corrsessoris,

395 2076 478 2118 anno
504 2050 636 2117 Domini
664 2048 834 2112 millesimo
866 2046 1094 2112 trecentesima
1126 2047 1366 2129 septuagesimo
1399 2052 1519 2130 quinto,

396 2161 607 2228 Prosenlibus
633 2157 800 2222 Boxicone
821 2154 860 2216 de
887 2154 1123 2238 t'lnapcowicz,
1150 2151 1251 2218 Petro
1268 2152 1388 2242 Brouy
1404 2158 1518 2224 Judice

396 2265 595 2336 Prouimiali
621 2267 724 2330 Terre
753 2263 881 2342 Russie,
907 2259 1043 2328 Viltone
1070 2261 1262 2345 (lapitaneo,
1288 2265 1467 2330 l'lunlkone
1483 2265 1519 2330 de

394 2376 539 2459 Ryblioz,
555 2371 707 2440 Hlebone
725 2367 764 2435 de
780 2369 1024 2435 llumslrouicn·
1052 2367 1249 2436 ll'istlrkone
1266 2371 1521 2440 dell'okouiez:

396 2491 429 2550 et
444 2483 597 2548 Johanne
614 2480 655 2545 de
673 2477 836 2560 Glogouia
853 2487 965 2543 nostro
985 2477 1199 2559 Oancella1·io,
1216 2481 1271 2561 qui
1289 2484 1453 2562 presentia
1470 2482 1522 2546 lra-

395 2590 467 2658 buit
481 2593 514 2656 iu
531 2591 718 2656 commissis.

397 2735 497 2805 (daglol
511 2735 532 2788 Ῑ.
547 2736 661 2787 Ulaszlb
674 2732 785 2800 lengycl
798 2731 947 2799 kirdlynuli
972 2735 1082 2784 rireki
1109 2738 1276 2798 aregeidsitd
1297 2733 1495 2800 okmrlnpabbl.
1507 2751 1521 2783 a

398 2830 512 2892 »Zapisp
527 2829 688 2890 Trybonalu
702 2823 905 2888 Lubelskiego«
921 2821 1012 2875 czlmss
1027 2825 1237 2889 torvdnykezesi
1252 2827 1371 2889 copiella
1385 2827 1522 2890 lionprbol

522 2917 610 2967 XXX.
624 2919 681 2966 klit.
698 2921 757 2965 ala.
769 2917 804 2979 l.;
824 2931 838 2964 a
853 2915 945 2964 rarsbl
959 2917 1067 2978 lencpel
1083 2915 1187 2978 kiraua
1202 2917 1400 2975 lecdlldrban.)

935 3263 984 3324 98.

397 3425 452 3495 XI.
472 3423 607 3514 Gerpely
622 3425 710 3512 palpo
730 3421 755 3486 I.
771 3420 940 3488 ‹lolianno'l
950 3417 1091 3501 fellcc'ri,
1107 3421 1188 3509 leopos
1204 3421 1385 3511 afloreinai
1401 3429 1524 3493 lebaldi·-

455 3540 551 3618 κακᾶς]
567 3537 598 3598 iss
614 3535 831 3618 azizieeisv‘poel
848 3532 926 3593 allen
944 3533 1186 3614 sepulturola-ru
1204 3535 1352 3619 luldpm.
1381 3540 1475 3601 13⁴3).

503 3695 684 3778 Gregorius
695 3693 878 3776 Episcopus
889 3701 946 3756 ete.
960 3693 1126 3757 carissime
1137 3694 1169 3757 iu
1181 3693 1313 3759 Olnlsio
1323 3695 1390 3760 lille
1400 3695 1526 3761 dohan-

395 3823 434 3869 ne
451 3804 578 3886 Regiae
596 3801 707 3868 Sicilie
724 3799 844 3866 illustri
861 3801 999 3866 salutem
1026 3807 1086 3866 eto.
1116 3799 1340 3868 Attendenles
1366 3825 1429 3870 nou
1456 3805 1526 3869 sine

395 3910 489 3995 graui
501 3912 607 3976 cordis
618 3909 836 3975 amaritudine
848 3908 1050 3973 diversarum
1066 3912 1247 3975 novitatum
1264 3919 1296 3974 et
1313 3911 1526 3976 rebellionum

319 4067 321 4071 ,
394 4017 543 4082 fremitus
559 4018 591 4081 iu
609 4017 720 4081 'l'erris
737 4013 835 4081 Italia
851 4016 891 4078 ad
912 4035 969 4078 nos
986 4022 1017 4079 et
1034 4015 1218 4081 Rornanam
1235 4017 1417 4083 Ecclesiam
1436 4041 1526 4103 spec-

393 4126 549 4208 tantibus,
565 4132 677 4210 preter
688 4145 814 4190 onmem
826 4129 971 4189 nostram
984 4132 1232 4208 nostrorumque.
1244 4127 1374 4211 eulpam
1384 4137 1528 4206 exortos.

396 4253 434 4298 ex
451 4232 568 4316 quibus
587 4238 691 4300 statue
717 4232 861 4298 eiusdem
888 4231 1035 4298 Ecclesia
1052 4239 1186 4316 propter
1203 4229 1453 4302 instabilitatem
1469 4259 1529 4321 po·

396 4341 462 4424 puli
480 4341 688 4406 vehementer
714 4341 745 4404 iu
772 4336 837 4405 illis
862 4339 1011 4422 partibus
1036 4342 1181 4405 noscitur
1198 4341 1356 4408 fluctuare
1373 4367 1379 4408 :
1397 4343 1530 4410 Sereni·

394 4457 495 4514 tatem
514 4447 617 4515 Tuam
635 4448 833 4533 peculiarem
851 4449 995 4513 eiusdem
1010 4447 1153 4514 Ecclesie
1171 4450 1271 4516 filiam
1288 4475 1327 4517 ex
1343 4451 1529 4536 precordia

397 4575 466 4620 rum
492 4556 642 4621 medullis
668 4555 843 4621 all'ecluoso
869 4577 1024 4638 rogamus
1051 4557 1271 4640 olisecrautes,
1298 4562 1450 4644 quatinus
1476 4583 1529 4626 re·
