3226 5258
751 353 987 408 nlrtouuczmr
1002 337 1172 408 sachunu.

935 653 985 716 11.

392 813 454 877 ΙΧ.
478 809 615 902 Gerqely
638 816 802 902 pdpdnuk
828 814 970 900 bolteja,
995 811 1142 900 melytget
1157 837 1178 878 a
1194 810 1359 878 mezerici
1384 812 1523 899 bercepet

395 923 474 1009 tuti,
491 925 571 1010 bopp
595 924 785 990 oluttuuldit
800 948 821 987 a
836 923 984 988 litudaok
1000 924 1033 988 ds
1050 922 1264 1000 rutbeuekaak
1280 947 1302 986 a
1321 923 1423 986 adunet
1440 923 1523 988 read

563 1031 644 1096 elles
659 1029 906 1118 tamopctdsdtdt
922 1031 1236 1096 viaeatur-rezeana
1255 1029 1360 1095 1371.

497 1188 682 1276 Gregorius
707 1191 890 1276 Episcopus
915 1211 1026 1257 servus
1051 1211 1215 1258 servorum
1242 1188 1306 1254 Dei
1323 1187 1441 1253 dilecto
1456 1187 1523 1253 filio

392 1300 493 1366 nobili
508 1302 578 1366 viro
595 1350 602 1366 .
619 1348 627 1364 .
643 1349 650 1365 .
667 1299 753 1364 Duci
778 1298 926 1366 Mauorte
951 1298 1089 1365 salutem
1114 1306 1147 1364 et
1172 1297 1403 1382 Apostolicam
1428 1297 1522 1363 bene·

392 1407 573 1474 dictionem.
592 1406 710 1473 Gravis
726 1408 859 1490 querela
884 1429 943 1491 pro
965 1413 1060 1491 parte
1077 1405 1271 1473 dilectorum
1286 1405 1427 1472 filiorum
1443 1455 1451 1469 .
1468 1455 1475 1468 .
1491 1454 1498 1469 .
1515 1455 1521 1469 .

391 1513 548 1601 Magistri
563 1520 597 1579 et
611 1515 767 1581 Fratrum
783 1514 970 1599 Hospitalis
988 1512 1109 1580 Sancte
1124 1511 1233 1580 Maria
1249 1512 1522 1580 Theotonicorum

391 1620 658 1690 Jerusalemitani
682 1621 776 1689 nobis
801 1643 905 1707 nuper
930 1623 1079 1706 exposita
1109 1622 1304 1704 continebat,
1334 1620 1522 1704 quodlicet

390 1731 463 1813 ipsi,
488 1735 525 1794 ut
548 1737 597 1795 est
622 1731 795 1811 notorium,
817 1736 933 1797 contra
948 1729 1093 1796 infideles
1109 1730 1284 1795 Lutwanos
1300 1735 1333 1794 et
1347 1726 1521 1795 nonnullos

390 1835 562 1904 Ruthenos
579 1839 778 1904 scismaticos
794 1837 955 1904 subiectos
970 1839 1099 1920 eisdem,
1110 1839 1338 1923 impugnantes
1352 1835 1441 1921 ipsos
1457 1833 1521 1901 fra-

287 1975 292 1985 ·
390 1955 458 2012 tres
483 1955 516 2013 et
541 1949 622 2014 alios
648 1946 863 2032 Christianos,
903 1947 1023 2015 bellum
1048 1950 1236 2016 continuum
1259 1953 1519 2033 prosequantur;

389 2061 498 2120 tamen
513 2056 663 2121 nonnulli
679 2056 803 2122 subditi
819 2057 877 2136 tui,
894 2057 982 2121 inter
996 2062 1101 2122 terras
1119 2056 1293 2122 eorundem
1316 2054 1474 2138 Magistri
1488 2061 1520 2119 et

255 2183 257 2194 ¹
390 2161 556 2243 Fratrum,
572 2183 611 2228 ac
629 2162 864 2230 Lutwanorum
879 2170 913 2229 et
928 2162 1154 2229 Ruthenorum
1180 2163 1402 2244 consistentes,
1418 2183 1518 2247 appa-

390 2275 483 2336 ratus
499 2277 534 2336 et
548 2291 739 2355 progressus
755 2271 938 2337 eorumdem
965 2270 1120 2355 Magistri
1134 2277 1168 2336 et
1183 2271 1339 2337 Fratrum
1356 2291 1395 2334 ex
1410 2270 1519 2336 ricini-

389 2384 458 2444 tate
483 2377 627 2444 locorum
653 2378 760 2462 sepius
786 2378 968 2460 sentientes,
992 2379 1067 2444 illos
1092 2377 1213 2443 eisdem
1229 2377 1395 2444 Lutuanis
1412 2375 1517 2443 notifi-

389 2493 474 2571 cant,
499 2492 532 2552 et
556 2493 595 2553 ut
621 2507 654 2551 se
680 2485 864 2566 defendant,
880 2507 920 2552 ac
935 2491 1049 2570 gentes
1065 2486 1228 2553 dictorum
1243 2486 1403 2552 Fratrum
1420 2483 1516 2551 offen·

388 2593 469 2662 dant
485 2603 518 2660 et
533 2596 736 2681 prepediant,
761 2595 904 2662 reddunt
921 2597 1119 2680 premonitos
1135 2578 1281 2662 statium
1297 2598 1515 2681 premunitos;

343 2764 348 2772 .
388 2710 421 2767 et
435 2725 453 2768 e
468 2709 583 2770 contra
598 2725 671 2770 cum
686 2703 783 2770 iidem
799 2703 951 2770 Lutwani
968 2712 1084 2772 contra
1100 2707 1187 2789 ipsos
1196 2705 1337 2771 Fratres
1352 2711 1385 2770 et
1400 2711 1515 2784 terras,

387 2831 499 2878 eorum
515 2811 696 2895 procedunt
720 2811 890 2894 hostiliter,
907 2833 961 2879 eos
978 2810 1193 2879 amicabiliter
1210 2812 1380 2897 recipiunt,
1397 2817 1429 2876 et
1443 2833 1515 2896 per·

386 2923 532 2985 tractant
546 2920 627 3004 ipsis
642 2918 799 2987 victualia
814 2925 847 2985 et
862 2918 1017 2987 ducatum
1032 2921 1066 2987 in
1081 2920 1161 2988 locis
1171 2921 1267 2986 inviis
1283 2927 1317 2984 et
1332 2920 1514 2988 solitudini·

386 3027 448 3092 bus
464 3025 643 3094 exhibendo
665 3030 699 3092 in
724 3049 879 3112 magnum
904 3027 1133 3095 detrimentum
1157 3028 1344 3096 eorumdem
1359 3027 1514 3112 Magistri

386 3142 419 3200 et
434 3135 593 3204 Fratrum
608 3159 647 3202 uc
662 3136 738 3202 fidei
755 3135 973 3219 Christianae,
989 3157 1086 3222 super
1102 3136 1219 3221 quibus
1238 3136 1301 3203 fuit
1316 3145 1426 3203 nostre
1442 3158 1514 3221 pro-

386 3243 520 3312 visionis
536 3243 713 3310 remedium
740 3245 954 3330 postulatum.
979 3244 1090 3331 Quare
1108 3243 1328 3312 Nobilitatem
1345 3243 1449 3311 Fuam
1465 3265 1514 3309 ro·

386 3371 501 3434 gamus
525 3359 559 3417 et
583 3351 754 3418 hortamur
778 3359 911 3436 attente,
926 3353 988 3419 tibi
1003 3352 1231 3420 nichilominus
1247 3375 1305 3438 per
1320 3352 1513 3438 Apostolica

386 3458 510 3543 scripta
525 3458 728 3543 mandantes,
744 3461 899 3542 quatinus
916 3460 1020 3528 dictos
1036 3461 1185 3528 subditos
1201 3467 1284 3540 tuos,
1300 3467 1338 3526 ut
1353 3461 1512 3526 desistant

385 3586 406 3629 a
420 3565 580 3649 predictis
604 3573 637 3631 et
662 3568 735 3632 aliis
759 3568 924 3634 favoribus
948 3565 1069 3634 eisdem
1083 3569 1264 3635 infidelibus
1280 3567 1512 3653 impendendis,

386 3671 519 3740 studeas
533 3693 594 3758 pro
610 3676 791 3741 reverentia
804 3675 877 3760 Dei,
894 3697 1012 3762 sueque
1022 3676 1094 3757 fide,
1110 3677 1278 3744 ethonore
1294 3683 1360 3758 tuo,
1376 3676 1423 3742 sic
1437 3675 1512 3740 fide·

385 3779 461 3846 liter
477 3787 510 3846 et
525 3780 658 3848 realiter
682 3805 839 3869 coercere,
865 3785 953 3870 quod
968 3805 1033 3851 non
1048 3791 1199 3869 oporteat
1212 3807 1272 3877 per
1288 3783 1404 3852 Sedem
1421 3782 1508 3868 Apo·

385 3887 534 3955 stolicam
550 3911 647 3975 super
672 3892 735 3957 hoc
758 3889 854 3959 aliter
879 3892 1052 3976 provideri.
1077 3889 1203 3960 Datum
1228 3893 1392 3959 Arinione
1412 3889 1509 3962 VIIL

385 3992 545 4062 kalendas
560 3995 751 4066 Decembris
767 3998 983 4066 Pontificatus
997 4000 1101 4066 nostri
1117 4021 1203 4066 anno
1218 4001 1333 4083 primo.

484 4140 626 4204 (Fredetie
639 4155 655 4192 a
668 4139 762 4194 namet
775 4143 899 4194 rendnelr
911 4143 1091 4210 kbnigsbergi
1103 4145 1190 4195 titlros
1203 4143 1416 4214 levtltdrtban.)

868 4402 1027 4420 una-..Q
