3226 5254
603 365 695 429 1380.

615 673 687 733 179.

92 832 283 918 Eppezbedc's
301 831 426 916 Kdrolp
442 830 599 896 drurozzoi
610 832 736 916 berczep
754 833 785 895 e's
807 831 986 918 astos-enczi
999 833 1215 918 kdztrirsoedp

224 941 305 1004 kc'zt.
324 939 353 1003 A
374 939 527 1026 floreoczi
552 939 762 1027 biiztdrsasciq
780 941 953 1025 olorndnpa.
972 943 1065 1004 1380.

185 1099 226 1164 In
243 1099 309 1165 Dei
324 1099 453 1164 nomine
470 1097 586 1164 Amen.
612 1095 713 1165 Anno
731 1098 864 1164 Domini
890 1099 930 1165 ab
958 1100 1026 1164 eius
1052 1100 1211 1166 Incarus·

5 1233 7 1274 t
92 1208 170 1273 tione
184 1208 355 1274 millesimo
373 1209 600 1272 trecentesimo
632 1208 862 1290 octuagesimo,
887 1207 1063 1272 indictione
1089 1215 1212 1291 quarta

5 1349 7 1352 ·
94 1316 437 1384 secundumcursumet
454 1316 716 1381 consuetudinem
735 1315 948 1381 Notariorum
967 1312 1119 1381 Civitatis
1135 1317 1211 1383 Flo-

92 1426 182 1490 rentie
199 1425 249 1490 die
271 1425 409 1508 septimo
434 1425 554 1488 mensis
581 1422 745 1502 OctubriS,
770 1430 918 1506 tempore
944 1422 1149 1489 Sanctissimi
1176 1427 1210 1489 in

94 1531 217 1598 Christo
252 1533 366 1598 Patris
398 1539 431 1596 et
463 1531 598 1596 Domini
629 1531 750 1596 domini
782 1529 914 1628 Urbani
942 1530 1065 1596 Divina
1098 1531 1211 1596 Provi-

4 1621 8 1686 ἶ
91 1638 191 1704 ‹lentia
206 1640 298 1724 Pape
317 1637 414 1704 Sexti.
432 1638 554 1703 Actum
570 1639 604 1703 in
621 1637 763 1704 Ciuitate
781 1638 950 1702 Florentia
967 1638 1001 1702 iu
1027 1638 1154 1720 palatio
1173 1640 1208 1703 in

91 1769 147 1828 quo
162 1753 327 1812 morantur
344 1746 466 1811 domini
493 1745 625 1811 Priores
653 1743 786 1810 Artium
812 1749 845 1810 et
872 1743 1046 1811 Vexillifer
1070 1745 1209 1812 Justitie

4 1915 6 1942 ἶ
90 1853 196 1937 Populi
214 1861 245 1919 ot
262 1852 451 1918 Communis
479 1850 653 1932 Florentie,
679 1853 886 1935 presentibus
914 1853 1052 1919 testibus
1078 1852 1120 1918 ad
1148 1853 1209 1918 hoc

4 2001 5 2010 κ
88 1964 199 2026 vocatis
215 1970 245 2027 ot
262 1963 403 2042 babitis;
427 1961 577 2026 uidelicet
602 1960 818 2042 prudentibus
836 1964 868 2024 et
893 1960 1043 2025 diseretis
1060 1962 1138 2026 viris
1155 1981 1209 2026 ser

4 2125 6 2148 p
87 2068 230 2136 Johanne
261 2069 391 2135 Nicolai
410 2067 451 2133 de
467 2065 586 2133 Castro
603 2067 805 2150 Florentino,
822 2069 890 2132 cire
917 2075 949 2132 et
976 2069 1116 2136 Notario
1133 2069 1208 2134 Flo-

4 2167 6 2178 *
86 2179 215 2260 rentino,
226 2184 258 2245 et
268 2178 408 2243 Notario
425 2184 458 2241 et
470 2173 586 2242 Scriba
603 2174 712 2241 Officii
729 2175 933 2241 dominorum
949 2177 1099 2241 Priorum
1116 2175 1208 2241 Arti-

4 2327 6 2374 t
85 2292 192 2350 umet
225 2283 412 2354 vexilliferi
426 2283 564 2350 Justitie
590 2283 819 2367 predictorum,
845 2291 878 2348 et
904 2306 955 2350 ser
983 2281 1129 2350 Antonio
1155 2307 1207 2349 ser

85 2392 184 2459 Chelli
213 2391 355 2458 Notario
392 2391 585 2455 Florentino
611 2395 645 2454 et
671 2387 872 2455 Ooadiutore
905 2390 1103 2457 Cancellarii
1129 2391 1206 2455 dicti

3 2535 5 2554 ·
84 2499 187 2567 Officii
202 2501 405 2566 dominorum
421 2497 572 2563 Priorum
590 2504 623 2562 et
637 2497 821 2579 Vixilliferi,
840 2505 871 2564 et
888 2499 961 2564 aliis
979 2498 1137 2580 pluribus.

3 2571 4 2600 i
185 2609 307 2673 Pateat
322 2606 471 2672 omnibus
488 2606 653 2670 evidenter
670 2605 756 2671 hunc
773 2604 936 2687 publicum
956 2607 1205 2671 instrumentum

85 2715 244 2798 spectaris,
271 2714 358 2798 quod
393 2711 561 2796 Magnifici
588 2719 618 2776 et
646 2718 797 2796 potentes
829 2713 892 2776 uiri
924 2712 1047 2776 domini
1072 2713 1207 2779 Priores

83 2821 210 2887 Artium
226 2831 259 2887 et
276 2818 447 2888 Vexillifsr
463 2819 488 2884 J
491 2819 602 2884 ustitie
618 2818 736 2902 Populi
753 2827 787 2883 et
813 2819 1002 2884 Communis
1028 2818 1205 2902 Florentie,

84 2952 219 2996 osiacum
227 2927 351 2997 Offiliis
364 2925 691 3004 Gbonlalonerorum,
703 2927 894 2991 sotietatem
905 2925 1025 3009 populi,
1038 2933 1069 2990 et
1087 2925 1205 2992 ‹luode-

84 3039 140 3102 oim
167 3040 326 3104 bonorum
346 3037 489 3101 virorum
506 3035 584 3118 dicti
602 3034 717 3118 Populi
743 3041 776 3099 et
802 3033 989 3100 Communis
1016 3033 1145 3099 insimul
1171 3035 1203 3099 in

82 3146 247 3212 sufficienti
273 3165 406 3210 numero
432 3145 622 3226 congregati
655 3144 687 3207 in
704 3144 891 3225 supradicto
917 3143 1043 3225 palatio
1065 3141 1204 3207 residen-

3 3247 4 3304 Ψ
81 3254 121 3319 tie
144 3255 350 3320 dominorum
367 3253 519 3317 Priorum
538 3247 674 3316 Artium
701 3257 733 3314 ot
758 3248 943 3316 Vexilliseri
968 3250 992 3316 J
996 3251 1106 3314 ustitie
1132 3271 1204 3333 pre-

3 3393 5 3454 ᾗ
82 3361 235 3426 dictorum
252 3380 312 3444 pro
330 3380 440 3424 eorum
458 3357 564 3423 olfieio
581 3357 767 3438 exercendo,
783 3359 869 3422 omni
887 3357 991 3437 modo,
1009 3358 1059 3421 via
1076 3364 1110 3421 et
1121 3357 1204 3439 juro,

80 3469 188 3550 quibus
205 3468 319 3533 melius
336 3472 522 3550 potuerunt,
540 3467 607 3530 vioe
624 3473 658 3531 et
674 3465 803 3532 nomine
820 3466 898 3530 dicti
915 3464 1033 3548 Populi
1060 3471 1093 3529 et
1108 3462 1203 3529 Corn-

81 3582 184 3662 munis,
203 3583 236 3641 et
253 3598 310 3660 pro
324 3577 411 3640 dicto
428 3575 557 3659 Populo
569 3583 602 3640 et
624 3573 796 3641 Communi
812 3573 908 3655 sacto,
920 3575 1016 3638 misso
1044 3580 1076 3637 et
1101 3572 1203 3637 celeb·

3 3683 5 3768 ξ
81 3694 146 3752 rato
162 3686 255 3770 prius
280 3684 365 3749 inter
396 3703 452 3748 eos
486 3683 621 3750 solemni
650 3689 683 3748 et
711 3689 836 3747 secreto
862 3681 1017 3747 scrutinio
1043 3679 1202 3746 sillabas

3 3783 5 3874 J
81 3793 182 3874 nigras
208 3799 242 3857 et
268 3791 371 3872 albas,
387 3797 423 3856 ut
448 3791 547 3855 moris
572 3797 628 3870 est,
654 3797 687 3856 et
712 3791 845 3857 obtento
871 3791 996 3872 partito
1023 3789 1199 3854 secundum

3 3923 5 3982 3
80 3894 208 3964 formam
226 3904 423 3964 statutorum
440 3905 471 3963 et
488 3899 787 3964 ordinamentorum
805 3899 883 3963 dicti
908 3895 1095 3962 Communis
1121 3894 1202 3960 seco·

81 4014 146 4071 runt
162 4009 402 4074 constituerunt
418 4015 452 4073 et
461 4007 697 4074 ordinaverunt
714 4007 800 4072 ‹liodi
817 4007 937 4089 Populi
954 4012 986 4071 et
1003 4003 1203 4084 Communis,

3 4151 4 4184 1
82 4118 109 4176 et
123 4115 284 4182 bominum
302 4122 335 4180 et
345 4136 558 4198 personarum
576 4115 653 4180 dieti
671 4113 792 4198 Populi
803 4121 834 4180 et
851 4115 1041 4180 Communis
1058 4133 1149 4178 veros
1167 4120 1202 4177 et

3 4258 7 4270 v
81 4219 255 4307 legiptimos
273 4223 423 4289 Sindicos
449 4229 689 4307 procuratores,
714 4229 850 4302 actores,
866 4222 1008 4288 factores
1035 4229 1067 4284 et
1093 4226 1199 4285 certos

83 4334 200 4396 nuutios
217 4331 374 4416 speciales
390 4328 643 4398 Ambsxiatores
664 4331 741 4396 dicti
761 4331 879 4414 Populi
895 4336 927 4394 et
952 4329 1151 4409 Communis,
1169 4334 1202 4394 et

84 4439 230 4524 quidquid
246 4440 360 4507 melius
377 4461 446 4505 esse
462 4447 606 4523 possunt,
623 4439 760 4504 Nobiles
777 4446 809 4504 et
825 4439 986 4521 Egregios
1002 4437 1127 4503 Milites
1145 4436 1203 4502 do-

87 4545 197 4614 minum
217 4549 359 4615 Rossum
384 4547 549 4613 Riceiardi
575 4546 615 4612 do
645 4545 764 4628 Riocis,
789 4552 820 4611 et
846 4544 1009 4610 dominum
1034 4545 1202 4610 Bettiuum
