3226 5258
584 305 680 372 1372.
1155 312 1190 374 31

11 525 12 532 κ
93 481 138 547 hus
153 481 360 568 precludimus
377 489 408 550 et
424 492 582 570 perpetuo
608 485 828 568 prohibemus,
844 486 904 550 sub
921 487 1108 572 priuacione
1124 508 1198 572 per·

11 653 12 658 ,
92 611 221 657 sonarum
237 600 271 660 et
286 615 396 659 rerum
412 613 545 658 suarum
561 593 862 678 niercimonialium,
879 616 960 677 quas
977 595 1060 660 tales
1075 617 1196 661 merca-

51 723 54 738 ·
90 707 161 764 tores
175 704 318 767 extranei
344 708 501 785 tanquam
527 699 675 767 mandati
701 702 805 766 nostri
821 709 1081 786 transgressores
1097 723 1197 787 penes

91 827 118 870 se
130 807 386 892 dignoscerentur
403 808 532 874 habere.
560 811 600 876 Iu
617 813 708 876 cuius
724 811 770 877 rei
787 813 974 877 memoriam
991 819 1196 896 perpetuam·

92 935 140 997 que
151 915 520 1002 inritatam-presentes
546 918 674 984 litteras
691 925 820 985 nostras
836 920 1057 1003 priuilegiales
1073 920 1195 986 eisdem

11 1021 13 1030 '
92 1027 283 1091 concessimus
309 1027 409 1109 sigilli
436 1028 539 1092 nostri
564 1027 696 1093 maioris
712 1033 743 1090 et
758 1026 938 1093 authentici
964 1028 1121 1112 simplicis
1140 1049 1196 1111 ep·

11 1163 13 1168 r
91 1134 229 1212 pensionis
245 1135 424 1200 munimine
440 1135 619 1201 roboratas.
650 1135 777 1202 Datum
793 1136 827 1200 in
843 1135 1018 1219 Wisegrad
1035 1142 1127 1201 serto
1143 1136 1196 1201 die

90 1241 185 1304 mensis
202 1237 346 1324 Augusti
363 1261 449 1307 anno
473 1239 606 1309 Domini
632 1241 802 1308 millesimo
819 1240 1031 1310 CCCLXX.
1047 1243 1196 1309 secundo.

11 1333 12 1342 ἵ
371 1349 428 1415 Ad
444 1348 677 1416 litteratorium
694 1349 885 1416 mandatum
902 1347 1023 1415 domini
1039 1351 1151 1434 Regis.

91 1491 208 1549 [hredetie
220 1494 394 1558 bdrhfirtydn
407 1494 490 1559 szos
502 1495 652 1560 kirslynck
664 1496 750 1562 tuggo
761 1495 879 1560 peccetje
892 1497 971 1558 slstt,
985 1496 1099 1546 Krslrkb
1113 1496 1196 1546 utros

525 1585 736 1646 levdltrtrtbsn.)

606 1909 657 1974 29.

11 2045 13 2098 l
88 2063 209 2152 ldayos
223 2091 366 2154 mapycr
376 2067 409 2130 c‘s
419 2065 541 2152 lenpyel
551 2067 664 2155 kira‘ly
674 2069 854 2155 maperfisili
875 2068 1013 2136 Kralclrd
1027 2071 1192 2136 edi-orme

11 2167 13 2174 ’
273 2199 294 2238 c
311 2175 577 2240 kerealcedelemre
593 2176 769 2241 conatkozd
776 2178 897 2264 jopeit.
916 2179 1011 2242 1372.

11 2407 12 2412 ἵ
174 2331 240 2398 Nos
254 2333 441 2400 Irodouicus
451 2333 514 2400 Dei
529 2337 642 2420 gracia
658 2335 730 2401 Rex
746 2333 926 2420 Hungarie‚
944 2335 1093 2420 Polonie‚
1110 2335 1191 2402 Dal·

11 2431 13 2502 J
87 2441 172 2504 macie
194 2441 491 2514 etcNotificamus
518 2445 677 2510 uniuersis
703 2450 736 2509 et
761 2444 898 2528 singulis
926 2445 1044 2526 quibus
1061 2443 1192 2528 expedit

11 2537 13 2636 ξ
87 2550 266 2626 presencium
292 2572 352 2634 per
380 2556 533 2632 tenorem,
560 2551 744 2634 quodcum
771 2549 874 2634 Regis
900 2550 1135 2636 speculacionis
1160 2558 1193 2617 et

89 2655 296 2725 sollicitudinis
313 2680 384 2725 esse
401 2659 518 2725 debeat
533 2660 704 2745 inuigilare
720 2661 910 2744 propensius
927 2661 1103 2726 commodis
1119 2659 1194 2725 sub-

11 2745 14 2762 ’
89 2763 210 2832 (litorum
227 2775 259 2834 et
276 2767 389 2852 quieti,
404 2773 439 2833 et
454 2789 510 2833 eos
525 2769 679 2852 prosequi
690 2767 932 2833 munificencius
943 2766 1092 2852 ampliori
1109 2766 1192 2834 dono

11 2865 14 2924 i
88 2875 178 2950 gracie
201 2874 360 2959 specialis,
388 2881 424 2940 ut
446 2880 538 2940 tanto
565 2896 604 2939 ex
630 2873 780 2940 fidelibus
797 2873 965 2955 feliciores,
981 2873 1144 2940 fideliores
1159 2883 1192 2940 et

88 2979 248 3049 devociores
265 3005 300 3049 se
318 2983 494 3050 exhibeant
510 3003 549 3046 ex
566 2981 702 3060 devotis,
720 2989 843 3066 quanto
861 2985 1010 3066 pociores
1029 2981 1193 3066 largitatis

88 3085 220 3156 beneficio
245 3113 284 3156 ex
309 3090 447 3173 Regalis
472 3087 664 3174 provisionis
690 3089 890 3155 liberalitate
918 3109 973 3154 cos
997 3091 1192 3172 contingerit

11 3203 13 3222 ²
88 3197 223 3279 copiosius
247 3198 409 3284 insigniri.
432 3198 619 3282 Eapropter
640 3217 698 3262 nos
715 3196 958 3263 considerantes
975 3197 1101 3263 sincere
1117 3194 1192 3260 fidei

19 3385 23 3392 ι
88 3309 114 3367 et
131 3305 312 3373 innarabilis
336 3305 507 3372 fidelitatis
532 3304 748 3386 donacionem,
772 3327 872 3388 quam
897 3305 1010 3370 fideles
1029 3305 1130 3370 nostri
1148 3305 1193 3369 di-

89 3407 146 3476 lecti
169 3414 249 3481 cives
271 3421 306 3480 et
323 3415 471 3498 hospites
489 3411 722 3479 Cracovienscs
739 3434 866 3497 semper
883 3412 1057 3478 cumomni
1074 3415 1192 3478 carita.

89 3517 121 3582 tis
140 3521 301 3589 affectione
327 3520 370 3588 ad
395 3521 555 3588 Nostram
580 3521 789 3589 Maiestatem
815 3520 1000 3586 habuerunt
1024 3527 1056 3585 et
1072 3520 1192 3588 habere

89 3645 190 3697 emuuc
214 3631 431 3715 probabiliter
456 3637 489 3696 et
515 3629 692 3696 efficaciter
713 3627 932 3714 dinoscuntur,
948 3629 1046 3696 ueluti
1063 3649 1143 3712 quos
1159 3631 1193 3694 in

88 3739 156 3802 omni
178 3738 345 3805 fidelitatis
369 3737 496 3804 fervore
522 3737 666 3815 stabiles,
683 3742 716 3801 et
747 3737 780 3806 in
810 3735 1025 3802 laudabilium
1056 3757 1191 3820 operum

87 3842 265 3913 exhibicione
291 3845 438 3912 efficaces
464 3867 591 3929 semper
616 3843 793 3928 reperimus
819 3850 853 3908 et
882 3841 1190 3911 incommutabiliter

87 3953 283 4031 persistentes.
293 3952 342 4019 Ut
351 3953 452 4036 igitur
461 3953 605 4037 ipsorum
615 3948 783 4016 fidelitatis
794 3948 1051 4015 commendanda
1062 3948 1193 4015 devocio

87 4061 190 4138 premio
215 4061 360 4145 gratuito
384 4058 488 4144 Regio
504 4057 781 4126 remuneracionis
797 4064 1032 4141 compensetur,
1046 4057 1192 4123 volentes

87 4169 113 4228 et
132 4187 165 4232 ex
187 4170 293 4235 animo
309 4168 477 4252 cupientes
492 4168 675 4253 predictam
693 4171 837 4233 nostram
855 4161 1038 4250 Civitatem,
1058 4165 1192 4248 eiusque

86 4273 164 4358 eires,
187 4284 391 4362 mercatores,
407 4279 530 4345 incolas
548 4284 581 4344 et
596 4276 797 4343 habitatores
814 4276 980 4340 universos
1000 4272 1111 4339 lavore
1127 4272 1192 4337 Re-

84 4381 126 4460 gio
140 4388 283 4471 prosequi
307 4384 452 4470 speciali,
478 4391 511 4450 et
539 4405 650 4450 eorum
667 4381 837 4448 commoda
852 4382 978 4448 utiliter
994 4377 1189 4460 adaugendo

86 4487 241 4574 singularis
265 4491 431 4577 privilegii
453 4493 606 4559 libertate
624 4491 751 4558 eosdem
769 4487 916 4557 munifice
933 4488 1097 4566 decorare,
1114 4509 1190 4574 qua·
