3182 5252
402 382 466 444 534
757 399 991 444 niunonnrzmr
1009 386 1175 442 natitant.
1517 2 1583 417 d

508 559 577 625 Nos
601 559 703 642 igitur
729 559 917 624 humillimis
939 559 1234 642 supplicationibus
1251 557 1455 643 prefatorum
1470 555 1521 622 Ge
1582 621 1583 626 ,

401 668 491 734 rardi
508 675 541 731 et
558 668 727 749 Hermani,
752 667 818 730 suis
844 673 877 730 et
901 666 1064 731 dictorum
1084 667 1214 732 Cinium
1231 665 1271 731 de
1289 665 1430 732 Colonia
1445 662 1521 730 etde

402 777 479 859 Hoy
494 777 528 840 in
546 775 692 859 personis
708 773 828 839 Nostre
845 774 1005 857 porrectis
1022 773 1202 856 Maiestati,
1217 775 1375 858 Reginali
1392 772 1522 856 benigni·

400 891 470 950 tate
486 883 651 966 inclinate,
667 889 833 966 pretactas
847 881 977 946 litteras
993 882 1112 964 prelati
1122 882 1260 946 condam
1269 881 1402 947 Domini
1415 879 1523 945 domini
1582 927 1583 962 ÷

401 991 562 1058 Lodouici
578 990 680 1072 Regis
695 989 854 1072 genitoris
872 991 977 1054 nostri
987 988 1150 1052 karissimi
1169 987 1208 1051 do
1226 986 1325 1054 uerbo
1342 987 1522 1053 adverbum
1582 975 1583 980 ἵ

402 1098 606 1183 presentibus
630 1099 770 1162 insertas
795 1103 1014 1178 acceptamus,
1040 1095 1259 1179 approbamus
1276 1101 1309 1160 et
1325 1095 1525 1172 ratificamus,
1582 1131 1583 1134 κ

402 1215 435 1272 et
452 1207 492 1271 de
508 1227 666 1271 consensu
681 1212 710 1270 et
730 1204 935 1287 beneplacita
951 1205 1119 1269 uoluntate
1140 1201 1352 1269 serenissime
1370 1205 1526 1288 Principis

403 1316 532 1383 domine
549 1313 723 1381 Elizabeth
748 1315 861 1378 eadem
887 1312 950 1379 Dei
966 1313 1080 1397 gracia
1096 1312 1223 1396 Regino
1240 1312 1423 1396 Hungarie,
1440 1311 1526 1378 Polo

404 1426 464 1504 nie,
482 1421 654 1488 Dalmacie
671 1427 731 1486 eto.
748 1421 917 1504 genitricis
942 1427 1051 1487 nostre
1075 1420 1256 1498 karissime,
1275 1421 1484 1488 Prelatornm
1499 1431 1529 1486 et

405 1531 572 1597 Beronum
599 1537 784 1596 nostrorum
810 1528 946 1596 consilio
971 1535 1168 1612 promoturo,
1184 1550 1244 1613 pro
1260 1528 1382 1595 eisdem
1399 1529 1529 1596 Oinibus

404 1646 561 1725 perpetuo
586 1640 744 1704 valituras
771 1635 1010 1719 confirmamus,
1040 1638 1202 1719 presentis
1232 1639 1398 1723 priuilegij
1431 1640 1528 1703 nostri

403 1748 585 1832 patrocinio
611 1746 785 1811 mediante.
810 1746 852 1810 In
876 1745 969 1811 cuius
994 1747 1040 1810 rei
1066 1748 1255 1813 memoriam
1280 1747 1529 1829 firmitatemque

404 1862 596 1940 perpetuam
613 1861 780 1937 presentes
807 1853 927 1919 eisdem
951 1854 1077 1919 litteras
1094 1861 1223 1918 nostras
1240 1853 1462 1938 priuilegiales
1477 1875 1529 1936 ap

404 1965 558 2048 pensione
575 1963 675 2044 sigilli
694 1963 796 2026 nostri
816 1961 976 2046 duppliois
986 1967 1019 2024 et
1028 1961 1185 2026 autentici
1201 1962 1418 2027 concessimus
1433 1963 1529 2026 mnni-

405 2073 490 2136 mine
506 2063 688 2136 roboratae.
706 2066 830 2134 Datum
846 2091 904 2152 per
919 2089 1034 2134 manua
1059 2066 1336 2134 Reuerendissimi
1351 2071 1386 2134 in
1402 2069 1529 2135 Christo

405 2178 517 2243 Patris
544 2183 576 2242 et
602 2175 735 2242 Domini
762 2177 884 2240 domini
900 2176 1060 2260 Demetrij
1079 2175 1203 2241 Diuina
1219 2177 1430 2242 miseracione
1445 2176 1527 2241 tituli

406 2284 602 2351 sanctorum
629 2281 781 2367 Quatnor
807 2279 1048 2348 Coronaturum
1074 2281 1291 2350 sacrosancte
1307 2285 1456 2350 Romane
1470 2286 1529 2350 Ec·

405 2394 502 2458 clesie
519 2391 710 2476 Presbyteri
728 2389 916 2457 Cardinalis
932 2413 971 2458 ao
988 2389 1107 2457 sancte
1134 2389 1369 2476 strigoniensis
1390 2392 1529 2458 Ecclesia
1581 2455 1583 2468 ,

406 2502 561 2583 Perpetui
578 2497 830 2580 Gubernatoris
845 2499 973 2582 locique
991 2499 1133 2565 eiusdem
1145 2498 1284 2565 Comitis
1294 2501 1446 2567 similiter
1455 2501 1528 2565 Per·

406 2609 496 2694 petui
520 2613 553 2672 et
577 2607 664 2672 Aule
689 2614 799 2672 nostre
825 2608 1020 2691 Cancellarij
1047 2606 1140 2673 nobis
1166 2607 1273 2672 tidelis
1297 2630 1384 2674 anno
1399 2608 1528 2675 Domini

406 2718 577 2783 millesimo
603 2716 831 2780 trecentesimo
856 2717 1076 2800 octuagesimo
1102 2721 1231 2799 quarte,
1255 2719 1355 2782 tercio
1378 2717 1529 2782 kalendas

405 2825 541 2908 Aprilis,
558 2824 666 2907 Regni
683 2831 790 2888 autem
816 2827 920 2890 nostri
945 2845 1032 2889 anno
1057 2824 1168 2890 tercio.
1192 2823 1486 2890 Reuereudissimis
1501 2831 1530 2888 et

406 2933 646 3000 venerabilibus
671 2934 703 2997 in
730 2931 864 3000 Christo
890 2933 1057 3014 Patribus
1084 2934 1198 2999 eodem
1220 2933 1529 3001 dominoDemetrio

407 3041 586 3108 Cardinale
602 3040 836 3107 Gubernatore
862 3041 1008 3108 Ecclesie
1029 3042 1261 3126 strigoniensis
1278 3041 1457 3126 Perpetuo,
1472 3043 1530 3109 Lo·

406 3152 522 3217 donico
539 3149 718 3228 (tolosensi,
736 3149 838 3215 Petro
854 3149 880 3216 J
881 3149 1022 3230 adrensi,
1039 3149 1186 3234 Vgulino
1197 3147 1384 3233 spalatensi
1401 3157 1433 3216 et
1448 3149 1531 3229 Vgo

355 3284 365 3300 ·
406 3282 446 3325 ne
461 3257 660 3339 Regusiensi
686 3255 969 3340 Archiepiscopis;
992 3257 1146 3322 Emerico
1166 3255 1334 3340 Agriensi,
1350 3256 1459 3322 Panto
1473 3256 1531 3322 Za·

406 3366 582 3450 grabiensi,
600 3363 744 3430 Gublino
763 3364 1051 3446 Transiluaniensi,
1067 3359 1245 3432 Valentino
1256 3363 1531 3451 QuinqueEoele·

407 3475 505 3541 aiensi
520 3473 735 3540 Decretorum
751 3470 906 3555 Doctore,
932 3471 955 3538 J
958 3473 1085 3538 ohanne
1110 3471 1328 3553 waradiensi,
1344 3471 1530 3557 Gynllermo

406 3582 431 3649 J
433 3583 584 3664 auriensi,
619 3580 799 3647 Benedicta
825 3580 1086 3666 Wasprimiensi,
1116 3579 1269 3646 Johanne
1302 3579 1531 3662 Chanadiensi,

409 3689 553 3773 Georgia
570 3691 742 3773 Boznemi,
759 3689 859 3756 Petro
878 3689 1040 3772 Vaciensi,
1058 3687 1211 3755 Johanne
1228 3689 1420 3773 syrmiensi,
1436 3691 1530 3757 fratre

407 3799 576 3864 Demetrio
609 3796 780 3880 Nitriensi,
811 3797 918 3864 Panlo
950 3797 1140 3878 Tininiensi,
1180 3798 1349 3863 Demetrio
1381 3800 1530 3874 Nouensi

333 3917 335 3922 '
408 3906 594 3989 Grisogono
612 3905 836 3988 Traguriensi,
852 3905 986 3972 Matheo
1003 3904 1208 3988 sibinicensi,
1224 3907 1442 3974 Beneuenuto
1453 3909 1529 3974 Pha-

407 4016 503 4098 reusi,
519 4017 545 4081 J
546 4017 648 4082 acobo
664 4015 878 4095 Malariensi,
895 4015 1067 4098 Myohaele
1087 4013 1314 4095 scardonensi,
1331 4014 1438 4082 fratre
1455 4017 1529 4082 Tho

408 4145 462 4189 ma
489 4123 636 4189 seniensi
662 4123 886 4190 Ecclesiarnm
914 4122 1088 4207 Episcopis
1117 4122 1284 4189 Ecclesiae
1309 4120 1375 4186 Dei
1403 4124 1530 4189 feliciter

407 4231 673 4316 gubernantibus.
691 4231 875 4316 Magnifiois
893 4231 969 4296 viris
985 4229 1124 4297 Nicolao
1141 4231 1182 4296 de
1199 4229 1293 4297 Gara
1309 4231 1421 4316 Regni
1438 4231 1530 4298 nostri

408 4339 563 4406 Palatino
581 4346 614 4405 et
630 4340 749 4407 Judice
775 4338 1006 4420 Oomanmnm,
1032 4337 1188 4404 Ladislao
1215 4335 1378 4422 Vayuoda
1397 4339 1530 4405 Transil·

408 4467 493 4512 uano
518 4453 551 4512 et
577 4445 703 4512 Oomite
728 4445 768 4512 de
792 4446 917 4527 Zonnlr‚
938 4442 1066 4510 Domite
1082 4443 1220 4510 Nicolao
1237 4444 1278 4508 de
1294 4443 1408 4511 Zeecli
1422 4447 1447 4512 J
1449 4448 1530 4512 ndice
1576 4441 1578 4522 ζ

409 4552 508 4619 Curia
533 4562 651 4636 nostre,
677 4553 845 4639 stephano
870 4555 910 4619 de
937 4555 1066 4620 Lindua
1091 4555 1197 4620 tocius
1222 4553 1329 4635 Regni
1358 4553 1529 4632 sclanonie,
