3190 5252
389 396 456 458 454
737 407 974 455 urrnormczrar
990 395 1158 453 suranna.

390 571 540 639 omnibus
565 569 642 636 dum
666 573 843 654 agerentur
868 574 901 632 61
925 566 1042 634 fierent
1068 567 1164 633 modo
1180 573 1212 632 et
1228 565 1334 631 forma
1354 565 1522 649 premissis

390 679 544 760 interiui3
567 699 670 762 eaque
686 683 820 761 rogatus
837 675 952 760 scripsi
969 683 1002 742 et
1017 675 1183 761 publicavi
1204 695 1269 739 una
1298 695 1368 739 cum
1394 693 1446 737 sar
1462 670 1521 737 Ja·

390 791 470 857 cobo
487 788 715 872 infrascripto;
732 787 871 870 ideoque
888 807 939 851 me
956 784 1134 870 subscripsi
1152 790 1184 850 et
1201 784 1328 868 signum
1344 804 1449 848 meum
1466 802 1522 866 ap·

390 898 485 984 posui
501 899 701 962 consuetum.

928 1002 1002 1086 Ego
1014 999 1162 1069 Jacobus
1174 999 1310 1084 Taddey
1320 997 1460 1065 Simonis
1482 997 1523 1064 de

819 1109 870 1177 Re
915 1144 1409 1160 ------
1464 1107 1522 1176 Vr·

820 1221 964 1284 coriatus
974 1217 1109 1285 Perusia
1126 1212 1182 1302 (P),
1198 1214 1354 1281 Publicus
1364 1217 1523 1299 Imperia·

819 1327 844 1392 li
861 1326 1058 1394 auctoritate
1075 1325 1237 1392 Notarius
1253 1329 1287 1390 61
1302 1323 1408 1389 Judex
1425 1323 1522 1392 Ordi-

458 1436 612 1523 (Jegyzoi
624 1434 726 1522 jagy.)
817 1435 938 1516 narius,
954 1435 1109 1519 predictis
1121 1434 1280 1514 omnibuS,
1297 1432 1372 1498 dum
1389 1453 1523 1516 ageren-

819 1551 874 1609 tur
890 1549 925 1609 61
940 1543 1056 1610 fierent
1071 1544 1167 1610 modo
1185 1549 1218 1609 61
1233 1541 1341 1609 forma
1349 1543 1522 1627 promissis,

819 1653 962 1735 interfui,
987 1661 1021 1721 et
1044 1653 1122 1720 licet
1147 1655 1268 1737 scripta
1289 1672 1386 1717 manu
1401 1650 1521 1734 prelati

821 1760 953 1828 Notarii
980 1761 1026 1850 (Ρ)
1052 1761 1239 1847 supradicti,
1264 1781 1330 1825 uua
1346 1781 1366 1826 a
1383 1781 1455 1824 cum
1474 1783 1521 1825 eo

388 1874 462 1940 dem
486 1879 623 1957 rogatus
648 1872 788 1938 scribere
814 1871 930 1936 subtus
954 1893 1005 1937 me
1032 1872 1066 1936 in
1090 1869 1309 1938 testimonium
1336 1868 1520 1953 subscripsi,

389 1982 482 2063 signo
498 1999 629 2064 quoque
644 1999 717 2046 meo
734 1984 886 2045 consueto
904 1985 936 2044 61
953 1980 1082 2045 nomine
1097 1979 1272 2062 publicavi.

393 2089 542 2152 (Eradetie,
555 2104 572 2138 a
583 2087 759 2152 kapitrtnyolr
781 2087 914 2153 pecseojei
935 2087 1134 2152 hianyoznalr3
1155 2087 1233 2137 >Atti
1247 2086 1371 2151 pubblici
1384 2087 1520 2136 Archiuio

293 2237 294 2245 ἵ
388 2179 459 2230 dalla
473 2179 696 2245 Itiformagionic
710 2179 840 2230 XXXIX.
855 2178 912 2230 lot.
924 2183 966 2229 40.
980 2193 1017 2230 ez.
1028 2194 1060 2242 a,
1071 2193 1088 2230 a
1101 2179 1231 2230 florencai
1242 2192 1316 2242 nagy
1325 2177 1519 2239 levtltarbau.)

917 2433 991 2496 220.

386 2596 412 2658 1.
429 2595 529 2680 Lojos
546 2617 687 2680 mcpyar
703 2595 734 2658 c's
750 2594 873 2681 lcapycl
895 2591 1008 2680 kirrily
1033 2597 1277 2680 mephatdrozan
1293 2619 1315 2659 a
1330 2594 1520 2659 Staoiantai

386 2703 639 2788 laappclorrqui
663 2703 768 2768 adada
793 2702 966 2766 laetanea
992 2697 1270 2790 (jobbdpycioalc)
1297 2702 1520 2789 szobodrc'qu't.

905 2811 1001 2874 1381.

494 2969 535 3035 In
560 2971 690 3035 nomine
715 2965 851 3035 Domini
875 2968 992 3034 Amen.
1018 2967 1193 3036 Gloriosus
1219 2967 1311 3036 Deus
1337 2971 1372 3036 in
1388 2967 1520 3036 Sanctis

386 3077 462 3157 suis,
478 3083 511 3143 61
535 3076 697 3144 mirabilis
724 3077 758 3140 in
784 3076 978 3161 Mayestata,
1003 3079 1065 3143 etsi
1092 3083 1226 3142 cunctos
1253 3099 1328 3144 suos
1354 3078 1520 3144 ministros

385 3183 578 3268 magnificet,
588 3185 664 3250 altis
675 3184 811 3250 decorat
820 3184 1006 3267 bonoribus,
1017 3190 1050 3250 et
1066 3185 1194 3250 celestis
1211 3185 1518 3253 efficiatbeatitudi·

386 3293 435 3356 nis
466 3312 687 3375 possessorem
711 3294 786 3359 illos
802 3299 965 3376 tamen,vt
982 3293 1207 3377 dignis—digna
1226 3295 1396 3377 rependat,
1413 3297 1521 3378 pocio-

385 3397 476 3463 ribus
493 3401 617 3465 attollit
634 3400 785 3484 insignijs
812 3400 1018 3483 dignitatum,
1034 3409 1067 3466 61
1083 3401 1285 3485 premiorum
1311 3400 1449 3467 uberiori
1472 3423 1521 3466 re-

384 3506 566 3572 tribucione
582 3509 801 3591 prosequitur,
817 3529 897 3591 quos
914 3508 1081 3592 digniores
1097 3510 1130 3573 in
1148 3509 1300 3592 diligenti
1317 3513 1518 3593 promotione

266 3695 268 3698 Ι
358 3653 362 3660 -
383 3614 530 3697 ipsarum
555 3615 755 3699 religionum,
780 3637 819 3680 ac
844 3616 877 3679 in
904 3615 1046 3700 benigna
1072 3616 1183 3681 Diuini
1210 3618 1317 3683 cultus
1333 3627 1521 3702 augmenta·

384 3723 477 3787 cione
494 3724 650 3804 agnoscit.
677 3722 827 3788 Proinde
849 3721 921 3788 Nos
946 3724 1129 3790 Ludovicus
1154 3724 1220 3790 Dei
1236 3727 1350 3808 gracia
1366 3725 1435 3792 Rex
1453 3726 1521 3795 Vu-

383 3830 483 3914 garie,
508 3829 655 3915 Polonie,
678 3829 860 3915 Dalmacie,
887 3831 1033 3915 Oroaoie,
1061 3840 1122 3900 etc.
1148 3833 1243 3900 huius
1271 3835 1365 3903 Sacri
1383 3836 1518 3919 Eloquij

384 3937 530 4022 exemplo
546 3937 635 4004 docti
661 3941 786 4022 pariter
813 3946 847 4004 61
871 3938 1048 4024 informati,
1076 3941 1119 4008 ad
1144 3931 1337 4010 cunctorum
1366 3944 1521 4012 noticiam

384 4045 533 4111 uolumus
550 4044 714 4131 deuenira,
731 4048 771 4114 ob
788 4047 966 4115 remedium
986 4050 1101 4116 salutis
1116 4058 1229 4118 nostre
1247 4059 1280 4119 et
1297 4073 1520 4120 successorum

386 4161 581 4237 nostrorum,
598 4155 729 4221 solliciti
756 4156 796 4222 de
821 4156 935 4223 Divini
962 4159 1067 4225 cultus
1093 4160 1217 4229 salubri
1235 4162 1520 4247 multiplicacione,

383 4263 416 4328 in
433 4263 513 4345 ipsis
530 4262 752 4344 religionibus,
776 4273 809 4330 61
835 4287 907 4331 cum
933 4266 1084 4334 Ecclesia
1109 4265 1410 4336 sanctimonalium
1431 4269 1519 4336 Con-

382 4377 498 4436 uentus
515 4379 548 4437 et
564 4372 759 4458 Monosterij
777 4373 810 4438 in
828 4372 1036 4460 Stananthlri,
1053 4371 1190 4444 Ordinis
1208 4377 1325 4445 Sancti
1340 4377 1518 4460 Benedicti,

383 4475 540 4560 Dyocesis
567 4477 805 4564 Oraoouiensis,
830 4483 956 4564 ingenti
983 4487 1174 4552 meritorum
1210 4487 1402 4554 excellencia
1427 4486 1519 4572 apud

384 4605 443 4651 nos
461 4589 758 4675 recommendatum
781 4611 840 4656 nos
857 4612 930 4660 oum
948 4592 1061 4664 eadem
1080 4595 1223 4663 uolentes
1241 4617 1339 4685 agere
1354 4615 1519 4684 generose,
