3172 5254
367 303 429 364 136
719 321 955 366 nrrnousoznn
974 306 1143 364 anninus.

367 479 624 544 Aurbnxiatores
659 480 849 545 beorranlus
881 479 1036 544 Darnlnlo
1067 484 1099 542 et
1133 477 1308 542 Fedcricus
1341 477 1505 544 (lornario

369 585 482 652 Sancti
500 586 699 670 Apolinaris.

476 693 521 778 V)
539 696 601 760 Die
618 695 774 762 XXVII.
791 695 953 761 Octobris.
979 690 1038 758 Ca
1049 698 1141 776 pta:
1155 692 1226 778 (Ad
1243 696 1506 778 propositionem

364 801 610 870 Ambaxiatoris
636 805 737 894 Regis
766 804 937 888 Hungarie
971 800 1123 866 »Nicolai
1152 802 1209 868 filii
1235 802 1386 870 [teuchus
1412 802 1505 869 Aule

364 911 466 996 Regio
492 913 630 977 Militis«
659 913 874 978 deliberatum
892 916 950 992 est,
966 915 1003 973 ut
1020 908 1256 975 concludantur
1277 919 1410 996 treugae
1427 934 1503 979 cum

289 1067 291 1075 ,
368 1018 516 1084 Ducibus
541 1017 708 1102 Austriae,
735 1018 832 1102 quae)
862 1019 978 1083 durent
995 1040 1014 1082 a
1031 1017 1126 1082 modo
1143 1039 1242 1101 rsque
1264 1015 1421 1084 Sanctum
1442 1018 1508 1084 Ge-

370 1128 497 1209 orgium
515 1126 680 1192 demenso
698 1127 826 1211 Aprilis
847 1126 1038 1209 proximum,
1056 1131 1088 1188 et
1104 1123 1178 1190 inde
1196 1145 1295 1210 vsque
1314 1127 1358 1192 ad
1374 1149 1507 1193 anuum.

365 1235 636 1318 (Arnbaxiatores
662 1235 781 1302 Veneti
806 1256 872 1302 non
898 1233 1021 1300 vadant
1046 1232 1289 1318 Coneglanum3
1307 1233 1366 1300 sed
1382 1240 1504 1301 tractet

367 1339 585 1409 Ambaxiator
601 1344 703 1428 Regis
721 1341 923 1427 Hungarie.)

476 1447 543 1534 VI)
559 1451 622 1516 Dic
638 1451 702 1518 ΠΙ.
720 1450 923 1518 Novembris.
942 1448 1104 1533 Capta:
1122 1449 1306 1532 (Firrnntnc
1323 1459 1397 1517 sunt
1416 1459 1506 1517 treu-

368 1581 427 1642 gae
444 1581 516 1625 curn
534 1560 680 1625 Ducibus
696 1559 853 1626 Austriae
874 1561 1025 1642 superius
1042 1557 1231 1642 indicatae.)

486 1669 521 1728 (Α
534 1668 661 1718 »Secreta
684 1669 798 1718 Consilii
812 1669 1063 1732 Rogatorunndrol
1077 1668 1110 1716 D.
1124 1669 1195 1716 atett
1207 1671 1273 1716 36-
1285 1673 1322 1717 tl.
1338 1672 1388 1730 sn.)

483 1789 565 1878 VH)
582 1790 703 1860 Albert
729 1793 867 1859 austriai
893 1793 1094 1878 licrcaogncl(
1116 1816 1190 1857 cnon
1207 1795 1507 1877 l'egprcrszttnetrdl

375 1899 506 1965 kindott
528 1899 697 1986 olimanya.

479 2008 547 2074 Nos
564 2007 721 2075 Albertus
739 2009 801 2074 Dei
819 2010 930 2092 gratia
940 2009 1015 2073 Dux
1027 2007 1172 2087 Austris,
1190 2009 1309 2092 Styrie,
1326 2010 1506 2076 Karanitis

371 2123 401 2182 ct
418 2118 580 2198 Carniolc,
607 2119 721 2184 (lomes
738 2118 939 2203 Tyroliensis
957 2127 1015 2184 etc.
1043 2119 1200 2184 uniuersis
1217 2125 1249 2184 et
1266 2120 1405 2204 singulis
1433 2145 1507 2206 pre·

371 2227 516 2292 sontibus
538 2232 570 2292 et
587 2226 705 2292 suturis
721 2233 891 2310 presentes
906 2227 1033 2292 litteras
1054 2227 1249 2310 inspecturis
1267 2228 1416 2312 cupimus
1433 2231 1504 2294 foro

373 2340 502 2399 notum:
527 2333 624 2418 Quod
640 2333 871 2401 Sercnissimus
885 2336 1051 2419 Princeps,
1062 2335 1210 2400 dominns
1227 2336 1416 2404 Lndouicus
1432 2337 1507 2403 Rex

373 2441 528 2524 Vngario,
555 2442 658 2508 frater
685 2451 795 2509 noster
823 2443 1017 2522 carissimus,
1033 2464 1071 2506 cx
1088 2443 1215 2508 sincera
1230 2465 1270 2508 ac
1288 2443 1436 2509 fraterna
1462 2445 1511 2508 di·

370 2550 507 2615 loctione
524 2559 556 2616 et
574 2553 718 2618 amicitia
730 2551 908 2617 destinauit
920 2552 961 2617 ad
972 2552 1169 2635 presentiam
1180 2558 1327 2617 nostram
1340 2559 1510 2618 strenuum

372 2659 477 2730 sirum
494 2660 677 2743 Nycolauni
700 2661 800 2726 filiurn
826 2659 958 2725 l'ienkus
984 2656 1082 2724 Curio
1108 2680 1163 2723 sne
1186 2659 1326 2725 Militem
1354 2663 1387 2725 in
1415 2683 1511 2726 suum

373 2765 664 2851 Aurbassiatorem,
690 2771 745 2852 qui
773 2769 881 2851 rigore
898 2769 1083 2833 litterarum
1107 2767 1287 2851 Regiorum
1314 2767 1353 2832 de
1370 2769 1435 2834 fide
1452 2769 1511 2835 ad·

372 2874 525 2958 hibenda,
552 2877 646 2943 raldo
671 2875 848 2960 prudenter
873 2897 933 2960 pro
959 2883 1052 2958 parte
1074 2875 1154 2940 dicti
1178 2876 1299 2941 domini
1327 2875 1428 2960 Regis
1447 2899 1508 2941 nos

372 2982 524 3049 hortatus
542 2983 612 3065 fuit,
628 2993 661 3049 et
678 2983 894 3048 arnicabilitcr
905 3007 942 3048 ac
960 2985 1083 3049 sincere
1100 2986 1251 3066 rogauit3
1275 2993 1312 3050 ut
1328 2983 1423 3050 nobis
1440 2986 1511 3066 pla·

375 3098 461 3156 caret
487 3098 619 3177 treugas
645 3093 752 3156 t'acere
769 3098 800 3156 et
817 3092 947 3156 firmare
973 3113 1046 3156 cum
1072 3091 1208 3156 Illustre
1234 3101 1267 3158 et
1284 3093 1411 3174 potenti
1439 3094 1510 3157 riro

377 3199 512 3265 Andros
536 3197 723 3266 Contnreno
748 3200 851 3280 Duce,
869 3206 901 3264 et
920 3197 1091 3264 Communi
1118 3197 1396 3279 Venetia1·un1,ac
1413 3199 1512 3284 Mag·

375 3305 470 3372 nilico
497 3315 530 3373 et
545 3308 670 3391 potenti
687 3308 817 3373 domino
839 3307 1016 3373 Francisco
1033 3307 1072 3371 de
1091 3306 1256 3388 Ceruaria,
1275 3305 1429 3380 Civitatis
1447 3309 1512 3373 Pn-

375 3418 436 3482 due
452 3422 483 3480 ct
501 3415 679 3480 Districtns
706 3414 848 3500 Vycaric
865 3413 1031 3480 Generali.
1050 3413 1159 3498 Quare
1177 3437 1234 3480 nos
1252 3413 1410 3481 Albertus
1430 3417 1512 3482 Dux

376 3526 531 3610 prolatus,
556 3524 597 3588 ob
624 3523 932 3607 contemplacionem
959 3530 991 3587 et
1028 3524 1183 3588 intuitum
1214 3523 1354 3607 predicti
1386 3525 1513 3591 domini

376 3633 485 3715 Regis,
511 3653 566 3715 per
594 3655 660 3712 nos,
678 3639 709 3696 et
726 3653 925 3698 successores
945 3638 1082 3714 nostros,
1099 3653 1137 3698 ac
1153 3633 1279 3697 nomine
1297 3641 1329 3698 ct
1348 3634 1415 3698 vice
1434 3636 1513 3700 sub-

376 3740 529 3821 ditorum,
560 3740 712 3823 fidelium,
731 3743 968 3826 colligatorum,
1000 3741 1229 3807 adherenoinm
1261 3749 1292 3808 et
1320 3744 1513 3824 sequacium

377 3853 570 3930 nostrornm,
597 3847 714 3930 virique
739 3851 959 3931 existenciurn,
984 3849 1133 3915 omnibus
1159 3849 1272 3930 modis,
1296 3851 1379 3934 jure.
1396 3849 1515 3937 forma,

378 3964 409 4022 et
427 3979 535 4040 causa,
553 3959 670 4042 quibus
686 3960 800 4025 melius
818 3980 998 4043 possumus,
1019 3967 1131 4025 tenore
1149 3961 1356 4044 presencium
1368 3961 1513 4028 facimus

378 4072 409 4131 et
436 4066 599 4130 firmamus
625 4074 756 4150 treugas
782 4067 822 4131 de
848 4067 998 4133 omnibus
1023 4069 1162 4152 gwerris,
1188 4068 1311 4148 litibus,
1329 4067 1513 4150 discordiis,

378 4180 410 4238 et
427 4175 658 4258 controuersijs
684 4175 908 4259 principaliter
935 4175 1134 4243 vertentibus
1152 4177 1238 4241 inter
1255 4195 1314 4241 nos
1329 4182 1364 4242 et
1380 4183 1515 4243 nostros

378 4280 533 4365 subditos,
565 4281 684 4366 fideles
716 4284 897 4367 colligatos,
919 4284 1122 4366 adherentes,
1148 4291 1180 4350 et
1206 4306 1361 4370 sequaces
1391 4285 1515 4371 vbiqne

377 4390 551 4455 existentes
568 4412 607 4455 ex
624 4413 684 4456 vna
696 4399 806 4475 parte
834 4393 1043 4476 acprefatum
1055 4394 1219 4460 Illustrem
1235 4393 1409 4460 Andrcarn
1426 4393 1512 4461 Gon·

379 4509 528 4564 turennnr
545 4498 669 4564 Duceni
694 4508 725 4565 ct
753 4499 929 4566 Commune
955 4500 1178 4583 l'enctinnnn,
1204 4503 1360 4582 subditos,
1387 4501 1514 4583 fidelos,
