3182 5252
527 381 529 386 ’
639 375 733 441 1385.
1181 368 1250 441 ¹583

116 556 197 621 teris
213 555 420 622 credulitatis
436 555 484 619 ire
501 554 620 619 debeas
637 555 680 620 ad
696 555 910 639 Magnificum
936 556 1101 622 domiuum
1129 556 1253 622 Voivo-

115 665 193 730 dam
209 663 400 748 predictum.
418 661 480 727 Cui
498 664 586 727 facta
603 663 802 729 salutatione
814 687 886 729 cum
898 665 1006 731 verbis
1024 665 1144 730 amoris
1162 673 1194 728 et
1208 663 1255 729 di-

114 772 274 856 lectionis,
290 774 374 838 sicut
390 771 539 846 convenit
554 793 614 855 pro
641 771 763 838 honore
790 773 891 860 nostri
908 772 1066 854 Dominii,
1091 793 1255 862 exponere

116 879 247 962 debesa,
264 881 350 964 quod
369 879 409 945 de
426 901 503 944 casu
519 879 666 964 predicto
684 901 819 946 occurso
836 881 868 946 in
891 902 1063 964 personam
1081 881 1183 946 nostri
1201 901 1257 943 no·

115 989 197 1054 bilis
212 995 246 1053 et
275 988 352 1054 civis
378 987 516 1072 predicti
543 988 725 1071 recepimus
750 989 925 1054 maximam
954 987 1194 1072 displicentiam
1221 995 1254 1052 et

118 1097 342 1164 turbationem
359 1097 392 1161 in
408 1095 571 1161 mentibus
587 1097 717 1177 nostris,
733 1098 949 1177 considerato,
971 1096 1057 1180 qnod
1087 1098 1193 1180 ipsum
1210 1097 1252 1162 ci·

107 1226 191 1268 uem
207 1207 355 1270 nostrum
372 1203 584 1269 mittebamus
600 1204 704 1268 solum
724 1225 783 1286 pro
809 1203 906 1271 laetis
933 1205 1037 1269 nostri
1053 1203 1253 1292 Communis,

115 1319 151 1377 et
167 1333 232 1377 non
249 1311 291 1377 ad
310 1311 485 1394 dampnum
505 1311 557 1376 vel
573 1310 741 1376 sinistrum
758 1310 896 1395 alicujus
914 1311 1047 1377 Domini
1067 1314 1116 1378 vel
1141 1331 1254 1396 perso-

116 1425 180 1499 ne,
196 1417 304 1485 dando
320 1417 363 1484 ad
378 1417 628 1501 intelligendum
645 1418 709 1500 ipsi
725 1417 884 1500 Voivode,
901 1419 988 1503 quod
1008 1419 1189 1485 firmissime
1206 1425 1255 1485 te·

116 1527 284 1606 nebamus,
299 1527 405 1610 ipsum
421 1527 523 1592 civem
541 1532 698 1608 nostrum,
715 1533 748 1592 et
767 1527 929 1610 quoslibet
954 1526 1036 1593 alios
1062 1531 1191 1592 nostros
1207 1528 1253 1592 ci·

117 1657 174 1700 ves
191 1657 261 1700 esse
278 1637 324 1700 ita
340 1654 472 1700 securos
499 1656 519 1698 a
544 1631 690 1716 predicto
718 1631 868 1700 Voivoda
894 1642 926 1700 et
950 1636 1103 1717 gentibus
1126 1635 1193 1700 suis
1220 1636 1254 1700 in

117 1745 208 1810 omni
223 1751 327 1827 parte,
339 1743 425 1808 sicut
435 1747 544 1809 essent
553 1742 587 1805 in
597 1747 711 1807 nostra
721 1744 855 1826 propria
865 1741 1008 1809 Ciuitate
1020 1743 1254 1824 Venetiarum;

119 1861 155 1918 et
172 1851 234 1918 hoc
252 1851 460 1918 considerato
477 1871 588 1916 amore
604 1855 637 1914 et
653 1850 870 1916 sincerissima
896 1851 1077 1932 dilectione,
1095 1873 1157 1934 qne
1174 1873 1255 1916 sem-

117 1983 180 2045 per
197 1961 308 2046 viguit,
325 1965 447 2026 etcum
462 1958 527 2024 Dei
543 1959 653 2041 gratia
669 1953 789 2041 vigebit
804 1959 890 2024 inter
901 1958 1002 2026 Suam
1013 1959 1251 2043 Magnificenti-

117 2091 185 2151 am,
200 2075 233 2134 et
249 2089 308 2133 nos
324 2073 358 2133 et
374 2064 556 2132 Commune
572 2072 739 2146 nostrum;
763 2073 796 2131 et
811 2075 1148 2151 propterearogamus
1159 2065 1256 2150 Mag·

120 2177 320 2242 nilicentiam
354 2173 472 2253 Suam,
509 2181 669 2257 quatenus
704 2177 808 2239 nostri
835 2176 956 2241 amoris
982 2175 1101 2240 iutuitu
1126 2175 1256 2258 placeat

120 2287 229 2368 ipsum
246 2303 298 2348 ser
313 2283 338 2350 J
341 2282 477 2348 acobum
495 2279 634 2364 Quirino
651 2302 723 2346 cum
740 2280 870 2346 famulis
898 2289 931 2348 et
945 2283 1042 2348 rebus
1059 2282 1125 2348 suis
1150 2281 1254 2348 libere

123 2392 275 2458 relaxare
292 2396 326 2456 et
342 2391 513 2456 restituere
530 2410 586 2453 sue
603 2388 739 2472 pristine
759 2387 918 2471 libertati,
935 2388 1019 2454 sicut
1044 2389 1085 2454 de
1101 2410 1161 2454 sua
1186 2389 1254 2454 No-

118 2499 253 2565 bilitate
269 2504 302 2564 et
319 2497 550 2581 Magnitudine
568 2496 662 2580 plene
679 2515 854 2579 speramus.
871 2495 969 2581 Quod
979 2498 1054 2562 licet
1071 2498 1114 2561 sit
1129 2500 1250 2562 iustum

119 2616 156 2674 et
171 2607 372 2686 conveniens,
398 2614 507 2671 tamen
533 2604 756 2688 reputabimus
782 2604 875 2671 nobis
892 2612 925 2671 et
945 2603 1117 2673 Communi
1142 2611 1255 2670 nostro

119 2717 166 2784 ad
182 2714 352 2780 servicium
368 2719 401 2778 et
427 2712 695 2796 complacentiam
722 2713 913 2796 specialem,
940 2714 1071 2797 quaudo
1097 2733 1255 2778 veronen

118 2823 289 2891 relaxaret
304 2823 411 2905 ipsum
428 2841 480 2885 ser
495 2819 520 2886 J
522 2819 658 2885 acobum
676 2817 823 2903 Quirino,
841 2820 1025 2904 displiceret
1042 2829 1075 2887 et
1102 2827 1256 2902 gravaret

119 2954 191 3012 nos,
208 2933 291 2996 siem
307 2931 422 2996 merito
440 2934 550 3012 potest
567 2933 600 2991 et
616 2926 730 3007 debst3
756 2928 876 2994 utendo
892 2927 954 2994 hiis
970 2935 1003 2994 et
1019 2929 1092 2994 aliis
1119 2929 1255 2993 rationi-

118 3041 184 3106 bus
202 3045 234 3104 et
250 3037 366 3118 verbis,
383 3059 446 3120 quc
463 3035 524 3101 tibi
539 3035 744 3117 videbuntur,
759 3058 820 3121 pro
836 3035 1012 3102 obtinendo
1024 3036 1253 3103 liberationem

118 3148 230 3214 nostri
244 3147 322 3212 civis
340 3144 487 3231 predicti.
504 3146 618 3210 Factis
635 3166 710 3211 vero
726 3145 875 3210 omuibus
893 3145 1101 3230 experientiis
1117 3144 1255 3228 possibi-

118 3255 219 3338 libus,
235 3257 262 3320 si
278 3277 343 3322 non
359 3274 471 3339 posses
488 3253 636 3320 obtinere
653 3273 673 3318 s
692 3253 780 3319 dicto
798 3252 950 3320 Voivoda
975 3254 1203 3320 liberationem
1222 3257 1255 3318 et

118 3363 361 3430 relaxationem
371 3375 423 3428 ser
437 3364 463 3428 J
464 3361 557 3428 scobi
575 3359 712 3445 Quirino
729 3362 877 3446 predicti,
893 3368 971 3426 tunc
987 3382 1060 3425 cum
1077 3362 1200 3426 nostris
1216 3359 1255 3426 li-

118 3471 204 3538 teris
220 3470 421 3538 credulitatis
437 3471 484 3534 ire
501 3468 621 3538 debeas
637 3471 679 3536 ad
697 3471 897 3554 presenciam
910 3469 1080 3552 Regiualis
1097 3467 1273 3534 Maiestas..

120 3582 169 3646 tis
183 3579 375 3664 Huugeri03
391 3579 442 3645 cui
458 3581 545 3645 laeta
561 3579 742 3644 reverentia
758 3585 790 3643 et
806 3578 1004 3644 salutatione
1032 3579 1116 3642 sieut
1141 3598 1254 3642 conse-

120 3688 183 3768 nit,
197 3709 358 3772 exponere
374 3697 407 3754 et
423 3709 600 3772 procurare
617 3687 746 3768 debeas,
756 3695 909 3771 utsupra,
919 3686 1104 3753 libertatem
1123 3690 1157 3749 et
1171 3685 1255 3752 rela·

119 3797 290 3862 :racionem
309 3799 411 3863 nostri
428 3797 505 3862 civis
524 3797 671 3880 predicti,
686 3818 758 3862 cum
775 3794 925 3862 omnibus
942 3795 1007 3860 illis
1022 3793 1205 3859 rationibus
1221 3801 1254 3859 et

120 3904 243 3988 verbis,
263 3927 325 3989 que
356 3905 416 3971 tibi
443 3905 537 3971 utilia
561 3904 765 3986 videbuntur,
790 3906 838 3969 ita
863 3901 948 3988 quod
976 3903 1171 3968 restituatur
1196 3921 1254 3966 sue

124 4013 232 4098 prime
262 4014 415 4098 libertati,
439 4013 524 4078 sicut
550 4013 590 4078 de
616 4012 775 4077 fidelitate
800 4017 859 4077 tua
883 4010 978 4096 plene
995 4007 1195 4074 confidemus
1220 4014 1254 4074 et

109 4141 304 4206 speramus.

200 4265 237 4322 (A
248 4266 387 4321 velenezei
400 4267 635 4332 tronur'mytantcs
652 4267 751 4316 »Liber
765 4263 1032 4316 secretorum-ancl
1047 4267 1088 4313 95.
1102 4277 1139 4310 sz.
1153 4266 1189 4324 a.)

610 4445 771 4460 ...-..-..
