3226 5258
491 689 497 700 '
618 689 669 754 12.

6 803 8 914 ἶ
89 845 132 909 XI.
145 847 283 934 Gerqely
297 853 390 936 popa
416 849 443 912 Ι.
460 850 560 934 Lajos
584 871 728 938 mappae
743 852 776 916 te
792 851 914 938 lequel
931 850 1058 939 kiralyt
1065 850 1207 938 folkeri,

6 951 8 976 ¹
87 953 148 1038 topp
163 979 185 1018 a
193 954 352 1040 florenczi
374 957 655 1044 ktatdrsasaetpaak
679 957 829 1044 tevtkeay
852 959 1016 1045 sopitaeqtt
1032 959 1204 1044 eazktiatlje

6 1082 10 1106 f
308 1063 433 1130 Mittor
448 1064 538 1130 Επεὶ
554 1064 675 1152 ‹irprof
684 1067 847 1131 eadmero.
873 1063 968 1131 1371.

6 1287 9 1322 ,ν
174 1214 359 1306 Gregorius
368 1223 552 1308 Episcopus
568 1228 628 1289 etc.
644 1223 813 1290 carissimo
830 1225 865 1289 in
881 1223 997 1292 chisto
1009 1223 1077 1292 filio
1094 1223 1204 1292 Ludo·

87 1327 140 1394 rico
153 1329 240 1415 Regi
255 1329 403 1415 Vngarie
419 1330 550 1413 illustri,
576 1331 715 1398 salutem
741 1338 801 1398 etc.
828 1329 913 1399 Oum
938 1333 1051 1401 dilecti
1066 1333 1126 1399 filii
1142 1383 1150 1400 .
1171 1383 1178 1399 .
1195 1383 1202 1398 .

6 1435 9 1516 ξ
86 1433 250 1504 Florentini
266 1460 340 1505 cnm
355 1437 507 1506 Romana
521 1439 673 1506 Ecclesia
687 1444 721 1504 et
736 1438 855 1506 dilecto
867 1439 933 1506 filio
944 1439 1047 1507 nobili
1058 1441 1129 1506 viro
1140 1441 1200 1507 Ni·

6 1595 9 1642 ss·
86 1544 161 1611 cao
186 1545 378 1614 Marchione
394 1546 540 1629 Estensi,
566 1548 599 1612 in
625 1543 770 1614 Ciuitate
787 1554 901 1615 nostra
917 1548 1122 1616 Ferrariensi
1138 1569 1199 1635 pro

86 1651 160 1718 uobis
175 1661 211 1720 et
225 1651 375 1721 Ecclesia
390 1652 684 1738 predictaVicario
695 1654 852 1740 colligati,
868 1656 1018 1724 eumdem
1033 1655 1198 1724 Marohio·

86 1779 143 1824 nem
166 1768 283 1828 conus
302 1762 416 1830 hostes
441 1783 517 1829 suos
543 1768 575 1828 et
599 1760 786 1830 eorumdem
813 1763 1043 1849 colligatorum
1073 1767 1198 1849 impug-

6 1873 8 1964 ἐ
87 1873 185 1933 nantes
211 1868 389 1936 Civitatem
413 1870 645 1952 Mutinensem,
660 1872 695 1938 in
711 1892 777 1955 qua
803 1872 890 1939 idem
914 1870 1066 1940 Marchio
1082 1871 1198 1938 existit

86 1970 253 2059 Imperialis
278 1975 442 2060 Vicarius,
458 1998 526 2044 non
542 1979 708 2062 adiuvent,
723 1986 761 2045 ut
775 1985 938 2061 tenentur,
952 1999 992 2046 ac
1006 1977 1094 2046 idem
1109 1975 1199 2046 Mar·

6 2069 9 2156 l,
83 2081 142 2150 chio
164 2106 237 2152 cum
261 2088 412 2172 gentibus
437 2086 581 2154 eiusdem
596 2087 745 2155 Ecclesia
770 2093 869 2174 atque
885 2088 951 2155 suis
968 2092 1111 2173 nequeat
1127 2085 1197 2152 din·

84 2189 140 2255 cius
162 2191 312 2260 resistes
335 2194 486 2279 potencie
510 2194 654 2262 hostium
678 2193 919 2280 predictorum,
944 2199 1081 2279 propter
1105 2189 1194 2279 quod

6 2307 8 2388 ᾗ
83 2299 220 2378 predictis
245 2301 395 2369 Ecclesie
420 2309 454 2369 et
479 2303 645 2387 colligatis
671 2303 846 2370 maximum
871 2309 981 2388 posset
1012 2301 1191 2386 periculum

82 2403 249 2476 imminere:
264 2407 487 2477 serenitatem
513 2411 627 2494 Tuam,
642 2411 734 2478 cuius
751 2411 882 2480 eosdem
897 2409 1108 2477 Florentinos
1124 2429 1193 2476 cre·
1212 2431 1215 2440 ·

82 2509 172 2580 dinus
196 2537 265 2585 esse
289 2516 433 2601 devotos,
452 2515 627 2586 affectuose
651 2538 814 2602 rogamus,
831 2523 994 2603 quatenns
1009 2516 1099 2602 ipsos
1115 2515 1191 2584 Elo-

6 2597 10 2688 ἶ
81 2624 209 2691 sentines
223 2625 266 2692 ad
282 2624 459 2694 iuvandum
474 2625 699 2694 Marchionem
718 2625 884 2711 prefatum
900 2625 1032 2693 auxiliis
1049 2631 1083 2692 et
1098 2623 1189 2696 favo,-

6 2735 9 2796 t
82 2727 161 2796 ribus
184 2735 351 2816 oportunis
378 2734 491 2819 Regiis
509 2734 749 2802 inductionibus
766 2733 957 2801 exhorteris.
972 2731 1061 2800 Nam
1076 2737 1189 2799 nostre

6 2875 11 2950 't
78 2843 109 2920 et
130 2845 305 2908 nostrorum
330 2861 444 2926 preces
470 2841 558 2909 circs
581 2841 644 2911 hoc
668 2842 834 2927 hucusque
860 2842 992 2908 minime
1008 2841 1191 2907 valuerunt

6 2797 12 2848 t

602 3511 653 3574 le.

79 3665 252 3736 Aoeleaczei
262 3668 542 3757 ktztdreosdpoak
566 3668 684 3734 kioetei
701 3665 728 3732 I.
749 3669 844 3754 Lojos
858 3687 1000 3753 mapyar
1016 3669 1048 3731 ts
1064 3666 1189 3755 leapyel

477 3779 653 3867 kirdlyhoz.
679 3779 742 3844 137
745 3779 775 3841 2.

172 3944 262 4007 1372.
285 3941 410 4025 janutr
436 3943 465 4004 9.
485 3935 596 4023 (Missi
622 3959 675 4004 ser
699 3935 871 4003 Johannes
886 3934 927 4004 de
943 3935 1071 4007 Vidoro
1087 3940 1120 3999 et
1135 3953 1188 3998 ser

79 4037 207 4112 Jacobus
247 4047 367 4113 Barezi
407 4045 662 4114 Ambaxiatores
694 4045 905 4129 inpartibus
941 4041 1114 4112 Sclauonie
1145 4041 1188 4107 ad

79 4143 185 4234 Regem
222 4154 394 4239 Hungarie
424 4176 486 4239 pro
525 4153 770 4240 recuperatione
801 4153 1036 4221 mercationum
1074 4149 1188 4235 galeae

77 4249 257 4350 Dandulae).
371 4293 375 4300 ·

6 4305 14 4398 i
168 4366 292 4437 Januar
309 4373 362 4438 26.
377 4369 485 4456 (Loco
500 4367 775 4438 Ambaxiatorum
790 4369 824 4436 in
840 4368 991 4455 partibus
1002 4363 1185 4448 Sciauonie

14 4547 24 4558 ,
78 4470 123 4548 ‘lui
137 4477 292 4545 redierunt
310 4477 470 4549 Venetiae
487 4485 662 4565 antequam
682 4480 864 4564 reciperent
879 4478 1072 4544 mandatum
1088 4474 1186 4542 eundi

78 4575 115 4640 ad
135 4577 250 4667 Regem
265 4587 470 4672 Hungariae,
485 4589 604 4655 missus
623 4586 741 4654 nobilis
758 4589 806 4653 vir
822 4586 980 4654 Nicotaus
997 4583 1183 4653 Valeresso.

117 4715 176 4755 ¹¹⁰¹·
189 4722 264 4762 nuru.
279 4726 348 4762 nien.
364 4726 435 4764 nina.
451 4734 494 4747 -
510 4727 580 4764 scra
594 4728 654 4765 exn.
670 4727 709 4764 m.
1057 4699 1077 4762 2

6 4021 9 4078 t
