3172 5254
573 415 666 479 1379.

580 723 653 784 141.

65 882 228 949 Contu-riui
243 883 358 947 Zukcia·
374 883 406 946 c's
423 883 462 947 de
481 883 607 946 Priolt's
632 883 746 948 Jakao
762 909 782 948 a
798 885 952 950 velenczei
967 885 1184 970 kdztrirsnsciq

143 991 260 1057 kdueiei
280 992 303 1053 l.
322 993 424 1076 Lajor
441 1014 581 1078 mayyar
597 993 629 1056 c's
645 989 767 1078 lenyyel
784 991 964 1079 kiraiiynu'l.
993 996 1007 1055 Ι
1013 997 1055 1058 37
1058 997 1087 1057 9.

63 1151 96 1234 i)
124 1149 181 1216 ΑΖ
214 1151 620 1234 Olaszorszagban
660 1151 875 1218 harezolo
908 1174 1088 1237 magyur
1122 1153 1186 1220 ha-

65 1259 139 1324 dsk
166 1257 658 1343 fdparancsnokainak
682 1281 703 1326 a
726 1260 957 1326 velenczei
989 1261 1187 1326 koveiek.

158 1385 307 1451 Dominis
333 1384 514 1452 Benedicio
542 1383 726 1469 Capitaneo
752 1385 957 1452 serenissimi
982 1387 1114 1452 Domini
1131 1387 1186 1452 do·

61 1495 129 1558 mini
144 1494 243 1578 Regis
260 1493 434 1576 Hungarie
451 1495 649 1577 inpartibus
665 1494 772 1575 italie,
789 1500 822 1559 et
842 1493 866 1559 J
869 1494 970 1560 acobo
986 1495 1107 1578 Ispano
1125 1493 1185 1560 Co·

63 1603 199 1669 mitieic.

156 1711 325 1794 Magnifici
351 1717 384 1776 et
401 1711 624 1776 Potentissimi
642 1710 783 1774 Domini.
802 1711 1033 1794 Significamus
1055 1712 1184 1796 diagui-

1 1851 2 1889 a
61 1821 188 1886 ficenciis
199 1819 339 1901 Vestris,
350 1820 436 1903 quod
453 1821 547 1884 hodie
564 1818 680 1886 XXV.
697 1821 821 1885 mensis
840 1823 1000 1903 presentis
1017 1823 1050 1887 iu
1067 1843 1181 1886 occasu

61 1928 130 1992 solis
162 1931 305 1994 venimus
332 1929 516 1993 Tarvisium
542 1949 613 1991 cum
640 1927 821 1993 intentione
846 1929 1064 2012 prosequendi
1096 1931 1181 1994 viam

1 2035 3 2148 i
61 2043 190 2100 nostram
217 2036 392 2134 secundum
420 2036 566 2100 ordinem
592 2044 625 2101 et
650 2037 823 2100 torminum
840 2035 905 2100 diei
923 2037 1071 2102 denotati
1089 2039 1181 2104 nobie

1 2151 3 2200 ὲ
60 2164 112 2224 per
128 2135 372 2228 Magnitudines
388 2143 534 2210 Vestras.
552 2141 676 2210 Verum
694 2144 770 2228 quia
787 2144 878 2208 nobis
895 2144 1008 2227 aliqua
1026 2145 1182 2210 deficiunt

61 2250 108 2316 ubi
126 2249 522 2336 MagnificencijeVesuis
534 2251 677 2335 placeret
689 2251 821 2316 differre
832 2273 935 2335 usque
946 2252 988 2317 ad
999 2253 1083 2317 diem
1100 2251 1181 2318 Sab-

1 2345 2 2377 ³
60 2358 130 2440 buti,
145 2359 204 2425 hoc
221 2367 308 2425 esset
324 2359 417 2424 nobis
434 2359 528 2425 valde
544 2364 684 2441 gratum.
716 2359 756 2424 In
775 2381 852 2424 casu
869 2381 954 2440 vere,
965 2382 1029 2443 quo
1040 2359 1102 2426 hoc
1113 2383 1181 2425 esse

64 2489 121 2532 non
133 2477 250 2551 posset,
261 2489 373 2533 sumus
385 2469 535 2552 dispositi
554 2467 596 2532 ad
613 2468 683 2533 Vos
693 2470 727 2533 in
743 2470 882 2535 termino
894 2469 1047 2534 ordinato
1064 2471 1182 2535 venire.

1 2609 3 2688 l
61 2573 159 2657 Quare
183 2577 314 2660 placeat
342 2577 513 2661 proridme
538 2576 633 2642 nobis
650 2577 689 2642 dc
706 2583 814 2642 scorta
830 2575 1012 2659 sufficienti,
1030 2584 1065 2641 ui
1082 2579 1181 2661 possi-

61 2707 120 2748 mus
144 2708 253 2751 secure
280 2685 322 2750 ad
348 2685 616 2769 Magnificencias
642 2683 781 2751 Vestras
807 2687 971 2768 accedere,
1003 2687 1179 2751 secundum

61 2795 136 2873 quod
152 2793 255 2862 Vobis
267 2793 439 2859 videbitur.
457 2793 547 2858 Daia
563 2793 703 2876 Tarvisij
722 2791 838 2860 XXV.
851 2793 931 2878 Maij
944 2793 976 2856 in
988 2795 1176 2877 crepusculo

61 2990 351 3072 iiContarini
385 2991 533 3056 Eudre
567 2990 798 3056 velenczei
830 2989 1035 3073 degensk
1070 2990 1178 3056 ake-

546 3097 687 3164 vetek.

261 3207 427 3272 Dominio.

156 3313 367 3380 Serenissimc
392 3322 425 3379 et
451 3313 732 3380 Excellentissimc
768 3313 908 3378 Domino
934 3319 1054 3376 noster.
1086 3309 1177 3376 Ante

60 3431 192 3488 nostrum
207 3445 372 3490 recessum
389 3425 428 3490 dc
445 3423 596 3508 Venetijs
622 3425 757 3488 emimus
775 3445 794 3487 a
811 3423 910 3488 nobili
927 3424 996 3487 viro
1013 3445 1065 3486 sor
1076 3423 1177 3488 Petro

61 3527 156 3614 Aymo
189 3533 359 3600 Potestate
390 3539 498 3598 restro
526 3532 644 3616 Clugie
669 3533 750 3596 duos
776 3553 885 3613 equos,
911 3553 1010 3596 unum
1034 3531 1176 3596 liardum

60 3645 197 3724 rotatum,
213 3647 247 3706 et
262 3641 402 3706 alterum
428 3641 538 3724 bajum
554 3641 693 3706 brunum
710 3640 818 3722 precio
844 3637 972 3703 ducatis
991 3637 1176 3706 CXXXV.

60 3745 92 3810 In
114 3754 257 3814 tractatu
282 3752 375 3833 cujus
399 3749 533 3814 mercati
557 3750 626 3832 ipse
652 3771 704 3813 ser
729 3747 850 3813 Petrus
875 3747 967 3812 nobis
1003 3749 1176 3813 maximam

59 3859 239 3922 mentionem
266 3857 343 3922 fecit
359 3857 398 3921 de
415 3857 501 3922 dicio
518 3877 601 3939 equo
619 3855 734 3938 liardo,
760 3855 878 3935 dicens,
895 3855 980 3937 quod
998 3862 1032 3919 ut
1048 3878 1107 3939 per
1124 3879 1176 3920 cx-

59 3967 236 4044 perientiam
254 3967 390 4048 viderat,
415 3967 487 4048 ipse
507 3986 610 4048 equus
627 3969 699 4028 erat
716 3963 857 4046 optimus
873 3970 906 4028 et
921 3965 1004 4029 bene
1022 3986 1128 4046 sanus,
1145 3973 1176 4031 et

59 4075 218 4154 quodcum
234 4075 315 4140 dare
332 4074 484 4138 noluerat
499 4095 559 4156 pro
577 4072 703 4137 ducatis
723 4071 914 4137 DXXXX.
932 4071 1027 4154 Quod
1043 4074 1175 4138 audien-

56 4185 98 4244 tes
120 4190 150 4247 et
173 4182 372 4250 confidentes
399 4182 537 4246 maxime
554 4180 659 4245 verbis
676 4181 751 4260 sum,
768 4181 966 4246 firmavimus
988 4189 1168 4246 mercatum

4 4281 7 4366 i
59 4288 195 4357 dediciis
211 4293 336 4359 duobus
347 4292 438 4375 equis
450 4292 482 4355 in
494 4291 602 4374 precio
613 4291 836 4373 suprascripto
848 4290 976 4356 ducatis
988 4287 1174 4370 CXXXV,

5 4367 7 4488 i
59 4403 259 4483 computando
286 4423 414 4484 semper
438 4401 546 4484 ipsum
572 4421 690 4481 equum
709 4398 851 4464 liardum
869 4399 996 4463 ducatis
1022 4397 1172 4462 LXXX.

60 4501 116 4570 Sed
130 4507 180 4572 hic
195 4510 385 4588 invenimus,
402 4507 489 4591 quod
515 4508 756 4591 suprascriptus
772 4529 872 4590 equus
889 4507 1013 4571 lisrdus
1032 4505 1173 4570 habebut

60 4613 111 4678 sub
125 4615 225 4684 cauda
240 4618 423 4702 passionem
440 4619 566 4698 vermis,
598 4637 661 4700 que
677 4637 743 4682 non
759 4620 893 4683 estsine
909 4615 1172 4684 manifestissimo
