3134 5254
511 505 607 569 1379.
1052 513 1114 576 327

6 687 118 774 ,mune
147 683 399 762 consentiebant,
433 682 574 746 forsitan
610 683 854 766 appellabunt?
894 687 950 754 An
993 711 1116 772 negare

6 800 181 878 ,presumeut
198 791 453 859 sacratissimum
471 787 665 856 Guelsorum
684 812 811 870 nomen,
828 797 917 878 quod
937 796 999 881 ipsi
1015 797 1119 864 modis

6 903 137 968 omnibus
160 902 351 984 extinguere
378 904 455 964 sunt
479 897 596 979 consti,
623 895 799 975 Civitatem
833 925 955 987 regere,
981 912 1014 972 et
1039 930 1116 991 quo-

6 1008 72 1088 rude
85 1007 300 1093 multiplicatis
322 1005 447 1070 viribus
462 1002 642 1070 reflorere?
665 1003 731 1072 Sed
747 1009 892 1092 ipsorum
908 1011 1114 1097 iniquitatem

6 1093 121 1186 {alamus
150 1116 292 1182 scribere
324 1113 538 1179 dimittamus.
565 1109 829 1181 Coniuraverunt
853 1117 966 1202 itaque
1001 1128 1114 1188 contra

6 1229 111 1310 piatum
124 1224 216 1290 huius
232 1221 334 1288 vestri
361 1220 469 1286 devoti
494 1221 607 1303 populi
629 1243 702 1286 cum
718 1226 846 1306 magnis
862 1225 995 1308 civibus,
1011 1231 1117 1294 nostri

6 1330 84 1418 tumul
98 1332 199 1396 exules
216 1336 251 1396 et
266 1326 423 1408 rebelles;
439 1333 472 1391 et
488 1326 547 1390 sub
563 1327 680 1393 vexillo
697 1329 812 1412 Regio,
830 1337 863 1396 et
874 1333 961 1416 quod
972 1336 1114 1403 scriben-

6 1441 47 1524 dos
58 1439 222 1519 horremus,
240 1459 313 1504 cum
325 1434 486 1519 gentibue,
498 1456 578 1519 quas
598 1433 657 1500 sub
673 1435 794 1503 Vestro
811 1441 941 1508 nomine
958 1442 1116 1528 Majesta-

6 1543 52 1626 itis,
64 1547 249 1614 clarissimus
276 1544 435 1626 Princeps
461 1546 494 1607 et
519 1541 694 1626 singularis
719 1544 908 1612 benefactor
925 1555 1044 1631 noster,
1063 1551 1117 1616 do-

6 1633 95 1758 ¹pitirum
109 1655 251 1720 Karolus
268 1651 465 1730 antedictus,
482 1651 525 1715 ad
541 1648 666 1716 Summi
693 1651 862 1719 Pontifiois
878 1657 1002 1722 auxilia
1019 1657 1115 1724 desti·

6 1759 96 1852 babet,
110 1767 174 1825 tam
195 1758 417 1826 abominabile
441 1756 603 1840 flagitium
628 1757 783 1842 perficere
800 1760 1025 1845 disponebant.
1050 1765 1116 1832 Sed

6 1857 233 1982 ffieuuamabilis
251 1869 395 1934 Deitatis
405 1865 535 1932 infinita
543 1865 740 1951 benignitas,
756 1890 819 1951 que
836 1878 1006 1952 sperantes
1021 1875 1055 1939 in
1072 1897 1116 1973 se,

45 1975 72 2042 in
84 1979 131 2044 ria
150 1977 283 2062 justicie
299 1997 339 2042 ao
355 1973 558 2041 rectitudinis
582 1974 777 2057 incedentes,
795 1976 914 2044 nedum
931 2002 998 2046 non
1013 1982 1111 2048 relin-

30 2083 73 2164 uit,
87 2085 136 2150 sed
152 2086 267 2169 dirigit
284 2090 318 2149 et
334 2088 454 2166 tuetur,
479 2088 548 2148 tam
566 2083 733 2148 sceleratis
749 2085 921 2152 conatibus
938 2109 973 2153 se
988 2088 1115 2174 obiecit,

26 2192 192 2276 tdissipatis
207 2192 354 2258 consiliis
370 2191 556 2275 impiorum,
581 2191 792 2275 revelatoque
808 2198 962 2274 tractate,
980 2198 1116 2264 nonnul·

23 2296 28 2310 '
52 2320 83 2362 ex
96 2300 314 2384 proditoribus
331 2299 448 2382 captiS,
473 2302 507 2363 et
531 2299 662 2363 demum
678 2299 803 2381 ultimo,
820 2302 904 2367 sicut
920 2305 1029 2369 meriti
1045 2305 1111 2370 fue·

57 2415 75 2489 t,
84 2409 233 2492 supplicio
244 2407 378 2491 affectis,
389 2407 475 2472 hunc
485 2405 803 2492 devotumjpopulum
820 2410 973 2492 periculo,
990 2418 1024 2478 et
1040 2435 1113 2497 pre-

16 2577 19 2579 .
38 2520 92 2577 tun
104 2515 364 2582 Illustrissimum
381 2515 569 2599 Principem
585 2515 739 2599 contagio
756 2516 843 2581 tanti
859 2516 1015 2586 facinoris
1030 2520 1111 2588 libe·

41 2623 83 2686 rit.
104 2625 278 2707 Vellemus,
296 2622 509 2689 Serenissime
525 2623 692 2707 Princeps
717 2625 861 2707 gentium
888 2627 1110 2710 predictarum

50 2750 120 2814 pam,
134 2740 166 2798 et
181 2733 301 2798 nedum
327 2731 557 2797 conscientiam
577 2732 664 2796 tanti
681 2730 822 2814 sceleris,
839 2733 895 2798 sed
912 2755 1111 2820 consensum,

43 2840 241 2908 ttolorabilis
268 2840 485 2906 excusationis
504 2838 661 2905 velamine
693 2861 791 2924 posse
823 2841 1017 2928 deffendere,
1049 2849 1114 2926 aut,

28 2951 136 3012 uantum
152 2957 266 3014 contra
282 2970 340 3013 nos
357 2948 467 3013 iacere
482 2945 695 3029 decreverint,
711 2947 873 3029 ignorare.
891 2947 958 3015 Sed
973 2951 1051 3017 lieet
1069 2953 1109 3016 si·

75 3077 113 3138 us,
135 3079 243 3123 omnes
268 3064 379 3122 tamen
401 3057 547 3140 ipsorum
574 3055 752 3136 nequitiam
767 3055 931 3140 loquendo
946 3057 1112 3123 circumf-

58 3167 75 3240 t,
89 3169 117 3227 et
132 3173 197 3230 tum
222 3165 409 3247 admiratio,
437 3169 507 3228 tum
523 3163 707 3244 indignatio
722 3163 824 3229 totius
839 3164 939 3230 Italie
964 3165 1045 3232 adeo
1061 3189 1110 3233 re-

34 3273 92 3333 urta
106 3279 185 3353 sunt,
201 3273 236 3337 in
253 3271 421 3356 publicum
437 3276 646 3336 attestantur.
672 3271 760 3337 Nam
777 3277 951 3356 postquam
967 3273 1113 3342 discessit

52 3375 134 3444 ltalia
149 3379 450 3446 Excellentissimos
466 3378 635 3462 Princeps,
651 3399 725 3461 spes
741 3378 847 3444 altera
863 3383 967 3447 nostri
984 3380 1109 3465 Status,

44 3484 129 3552 uiuus
154 3488 302 3554 Karolus
318 3487 502 3552 antedictus
519 3487 563 3553 ad
579 3485 767 3570 Majestatis
777 3484 898 3554 Vestre
914 3491 1111 3572 presentiam

39 3589 153 3676 diturus,
177 3617 249 3660 cum
277 3593 410 3661 Summo
435 3593 589 3660 Pontifici
616 3595 757 3660 maxime
782 3594 916 3661 subsidii
935 3599 1110 3664 necessitas

13 3685 20 3706 ³
71 3697 75 3709 '
98 3707 167 3782 eret,
191 3703 343 3768 dominus
368 3703 554 3769 Januoctus
586 3701 626 3767 ds
643 3701 885 3786 Prothojudice,
907 3701 1109 3789 Capitaneus

28 3805 125 3872 eutium
144 3813 368 3894 predictarrm,
393 3813 482 3895 ipsas
507 3817 577 3877 tam
603 3811 658 3875 diu
683 3810 922 3880 dissimulando
939 3815 1109 3898 continuit,

14 3925 88 3990 ¹quem
102 3916 152 3982 diu
167 3919 299 3985 fuerunt
316 3941 354 3984 ex
379 3925 473 4004 parte
489 3919 695 4003 proditorum
711 3925 894 3987 nostrorum
913 3923 1021 3987 omnia
1036 3943 1108 4006 pre·

6 4005 113 4120 iterata.
140 4026 228 4093 Tunc
245 4027 375 4092 demum
392 4049 457 4110 quo
474 4028 515 4094 de
530 4027 744 4112 propinquius
756 4049 814 4093 nos
824 4037 936 4113 posset
946 4030 1109 4111 invadere,

6 4121 8 4134 '
57 4129 199 4201 civitatem
216 4137 366 4202 Bononio
383 4135 589 4219 properavit,
605 4135 715 4219 ibique
736 4138 860 4203 cunctis
871 4137 1020 4220 gentibus
1036 4159 1109 4204 con·

6 4123 136 4348 iiicgatis,
150 4265 219 4308 cum
234 4244 355 4312 vellent
371 4243 535 4327 magnifici
561 4244 683 4310 fratres
699 4246 803 4310 nostri
820 4244 1053 4329 Bononienses,
1068 4246 1109 4310 si·

6 4346 56 4444 grat
68 4366 100 4408 ex
113 4347 171 4434 lige
185 4352 294 4420 federe
312 4358 387 4419 sunt
403 4353 532 4419 astricti
544 4353 768 4436 juramentum
779 4353 918 4436 exigere,
934 4354 1022 4438 quod
1039 4374 1108 4434 uos,

39 4453 170 4538 erusiuos,
193 4466 225 4525 et
250 4460 334 4526 alios
351 4459 521 4544 colligatos
538 4481 612 4526 suos
628 4481 708 4543 gens
727 4461 876 4544 predicta
890 4482 956 4527 non
972 4460 1108 4526 deberet

6 4439 162 4664 litandam
184 4574 332 4650 prestare
348 4576 589 4636 sacramentum
613 4567 717 4633 modis
743 4568 893 4634 omnibus
917 4575 1106 4650 renuerunt,

6 4665 183 4768 >macerante
206 4676 336 4743 domino
362 4677 525 4744 Jannocto
550 4675 708 4760 predicto,
736 4675 825 4759 quod
859 4698 931 4744 cum
962 4699 1105 4745 essemus
