3182 5252
593 337 685 403 1383.
1134 335 1197 394 509

78 509 213 576 delicet:
230 508 300 574 Nos
311 510 422 574 Maria
432 511 495 574 Dei
514 533 561 594 gr.
572 511 684 596 Hnug.
702 512 764 577 stb.
774 508 872 594 (mint
881 509 999 575 feuebb
1012 513 1084 573 271.
1095 531 1137 574 sn.
1154 508 1198 594 a)

77 614 126 680 De
141 617 296 701 predictis
313 625 421 682 autem
438 619 585 683 omnibus
601 627 634 684 et
650 618 786 702 siugulis
805 624 940 700 rogatus
966 618 1012 682 fni
1029 639 1091 702 ego
1106 615 1199 682 Guil-

76 723 199 788 lielmus
209 724 249 788 de
260 724 446 792 Vinceuciis
462 726 621 792 Notarius
637 727 863 809 infrascriptus
875 725 1033 790 conficere
1050 746 1149 789 unum
1165 731 1198 790 et

78 830 171 914 plura
188 829 331 916 ejusdem
347 833 471 897 tenoris
488 841 521 896 et
532 835 743 898 consonancie
754 832 1118 916 publicainstrumenta.
1133 831 1198 898 Ac

6 921 7 926 ἵ
79 946 145 1003 tum
163 937 313 1004 Vencciis
329 939 363 1004 iu
379 940 497 1006 Ducali
514 939 649 1006 Palacio
666 940 872 1024 presentibus
893 939 995 1004 nobili
1013 945 1046 1004 ct
1062 941 1195 1004 circum·

80 1051 189 1130 specto
206 1049 273 1113 viro
290 1047 421 1112 domino
432 1049 615 1132 Rapbayuo
630 1048 670 1114 de
687 1047 851 1114 Caresinis
861 1047 1046 1114 honorabili
1066 1045 1199 1112 Cancel-

28 1175 30 1183 ’
74 1152 154 1220 lario
180 1151 370 1220 Communis
396 1154 624 1238 veneciarum,
651 1177 689 1222 ac
706 1157 849 1239 providis
868 1156 945 1222 viris
962 1177 1013 1219 ser
1043 1155 1197 1220 Jobaune

76 1260 172 1340 Vido,
189 1281 241 1327 ser
256 1262 358 1328 Petro
374 1261 415 1327 de
432 1262 671 1348 Quadraginta,
688 1285 739 1330 ser
757 1263 911 1331 Nicoleto
928 1263 980 1328 del
1005 1263 1150 1343 Camino,
1166 1271 1200 1328 et

75 1389 123 1434 ser
139 1368 316 1437 Guilielmo
326 1371 366 1434 de
376 1369 522 1438 Olarutis
538 1371 688 1439 Notariis
699 1373 850 1439 Ducatus
863 1372 1089 1452 Veneciarum,
1099 1374 1190 1437 testi-

77 1478 134 1544 bus
151 1481 195 1546 ad
212 1482 370 1564 premissa
385 1485 511 1547 vocatis
528 1483 714 1566 specialiter
729 1489 762 1546 et
777 1483 911 1564 rogatis
928 1488 962 1547 et
976 1482 1061 1546 aliis.

513 1592 587 1673 Ego
608 1587 817 1657 Guillielmus
834 1591 873 1655 de
893 1589 1078 1656 Vincenciis
1095 1590 1156 1655 stb.

6 1805 7 1808 Ἴ
76 1731 109 1796 (Δ
119 1735 223 1784 »Liber
229 1736 393 1786 Paetorum«
402 1735 492 1785 czimtl
499 1737 633 1786 velenczei
641 1737 867 1801 allamkduyvbdl
875 1737 922 1784 VI.
932 1715 989 1785 kei.
999 1739 1039 1784 56.
1048 1735 1077 1784 ts
1087 1741 1128 1786 96.
1136 1735 1202 1796 len)

78 2199 105 2266 A
122 2202 277 2266 ucleaczei
293 2202 506 2286 lcdztdrsoso'p
522 2201 677 2265 Duudolo
692 2201 852 2267 Sororem
869 2201 1016 2265 lcduelnelc
1044 2202 1201 2286 acilusztjo

78 2311 387 2396 Mupyororszdpba,
403 2311 485 2394 kopp
492 2308 696 2393 jelealdtc'lrcn
715 2334 736 2372 a
753 2310 928 2394 lciraeilyndk
945 2335 965 2374 a
977 2311 1085 2374 tirrici
1101 2311 1203 2374 balcar-

346 2421 426 2502 ac'pet
442 2418 566 2482 eskttvel
584 2418 734 2482 erdsitsc'lc
751 2441 828 2503 orep.
849 2421 936 2483 1383

185 2577 286 2642 Anno
317 2576 653 2644 MCCOLXXXIH.
685 2576 862 2643 indictione
895 2577 955 2643 Vl.
982 2577 1033 2642 slie
1060 2576 1202 2642 XXIII.

79 2689 199 2750 mensis
224 2687 317 2751 Maii.
342 2686 509 2771 Capta:
536 2686 633 2772 Quod
659 2709 719 2770 pro
745 2687 933 2770 accipiendo
962 2695 1201 2752 sacramentum

81 2793 239 2876 Reginali
271 2793 422 2861 Maistati
440 2795 613 2878 Hungarie
633 2795 808 2859 secundum
834 2794 969 2860 sormam
996 2796 1095 2879 pecie,
1121 2796 1205 2860 sicut

82 2909 251 2986 acceptum
268 2901 331 2967 fuit
346 2925 366 2967 a
382 2909 494 2968 nostro
510 2903 666 2968 Dominio
683 2905 734 2968 hic
746 2905 778 2966 in
796 2903 948 2968 Veneciis
965 2925 1023 2986 per
1037 2905 1133 2967 istum
1150 2902 1206 2967 do-

6 3097 7 3100 ,
80 3013 204 3075 minum
221 3009 420 3094 Episcopum
439 3011 644 3094 Hungarum,
660 3013 693 3075 in
709 3011 796 3075 bona
812 3012 921 3092 gratia
937 3033 996 3094 pro
1014 3011 1101 3076 (licto
1117 3010 1206 3075 sacto

81 3125 112 3183 ct
128 3119 215 3197 aliis,
232 3119 315 3183 sicut
332 3119 494 3184 ridebitur
509 3121 564 3184 isti
592 3117 744 3192 Consilio,
770 3118 926 3200 elligatur
942 3140 1023 3182 unus
1041 3119 1206 3183 Ambaxa-

83 3229 134 3288 tor
150 3226 327 3309 solempnis
344 3249 403 3309 per
420 3229 634 3310 scruptinium
652 3230 685 3292 in
707 3227 768 3291 hoc
784 3224 938 3307 Consilio,
957 3228 1009 3308 qni
1036 3228 1138 3308 possit
1153 3248 1206 3291 ac·

82 3333 146 3416 cipi
163 3332 205 3396 cle
222 3333 288 3398 illis
303 3333 391 3414 locis,
409 3356 472 3416 que
489 3341 623 3418 possunt
640 3336 743 3419 accipi
760 3335 803 3399 ad
823 3341 941 3398 testam
958 3339 1156 3414 coronatam,
1172 3340 1206 3397 et

82 3441 278 3524 respondeat
295 3441 356 3521 die,
373 3463 440 3523 qua
455 3442 555 3507 suerit
570 3444 704 3510 ellectus
721 3444 771 3508 vel
798 3444 864 3508 alia
881 3443 923 3508 ad
939 3443 1066 3521 tertias,
1093 3449 1125 3506 et
1141 3463 1204 3505 non

82 3550 187 3631 possit
217 3547 371 3615 reffutare
404 3550 462 3615 sub
498 3573 583 3633 pena
615 3551 807 3616 ducatorum
843 3558 979 3615 centum.
1012 3551 1057 3615 Et
1089 3549 1206 3614 debeat

84 3657 204 3722 babere
221 3665 360 3740 quatuor
376 3658 570 3741 domicellos,
596 3681 692 3724 unum
720 3660 881 3724 notarium
908 3680 979 3722 cum
996 3678 1060 3721 uno
1076 3656 1206 3737 famulo,

83 3765 163 3830 duos
179 3767 335 3850 ragatios,
351 3789 449 3832 uuum
465 3774 710 3850 expensatorem
727 3774 760 3832 et
769 3791 865 3832 unum
885 3765 1038 3847 cochum3
1055 3772 1088 3828 et
1103 3767 1206 3848 possit

84 3875 265 3958 expendere
281 3877 315 3939 in
331 3877 478 3942 omnibus
494 3879 642 3960 expensis
653 3877 951 3960 quomodocumque
962 3874 1206 3939 occurrentibus

86 4004 143 4065 pro
161 4005 194 4046 sc
211 3990 243 4049 et
258 3983 385 4048 familia
399 3985 549 4069 predicta
566 3984 701 4050 ducatos
718 4007 773 4048 sex
789 3985 821 4048 in
839 3984 898 4064 die,
924 3983 1064 4066 exceptis
1090 3981 1206 4046 scortis

84 4099 114 4156 et
131 4091 260 4158 nebulis
276 4093 487 4176 navigiorum.
504 4093 555 4158 De
566 4095 788 4159 commissione
799 4115 873 4156 vero
890 4092 969 4156 dicti
987 4091 1205 4156 Ambaxiato-

84 4202 129 4264 ris
158 4201 383 4286 providebitur
414 4210 490 4266 ante
525 4225 617 4268 suum
649 4224 820 4282 recessum,
851 4202 934 4265 sicut
959 4199 1120 4263 videbitur
1151 4201 1208 4264 isti

87 4309 240 4376 Consilia.

192 4421 327 4485 Electus
344 4419 552 4486 Ambaxator
569 4421 599 4484 iu
612 4421 787 4502 Hungaria
799 4445 804 4485 :
817 4417 876 4484 Ser
887 4415 1005 4481 Petrus
1017 4416 1208 4482 Justiniano

89 4529 224 4594 condam
250 4550 303 4593 ser
328 4528 444 4608 Marci,
470 4529 647 4594 absolutus.
674 4526 830 4594 Nicolaus
862 4523 956 4591 Genu
988 4525 1126 4592 condam
1158 4548 1210 4594 ser
