3226 5254
616 351 620 363 ,
704 311 799 370 1380.
1250 305 1313 368 343

181 511 273 554 nere.
296 487 351 552 Ex
378 509 443 570 quo
468 487 508 554 de
534 485 623 552 facili
640 491 752 569 posset
769 484 945 549 maximum
963 482 1150 550 scandalum
1182 483 1313 549 exoriri.

183 597 236 662 Ut
252 597 354 682 igitur
378 595 458 662 fines
485 597 589 661 nostri
609 598 841 660 conserventur
855 591 949 672 illesi,
969 597 1001 656 et
1017 591 1135 658 futuris
1152 590 1314 657 scandalis

175 704 337 786 obvietur,
363 704 493 788 placeat
517 725 577 788 per
601 709 728 767 vestras
744 701 882 782 litteras,
899 698 994 764 latori
1012 699 1213 783 presentium
1232 700 1314 764 cshi·

176 811 314 894 herdae,
338 813 524 878 necessaria
547 811 689 896 jussione
717 817 749 874 et
775 814 937 893 oportuno
964 805 1106 873 remedio
1132 806 1313 890 providere.

174 919 273 985 Data
313 919 483 986 Florentio
522 920 574 985 dic
621 917 742 987 VIIII.
787 917 987 1002 Septembris
1027 916 1095 982 III.
1137 915 1315 982 indictione

173 1025 461 1094 MOCOLXXX.

176 1173 218 1232 (A
232 1171 371 1236 »signori
385 1172 539 1238 Carteggie‚
555 1171 682 1221 Missive«
705 1173 756 1222 stb.
770 1171 847 1222 XIX.
861 1170 1010 1235 ktitegtbtil
1025 1175 1067 1220 39.
1081 1185 1118 1219 oz.
1134 1185 1168 1230 a,
1183 1185 1200 1219 a
1213 1169 1313 1218 floren-

579 1261 621 1311 czi
634 1276 708 1327 nagy
722 1261 917 1321 levdltarban.)

713 1549 786 1612 let.

298 1711 445 1797 Bolopno
464 1709 626 1775 oct-rosnat·
645 1734 665 1772 a
675 1707 833 1796 florenozi
850 1707 1068 1796 letiztdrsosdp.
1095 1709 1190 1772 1380.

394 1870 664 1938 Bononiensibus

286 1981 422 2046 Fratres
440 1979 613 2047 karissimi.
631 1977 750 2044 Adhuc
763 1977 890 2044 videtur
901 1985 1009 2052 vestro
1019 1979 1162 2045 charitas
1172 1980 1312 2064 opinari,

173 2089 269 2174 quod
286 2088 485 2154 clarissimus
503 2087 660 2170 Princeps
688 2085 836 2152 dominus
854 2085 1000 2152 Karolus
1018 2086 1058 2154 de
1074 2086 1242 2170 Dyrachio
1259 2088 1312 2154 de-

172 2200 255 2264 beat
270 2199 421 2277 Romam,
449 2204 549 2280 atque
565 2195 600 2260 in
617 2195 767 2277 Regnum
792 2191 929 2277 Apulee‚
945 2217 1017 2260 cum
1035 2195 1185 2262 omnibus
1202 2195 1313 2280 Ungu-

173 2307 224 2372 ris
242 2305 414 2390 proticisci.
430 2304 500 2371 Nos
517 2309 626 2370 autem
644 2303 761 2368 scimus
777 2305 885 2386 ipsum
897 2305 964 2388 jam
983 2305 1147 2370 civitatem
1157 2305 1312 2388 nugubii,

174 2413 363 2480 volentibus
379 2411 564 2479 intrinsecis
581 2420 614 2477 et
631 2412 820 2478 extrinsecis
836 2411 1018 2478 intravisse.
1045 2410 1173 2479 Scimus
1199 2412 1311 2496 nga-

173 2543 244 2607 ros,
268 2528 307 2587 ut
330 2522 365 2586 in
391 2519 547 2586 Tusciam
567 2520 775 2600 descendant,
793 2541 825 2585 se
841 2518 923 2584 velle
939 2520 972 2584 in
989 2519 1222 2588 Lombardiam
1239 2540 1311 2603 per·

174 2652 254 2714 gere
265 2628 438 2708 simulare;
455 2628 573 2692 scimus
584 2625 732 2694 eumdem
743 2626 929 2711 Principem
940 2649 1001 2694 cun
1013 2627 1177 2696 nonnullis
1188 2625 1311 2696 Civita-

174 2739 266 2805 tibus
284 2735 410 2816 Tusoie,
426 2736 584 2804 moximos
601 2735 722 2802 habere
733 2742 906 2802 tractatus.
924 2734 1052 2802 Scimus
1069 2736 1231 2820 etmulti,
1247 2758 1308 2822 que

173 2867 287 2912 rerum
304 2843 452 2910 condicio
473 2865 537 2910 uon
561 2845 688 2927 patitur
705 2843 877 2910 declarari.
894 2842 1021 2910 Scimus
1038 2851 1071 2909 et
1085 2845 1156 2924 hoc,
1174 2844 1261 2928 quod
1276 2845 1310 2909 in

173 2953 280 3020 oculis
297 2954 439 3018 omnium
465 2959 522 3033 est,
539 2959 669 3018 nostros
689 2952 837 3018 videlicet
853 2953 1014 3035 bannitos
1030 2954 1141 3020 exules
1158 2961 1192 3019 et
1206 2953 1310 3020 rebel·

173 3063 235 3142 les,
260 3081 369 3128 secum
393 3058 536 3144 undique
555 3068 787 3144 congregatos3
804 3068 836 3126 et
853 3061 938 3146 quod
956 3069 1135 3128 extremum
1151 3062 1311 3145 periculo·

175 3191 250 3236 rum
276 3176 335 3252 est,
361 3171 487 3252 scimus,
514 3171 576 3236 nisi
593 3169 683 3235 Deus
700 3170 835 3256 dissipet
850 3171 1024 3238 multorum
1040 3191 1194 3256 perversa
1209 3172 1311 3238 consi-

174 3279 232 3360 lia,
249 3279 337 3363 quod
354 3279 419 3345 cito
435 3279 584 3363 parietur
600 3279 798 3360 scandalum,
815 3280 866 3346 oui
882 3287 958 3364 post
976 3279 1097 3348 factum
1114 3280 1176 3345 erit
1191 3280 1310 3364 impos·

176 3387 271 3454 sibile
286 3409 451 3472 reparare.
476 3387 522 3452 Et
538 3387 580 3454 ob
597 3387 641 3467 id,
657 3387 777 3454 iratres
802 3388 972 3468 karissimi,
998 3388 1100 3456 nolite
1116 3393 1238 3471 nostro,
1254 3411 1310 3458 no·

176 3497 234 3562 lite
251 3503 367 3576 vestro,
378 3495 480 3561 nolite
497 3497 597 3562 totius
615 3496 733 3564 Tuscis
743 3497 889 3581 periculo
907 3497 1056 3568 habitum
1068 3498 1309 3564 incredulitatis

176 3605 343 3688 iuducere,
360 3603 417 3669 sed
432 3603 529 3670 fidem
556 3605 664 3671 dando
680 3605 837 3672 iratribus
855 3607 982 3686 vestris,
998 3607 1053 3690 qui
1071 3608 1178 3675 sciunt
1193 3612 1226 3672 et
1240 3607 1310 3690 pal·

174 3720 256 3798 pant
280 3711 432 3778 manibus
460 3711 547 3795 quod
571 3711 760 3795 formidant,
785 3713 914 3797 placeat
939 3735 999 3798 pro
1024 3714 1129 3781 salute
1151 3722 1261 3782 vestra
1277 3721 1310 3780 et

176 3827 303 3900 nostra,
321 3819 389 3884 siue
405 3819 571 3886 ulterioris
588 3819 754 3886 dilationis
770 3821 983 3903 incommode,
1000 3823 1121 3890 totiens
1141 3825 1309 3908 postulata

175 3927 322 3994 subsidia
347 3926 524 3992 destinare.
550 3927 595 3994 nt
619 3927 746 3994 utinam
770 3934 840 3996 tarn
865 3930 963 3996 celeri
989 3929 1142 3998 festinent
1168 3953 1309 4014 accessu,

175 4035 262 4118 quod
290 4057 354 4102 non
379 4036 524 4121 peniteat
542 4035 711 4103 distulisse.
738 4035 829 4104 Data
846 4037 1014 4104 Florentio
1030 4039 1149 4109 VIIII.
1166 4037 1309 4124 Septem·
1397 4105 1402 4114 ,

175 4144 243 4209 bris
261 4144 329 4210 III.
344 4145 522 4211 indictione
538 4141 820 4210 MOOOLXXX.
903 4145 905 4148 ’

174 4287 212 4349 (Α
240 4289 375 4356 »Signori¹
389 4291 541 4356 Carteggie,
555 4289 686 4340 hilarine«
702 4292 753 4340 stb.
767 4291 844 4342 XIX.
858 4291 1008 4357 kdtegdbttl
1024 4297 1065 4342 39.
1080 4309 1116 4343 sz.
1132 4307 1166 4358 a,
1181 4309 1196 4343 a
1211 4295 1310 4344 floren·

572 4382 614 4430 ozi
629 4395 701 4446 nugy
715 4381 909 4440 levdltdrban.)
