3134 5254
564 365 658 426 1379.
897 449 900 458 Ι
1105 367 1172 428 aas

46 541 125 624 quod
141 541 289 608 mittebat
306 540 450 624 capitula
466 539 593 606 iuolusu
612 541 646 604 iu
662 539 729 622 ills,
745 563 807 624 quo
825 539 1017 607 videbantur
1034 545 1063 608 ei
1076 541 1171 626 justa

44 649 105 733 peti
129 673 149 715 a
174 650 406 716 Dominatioue
437 648 568 730 Vestra,
584 648 783 715 reservando
810 647 870 714 sibi
897 649 1084 716 libertatem
1110 651 1167 716 ed·

1 739 2 748 ἵ
44 757 139 838 deudi,
156 764 189 822 et
206 757 353 841 rogando
371 757 457 841 ‹puod
475 757 501 822 si
514 757 682 849 videbatur
692 758 720 822 ei
732 757 857 841 aliquid
873 757 992 825 addere
1007 782 1068 844 pro
1076 760 1165 827 utili-

45 872 105 930 tate
114 873 145 932 et
164 865 249 931 bono
265 887 333 944 suo,
351 865 438 949 quod
454 865 598 942 adderet.
618 867 696 949 quia
711 866 862 931 dominus
881 865 952 932 Rex
969 867 1015 934 sie
1031 867 1161 934 iaceret.

46 971 107 1057 Qus
124 973 268 1058 capitula
284 978 360 1038 suut
376 972 481 1054 XIII,
498 974 580 1038 sieut
597 973 631 1036 in
648 972 742 1056 eopia
757 973 807 1038 his
829 973 957 1040 iuolusa
972 975 1166 1043 Domiuatio

1 1089 2 1120 ³
43 1079 153 1148 Vestra
167 1081 280 1147 videre
297 1082 435 1164 poterit;
451 1081 529 1146 lieet
540 1103 579 1147 es
589 1102 653 1146 nou
663 1081 874 1148 habuerimus
885 1081 917 1146 in
935 1083 1088 1168 sioriptis,
1104 1084 1162 1150 sed

43 1189 250 1256 substantiam
268 1211 380 1254 eorum
397 1188 585 1272 ceperimus,
608 1191 678 1272 ipsa
703 1188 803 1254 semel
828 1190 973 1272 legendo.
999 1191 1163 1259 Dixeruut

41 1299 126 1364 etiam
142 1299 240 1365 nobis
257 1298 371 1381 aliqua
387 1297 530 1380 capitula
547 1295 586 1362 de
603 1296 783 1362 intentione
808 1296 833 1363 J
834 1300 1034 1382 auueusium,
1058 1305 1092 1366 et
1108 1302 1163 1368 do·

42 1408 106 1472 uiui
116 1404 324 1485 Patriarohe,
335 1427 396 1487 quo
407 1404 556 1470 similiter
566 1403 725 1469 mittimus
735 1403 785 1470 his
795 1405 930 1488 inclusa,
941 1405 1053 1472 habits
1069 1408 1165 1475 lioeu·

41 1515 126 1582 tisab
151 1516 209 1580 eis.
219 1513 299 1579 Istis
316 1511 467 1597 capitulis
477 1513 570 1578 lectis
587 1518 619 1578 et
636 1511 758 1578 auditis
770 1514 1004 1597 respondimus,
1015 1515 1104 1599 quod
1120 1519 1161 1582 si·

42 1631 85 1688 eut
98 1624 158 1708 ipsi
176 1623 337 1703 sciebant,
353 1622 435 1686 bene
450 1643 508 1705 per
524 1643 582 1686 nos
597 1620 720 1687 dietum
732 1621 841 1686 fuerat
856 1623 889 1688 iu
906 1621 1011 1705 Buda,
1030 1624 1116 1707 quod
1134 1627 1161 1690 si

41 1731 92 1798 ista
107 1754 168 1816 pem
186 1730 434 1797 tractareturiu
445 1727 554 1808 Italia,
566 1750 729 1812 uunquam
747 1727 847 1808 fieret,
865 1737 999 1814 propter
1016 1733 1160 1817 injustis·

42 1841 123 1908 simas
136 1847 170 1906 et
182 1838 430 1906 enormissimss
440 1836 623 1920 petitiones,
633 1857 716 1920 quas
738 1833 882 1920 colligati
900 1835 1054 1921 facerent,
1071 1841 1160 1924 quod

41 1948 121 2016 modo
135 1949 225 2014 clare
243 1953 398 2034 poterant
419 1945 545 2028 videre;
562 1951 595 2010 et
620 1945 710 2030 quod
726 1946 791 2010 ista
817 1947 961 2030 eapituls
986 1969 1049 2014 uon
1066 1957 1160 2015 erant

40 2059 206 2124 conformia
222 2056 323 2122 dietis
339 2077 398 2141 per
414 2055 515 2120 filium
532 2053 666 2119 Domini
687 2054 811 2134 Padue,
828 2057 883 2139 qui
898 2057 1036 2138 dixerat,
1071 2059 1158 2141 quod

41 2173 120 2248 pater
136 2174 210 2234 erat
227 2171 366 2252 paratus
383 2163 490 2229 faeere
508 2162 683 2228 secundum
702 2161 902 2230 voluntatem
919 2165 1077 2250 Regiam3
1103 2189 1161 2232 nee

10 2274 13 2282 ’
40 2273 122 2341 dictis
138 2275 235 2342 uobis
254 2295 314 2360 per
330 2272 493 2338 dominum
514 2269 537 2336 J
540 2269 678 2337 eeobum
694 2277 727 2336 et
744 2271 910 2338 dominum
937 2273 1159 2350 Benedictum,

44 2384 159 2464 quaudo
170 2405 234 2468 ego
245 2382 416 2449 Johauues
427 2380 498 2444 veni
508 2377 674 2448 Venetiae.
701 2378 766 2463 Qui
778 2378 938 2463 dixerunt,
950 2382 1038 2465 quod
1049 2383 1160 2450 Domi·

43 2513 91 2556 nus
105 2493 221 2560 Psdue
238 2500 271 2560 et
289 2491 344 2576 slij
364 2513 429 2558 non
454 2490 612 2556 auderent
638 2488 825 2556 recederes
849 2490 1018 2558 voluntate
1034 2491 1159 2576 Regis,

42 2607 68 2664 et
81 2602 104 2666 si
115 2603 176 2688 ipsi
195 2625 264 2668 non
285 2607 437 2685 poterant
453 2619 525 2664 eum
550 2619 715 2664 removere
732 2621 752 2664 s
768 2597 910 2683 petendo
936 2605 1004 2666 tam
1036 2599 1159 2684 injusta

43 2714 68 2770 et
82 2709 338 2790 inrationabilia,
363 2708 468 2774 multo
494 2707 586 2792 pejus
605 2729 678 2773 eum
705 2715 909 2774 removerent
934 2707 977 2774 ad
1003 2708 1157 2776 desisten-

39 2813 136 2884 duma
153 2817 369 2897 novitatibus,
386 2815 477 2882 etad
493 2814 691 2900 prebendum
718 2815 874 2882 auxilium
891 2822 924 2882 et
939 2815 1084 2883 favorem
1099 2817 1124 2882 J
1125 2840 1158 2883 a·

40 2928 209 2994 nueusibus.
226 2926 334 3016 'Tune
350 2923 510 3004 dixerunt,
526 2923 613 3006 quod
630 2924 657 2987 si
672 2923 734 2990 hoo
750 2945 814 2989 nou
830 2923 962 3006 faceret,
979 2924 1067 3008 quod
1086 2947 1156 2992 eum

38 3036 163 3120 propr-ijs
189 3033 343 3119 personis
360 3041 475 3098 contre
500 3029 674 3098 Dominum
693 3031 806 3098 Padue
832 3039 865 3098 et
890 3031 1079 3099 darmenses
1098 3058 1156 3100 nos

36 3140 189 3225 juvarent3
207 3148 242 3208 et
258 3140 349 3226 quod
364 3161 532 3224 nunquam
548 3140 626 3207 hino
641 3159 676 3205 se
687 3139 909 3224 absentarent,
926 3140 986 3204 uisi
1004 3141 1155 3222 tacerent,

37 3249 108 3330 quod
133 3250 230 3336 galee
256 3249 477 3316 Januensium
503 3248 578 3314 hine
604 3248 801 3316 recederent
829 3247 921 3315 Tune
947 3249 1155 3332 quesivimus,

38 3377 83 3438 per
97 3379 191 3441 quem
209 3355 345 3422 modum
361 3355 424 3423 hoc
437 3356 594 3423 facerent.
606 3355 788 3422 Dixerunt:
805 3357 890 3440 quod
908 3365 1063 3441 ponerent
1079 3379 1154 3443 gen·

37 3475 75 3530 tes
89 3489 184 3551 super
200 3465 408 3532 territorium
433 3465 564 3531 Domini
583 3465 715 3546 Padue3
742 3472 774 3530 et
799 3465 885 3549 quod
910 3467 1079 3532 mitterent
1104 3491 1154 3534 su·

36 3593 82 3656 per
102 3575 286 3656 Januense,
312 3581 345 3638 et
370 3574 516 3640 facerent
542 3573 631 3657 quod
663 3574 814 3640 dominus
841 3571 958 3640 Comes
984 3575 1153 3642 Virtutum

36 3691 107 3750 esset
121 3686 168 3750 eis
193 3682 386 3751 favorabilis
396 3708 403 3764 3
414 3689 446 3747 et
457 3683 486 3747 si
496 3681 675 3766 expediret,
691 3681 837 3750 facerent
847 3683 934 3766 quod
945 3683 1076 3750 Domini
1090 3681 1153 3752 Vs·

36 3791 301 3859 ronediffidareut
318 3791 452 3857 Domini
463 3789 587 3857 Padus.
598 3789 846 3877 Respondimus,
857 3790 943 3876 quod
955 3791 1152 3859 territorium

37 3896 134 3968 Padus
151 3907 228 3968 erat
260 3899 355 3964 valde
371 3897 455 3966 forte
471 3905 605 3983 propter
638 3921 838 3985 aquasquas
863 3898 982 3981 habet,
1014 3905 1048 3964 et
1063 3901 1152 3984 quod

37 4013 133 4075 statim
160 4031 293 4077 eramus
308 4007 341 4073 in
358 4009 483 4094 hieme;
499 4014 533 4074 et
549 4009 635 4094 quod
652 4030 716 4075 nou
732 4016 866 4095 possent
883 4008 1004 4075 habere
1030 4009 1151 4074 victua·

36 4115 82 4200 lia,
95 4141 151 4186 nee
167 4120 271 4188 etiam
286 4125 417 4204 possent
434 4120 499 4185 isto
516 4125 660 4204 tempore
677 4142 773 4203 super
790 4120 992 4186 territorium
1007 4117 1152 4183 Jauuen·

5 4293 7 4322 ὲ
38 4226 106 4292 sium
131 4231 286 4310 transire,
313 4229 480 4312 quianon
505 4228 665 4296 haberent
687 4228 849 4308 viotualie,
874 4235 905 4296 et
933 4229 1011 4309 quia
1037 4227 1150 4293 statim

5 4329 7 4438 ἑ
36 4353 130 4404 sumus
145 4340 179 4404 in
197 4339 321 4420 hieme;
339 4347 372 4403 et
388 4339 434 4404 sio
449 4357 508 4422 per
525 4339 624 4404 istum
640 4338 772 4406 modum
788 4336 872 4402 male
888 4341 1020 4420 possent
1036 4357 1095 4400 nos
1108 4336 1149 4401 ab

5 4441 7 4496 ἰ
37 4444 176 4512 oneribus
190 4447 410 4516 Jauuensium
429 4451 461 4513 et
477 4445 629 4512 Paduani
647 4445 808 4525 relevare,
825 4451 858 4510 et
874 4443 921 4508 sio
936 4464 1076 4509 essemus
1093 4443 1148 4509 do·

6 4505 8 4540 t

36 4554 110 4620 mino
121 4556 203 4640 Regi
214 4557 363 4642 obligati,
380 4565 411 4624 et
422 4577 661 4624 remaneremus
671 4559 703 4622 in
715 4577 842 4640 guerra.
859 4553 1149 4630 Videntesautem,
