<?xml version="1.0" encoding="UTF-8"?>
<!DOCTYPE html PUBLIC "-//W3C//DTD XHTML 1.0 Transitional//EN"
    "http://www.w3.org/TR/xhtml1/DTD/xhtml1-transitional.dtd">
<html xmlns="http://www.w3.org/1999/xhtml" xml:lang="en" lang="en">
 <head>
  <title>
</title>
<meta http-equiv="Content-Type" content="text/html;charset=utf-8" />
  <meta name='ocr-system' content='tesseract 3.04.00' />
  <meta name='ocr-capabilities' content='ocr_page ocr_carea ocr_par ocr_line ocrx_word'/>
</head>
<body>
  <div class='ocr_page' id='page_1' title='image "./magyardiplomacz00wenzgoog_0223.png"; bbox 0 0 3172 5254; ppageno 0'>
   <div class='ocr_carea' id='block_1_1' title="bbox 578 411 1188 474">
    <p class='ocr_par' dir='ltr' id='par_1_1' title="bbox 578 411 1188 474">
     <span class='ocr_line' id='line_1_1' title="bbox 578 411 1188 474; baseline 0.005 -4"><span class='ocrx_word' id='word_1_1' title='bbox 578 411 672 471; x_wconf 81' lang='lat'><strong>1379.</strong></span> <span class='ocrx_word' id='word_1_2' title='bbox 1128 415 1188 474; x_wconf 79' lang='lat'>187</span> 
     </span>
    </p>
   </div>
   <div class='ocr_carea' id='block_1_2' title="bbox 3 571 1229 2396">
    <p class='ocr_par' dir='ltr' id='par_1_2' title="bbox 3 571 1189 1104">
     <span class='ocr_line' id='line_1_2' title="bbox 3 571 1186 672; baseline 0.008 -28"><span class='ocrx_word' id='word_1_3' title='bbox 3 571 5 644; x_wconf 68' lang='grc' dir='ltr'>ζ</span> <span class='ocrx_word' id='word_1_4' title='bbox 70 582 137 648; x_wconf 82' lang='lat' dir='ltr'><strong>Fuit</strong></span> <span class='ocrx_word' id='word_1_5' title='bbox 152 585 192 649; x_wconf 86' lang='lat' dir='ltr'>ad</span> <span class='ocrx_word' id='word_1_6' title='bbox 208 607 268 652; x_wconf 93' lang='lat' dir='ltr'>nos</span> <span class='ocrx_word' id='word_1_7' title='bbox 285 585 467 669; x_wconf 81' lang='lat' dir='ltr'>Gregorius</span> <span class='ocrx_word' id='word_1_8' title='bbox 493 608 554 670; x_wconf 89' lang='lat' dir='ltr'>pro</span> <span class='ocrx_word' id='word_1_9' title='bbox 580 596 674 672; x_wconf 88' lang='lat' dir='ltr'>parte</span> <span class='ocrx_word' id='word_1_10' title='bbox 691 588 812 654; x_wconf 90' lang='lat' dir='ltr'>domini</span> <span class='ocrx_word' id='word_1_11' title='bbox 830 587 998 654; x_wconf 75' lang='lat' dir='ltr'>Benedicti</span> <span class='ocrx_word' id='word_1_12' title='bbox 1016 588 1186 656; x_wconf 78' lang='lat' dir='ltr'>abdomini</span> 
     </span>
     <span class='ocr_line' id='line_1_3' title="bbox 3 671 1189 778; baseline 0.007 -23"><span class='ocrx_word' id='word_1_13' title='bbox 3 671 5 722; x_wconf 66' lang='lat'>³</span> <span class='ocrx_word' id='word_1_14' title='bbox 70 691 181 775; x_wconf 87' lang='lat' dir='ltr'>Jacobi,</span> <span class='ocrx_word' id='word_1_15' title='bbox 196 693 307 759; x_wconf 90' lang='lat' dir='ltr'>dicens</span> <span class='ocrx_word' id='word_1_16' title='bbox 334 693 421 777; x_wconf 84' lang='lat' dir='ltr'>quod</span> <span class='ocrx_word' id='word_1_17' title='bbox 446 695 493 760; x_wconf 90' lang='lat' dir='ltr'>illi</span> <span class='ocrx_word' id='word_1_18' title='bbox 521 695 651 778; x_wconf 88' lang='lat' dir='ltr'>domini,</span> <span class='ocrx_word' id='word_1_19' title='bbox 674 697 862 778; x_wconf 81' lang='lat' dir='ltr'>ignorantes</span> <span class='ocrx_word' id='word_1_20' title='bbox 876 697 1052 762; x_wconf 87' lang='lat' dir='ltr'>terminum</span> <span class='ocrx_word' id='word_1_21' title='bbox 1068 698 1189 764; x_wconf 89' lang='lat' dir='ltr'>adven-</span> 
     </span>
     <span class='ocr_line' id='line_1_4' title="bbox 3 789 1188 889; baseline 0.009 -29"><span class='ocrx_word' id='word_1_22' title='bbox 3 789 5 874; x_wconf 72' lang='grc' dir='ltr'><strong><em>ζ</em></strong></span> <span class='ocrx_word' id='word_1_23' title='bbox 71 807 115 864; x_wconf 83' lang='lat' dir='ltr'>tus</span> <span class='ocrx_word' id='word_1_24' title='bbox 130 799 246 868; x_wconf 91' lang='lat' dir='ltr'>domini</span> <span class='ocrx_word' id='word_1_25' title='bbox 262 801 393 883; x_wconf 89' lang='lat' dir='ltr'>Karoli,</span> <span class='ocrx_word' id='word_1_26' title='bbox 405 801 626 884; x_wconf 83' lang='lat' dir='ltr'>consulebant,</span> <span class='ocrx_word' id='word_1_27' title='bbox 644 803 731 886; x_wconf 89' lang='lat' dir='ltr'>quod</span> <span class='ocrx_word' id='word_1_28' title='bbox 742 826 802 889; x_wconf 90' lang='lat' dir='ltr'>pro</span> <span class='ocrx_word' id='word_1_29' title='bbox 813 805 933 870; x_wconf 87' lang='lat' dir='ltr'>honore</span> <span class='ocrx_word' id='word_1_30' title='bbox 945 803 1188 872; x_wconf 86' lang='lat' dir='ltr'>Dominationis</span> 
     </span>
     <span class='ocr_line' id='line_1_5' title="bbox 3 903 1188 996; baseline 0.008 -26"><span class='ocrx_word' id='word_1_31' title='bbox 3 925 5 990; x_wconf 67' lang='lat' dir='ltr'>ss</span> <span class='ocrx_word' id='word_1_32' title='bbox 72 905 176 972; x_wconf 77' lang='lat' dir='ltr'>Vestra</span> <span class='ocrx_word' id='word_1_33' title='bbox 193 908 386 975; x_wconf 81' lang='lat' dir='ltr'><strong>deberemus</strong></span> <span class='ocrx_word' id='word_1_34' title='bbox 412 917 584 994; x_wconf 83' lang='lat' dir='ltr'>expectare</span> <span class='ocrx_word' id='word_1_35' title='bbox 611 933 711 995; x_wconf 89' lang='lat' dir='ltr'>usque</span> <span class='ocrx_word' id='word_1_36' title='bbox 738 911 822 978; x_wconf 91' lang='lat' dir='ltr'>diem</span> <span class='ocrx_word' id='word_1_37' title='bbox 841 910 945 993; x_wconf 88' lang='lat' dir='ltr'>Luue,</span> <span class='ocrx_word' id='word_1_38' title='bbox 962 920 996 978; x_wconf 90' lang='lat' dir='ltr'>et</span> <span class='ocrx_word' id='word_1_39' title='bbox 1010 903 1124 996; x_wconf 87' lang='lat' dir='ltr'>postea</span> <span class='ocrx_word' id='word_1_40' title='bbox 1141 935 1188 980; x_wconf 88' lang='lat' dir='ltr'>re·</span> 
     </span>
     <span class='ocr_line' id='line_1_6' title="bbox 3 1013 1187 1104; baseline 0.008 -27"><span class='ocrx_word' id='word_1_41' title='bbox 3 1017 5 1024; x_wconf 82' lang='grc'><em>’</em></span> <span class='ocrx_word' id='word_1_42' title='bbox 72 1013 130 1078; x_wconf 89' lang='lat' dir='ltr'>dire</span> <span class='ocrx_word' id='word_1_43' title='bbox 145 1015 337 1098; x_wconf 81' lang='lat' dir='ltr'>Tarvisium,</span> <span class='ocrx_word' id='word_1_44' title='bbox 364 1039 467 1101; x_wconf 90' lang='lat' dir='ltr'>usque</span> <span class='ocrx_word' id='word_1_45' title='bbox 492 1040 555 1101; x_wconf 91' lang='lat' dir='ltr'>quo</span> <span class='ocrx_word' id='word_1_46' title='bbox 584 1021 722 1084; x_wconf 89' lang='lat' dir='ltr'>sciretur</span> <span class='ocrx_word' id='word_1_47' title='bbox 749 1019 881 1102; x_wconf 89' lang='lat' dir='ltr'>quando</span> <span class='ocrx_word' id='word_1_48' title='bbox 905 1026 992 1085; x_wconf 88' lang='lat' dir='ltr'>esset</span> <span class='ocrx_word' id='word_1_49' title='bbox 1008 1019 1187 1104; x_wconf 88' lang='lat' dir='ltr'>hicprope,</span> 
     </span>
    </p>

    <p class='ocr_par' dir='ltr' id='par_1_3' title="bbox 71 1123 1188 1210">
     <span class='ocr_line' id='line_1_7' title="bbox 71 1123 1188 1210; baseline 0.005 -23"><span class='ocrx_word' id='word_1_50' title='bbox 71 1124 145 1206; x_wconf 90' lang='lat' dir='ltr'>quod</span> <span class='ocrx_word' id='word_1_51' title='bbox 160 1123 252 1190; x_wconf 90' lang='lat' dir='ltr'>nobis</span> <span class='ocrx_word' id='word_1_52' title='bbox 279 1132 391 1190; x_wconf 91' lang='lat' dir='ltr'>notum</span> <span class='ocrx_word' id='word_1_53' title='bbox 418 1125 582 1208; x_wconf 71' lang='lat' dir='ltr'>lacerent,</span> <span class='ocrx_word' id='word_1_54' title='bbox 606 1132 637 1191; x_wconf 90' lang='lat' dir='ltr'>et</span> <span class='ocrx_word' id='word_1_55' title='bbox 663 1126 750 1210; x_wconf 89' lang='lat' dir='ltr'>quod</span> <span class='ocrx_word' id='word_1_56' title='bbox 766 1124 921 1193; x_wconf 90' lang='lat' dir='ltr'>volebant</span> <span class='ocrx_word' id='word_1_57' title='bbox 937 1128 1020 1194; x_wconf 91' lang='lat' dir='ltr'>scire</span> <span class='ocrx_word' id='word_1_58' title='bbox 1036 1129 1188 1194; x_wconf 89' lang='lat' dir='ltr'>intentio-</span> 
     </span>
    </p>

    <p class='ocr_par' dir='ltr' id='par_1_4' title="bbox 3 1230 1229 2396">
     <span class='ocr_line' id='line_1_8' title="bbox 73 1230 1188 1318; baseline 0.008 -25"><span class='ocrx_word' id='word_1_59' title='bbox 73 1251 133 1294; x_wconf 87' lang='lat' dir='ltr'>nem</span> <span class='ocrx_word' id='word_1_60' title='bbox 156 1236 310 1297; x_wconf 87' lang='lat' dir='ltr'>nostram.</span> <span class='ocrx_word' id='word_1_61' title='bbox 337 1230 395 1298; x_wconf 88' lang='lat' dir='ltr'>Ad</span> <span class='ocrx_word' id='word_1_62' title='bbox 421 1235 509 1316; x_wconf 93' lang='lat' dir='ltr'>quod</span> <span class='ocrx_word' id='word_1_63' title='bbox 537 1235 772 1318; x_wconf 85' lang='lat' dir='ltr'>respondimus,</span> <span class='ocrx_word' id='word_1_64' title='bbox 788 1235 877 1318; x_wconf 90' lang='lat' dir='ltr'>qnod</span> <span class='ocrx_word' id='word_1_65' title='bbox 894 1234 1188 1303; x_wconf 86' lang='lat' dir='ltr'>deliberaveramus</span> 
     </span>
     <span class='ocr_line' id='line_1_9' title="bbox 3 1341 1187 1425; baseline 0.005 -22"><span class='ocrx_word' id='word_1_66' title='bbox 3 1343 5 1362; x_wconf 77' lang='lat'><em>‘</em></span> <span class='ocrx_word' id='word_1_67' title='bbox 68 1345 225 1420; x_wconf 82' lang='lat' dir='ltr'>expectare</span> <span class='ocrx_word' id='word_1_68' title='bbox 240 1361 343 1424; x_wconf 91' lang='lat' dir='ltr'>usque</span> <span class='ocrx_word' id='word_1_69' title='bbox 360 1341 445 1406; x_wconf 89' lang='lat' dir='ltr'>diem</span> <span class='ocrx_word' id='word_1_70' title='bbox 470 1341 575 1424; x_wconf 83' lang='lat' dir='ltr'>Lune,</span> <span class='ocrx_word' id='word_1_71' title='bbox 591 1347 623 1406; x_wconf 89' lang='lat' dir='ltr'>et</span> <span class='ocrx_word' id='word_1_72' title='bbox 640 1341 726 1425; x_wconf 89' lang='lat' dir='ltr'>quod</span> <span class='ocrx_word' id='word_1_73' title='bbox 742 1347 857 1425; x_wconf 86' lang='lat' dir='ltr'>postea</span> <span class='ocrx_word' id='word_1_74' title='bbox 882 1341 1123 1409; x_wconf 89' lang='lat' dir='ltr'>notificaremus</span> <span class='ocrx_word' id='word_1_75' title='bbox 1140 1345 1187 1409; x_wconf 88' lang='lat' dir='ltr'>eis</span> 
     </span>
     <span class='ocr_line' id='line_1_10' title="bbox 68 1447 1186 1534; baseline 0.007 -24.56"><span class='ocrx_word' id='word_1_76' title='bbox 68 1448 267 1514; x_wconf 88' lang='lat' dir='ltr'>intentionem</span> <span class='ocrx_word' id='word_1_77' title='bbox 294 1455 448 1514; x_wconf 89' lang='lat' dir='ltr'>nostram.</span> <span class='ocrx_word' id='word_1_78' title='bbox 476 1447 640 1515; x_wconf 86' lang='lat' dir='ltr'>Sentimus</span> <span class='ocrx_word' id='word_1_79' title='bbox 664 1451 764 1515; x_wconf 90' lang='lat' dir='ltr'>etiam</span> <span class='ocrx_word' id='word_1_80' title='bbox 787 1450 924 1530; x_wconf 83' lang='lat' dir='ltr'>aliunde,</span> <span class='ocrx_word' id='word_1_81' title='bbox 942 1449 1029 1534; x_wconf 92' lang='lat' dir='ltr'>quod</span> <span class='ocrx_word' id='word_1_82' title='bbox 1046 1451 1186 1517; x_wconf 90' lang='lat' dir='ltr'>intentio</span> 
     </span>
     <span class='ocr_line' id='line_1_11' title="bbox 3 1529 1186 1642; baseline 0.007 -25"><span class='ocrx_word' id='word_1_83' title='bbox 3 1529 5 1636; x_wconf 70' lang='grc' dir='ltr'>ξ</span> <span class='ocrx_word' id='word_1_84' title='bbox 67 1553 173 1620; x_wconf 90' lang='lat' dir='ltr'>domiui</span> <span class='ocrx_word' id='word_1_85' title='bbox 198 1554 300 1640; x_wconf 83' lang='lat' dir='ltr'>Regis</span> <span class='ocrx_word' id='word_1_86' title='bbox 327 1562 410 1638; x_wconf 87' lang='lat' dir='ltr'>erat,</span> <span class='ocrx_word' id='word_1_87' title='bbox 435 1556 524 1640; x_wconf 89' lang='lat' dir='ltr'>quod</span> <span class='ocrx_word' id='word_1_88' title='bbox 549 1558 575 1621; x_wconf 95' lang='lat' dir='ltr'>si</span> <span class='ocrx_word' id='word_1_89' title='bbox 603 1579 667 1641; x_wconf 87' lang='lat' dir='ltr'>pax</span> <span class='ocrx_word' id='word_1_90' title='bbox 692 1563 856 1642; x_wconf 87' lang='lat' dir='ltr'>sequetur,</span> <span class='ocrx_word' id='word_1_91' title='bbox 882 1558 969 1642; x_wconf 90' lang='lat' dir='ltr'>quod</span> <span class='ocrx_word' id='word_1_92' title='bbox 996 1580 1107 1625; x_wconf 91' lang='lat' dir='ltr'>omnes</span> <span class='ocrx_word' id='word_1_93' title='bbox 1124 1560 1186 1625; x_wconf 91' lang='lat' dir='ltr'>iste</span> 
     </span>
     <span class='ocr_line' id='line_1_12' title="bbox 65 1663 1185 1750; baseline 0.005 -22.685"><span class='ocrx_word' id='word_1_94' title='bbox 65 1669 165 1744; x_wconf 84' lang='lat' dir='ltr'>gentes</span> <span class='ocrx_word' id='word_1_95' title='bbox 189 1669 359 1729; x_wconf 88' lang='lat' dir='ltr'>transeant</span> <span class='ocrx_word' id='word_1_96' title='bbox 385 1665 418 1728; x_wconf 90' lang='lat' dir='ltr'>in</span> <span class='ocrx_word' id='word_1_97' title='bbox 443 1663 601 1748; x_wconf 85' lang='lat' dir='ltr'>Apuliam</span> <span class='ocrx_word' id='word_1_98' title='bbox 626 1687 699 1730; x_wconf 91' lang='lat' dir='ltr'>cum</span> <span class='ocrx_word' id='word_1_99' title='bbox 724 1664 856 1732; x_wconf 92' lang='lat' dir='ltr'>domino</span> <span class='ocrx_word' id='word_1_100' title='bbox 883 1665 1027 1746; x_wconf 88' lang='lat' dir='ltr'>Karolo;</span> <span class='ocrx_word' id='word_1_101' title='bbox 1053 1667 1185 1750; x_wconf 87' lang='lat' dir='ltr'>quando</span> 
     </span>
     <span class='ocr_line' id='line_1_13' title="bbox 65 1770 1186 1860; baseline 0.007 -27.581"><span class='ocrx_word' id='word_1_102' title='bbox 65 1776 163 1836; x_wconf 84' lang='lat' dir='ltr'>autem</span> <span class='ocrx_word' id='word_1_103' title='bbox 177 1770 239 1837; x_wconf 90' lang='lat' dir='ltr'>hoc</span> <span class='ocrx_word' id='word_1_104' title='bbox 254 1793 319 1838; x_wconf 91' lang='lat' dir='ltr'>non</span> <span class='ocrx_word' id='word_1_105' title='bbox 337 1778 432 1854; x_wconf 89' lang='lat' dir='ltr'>esset,</span> <span class='ocrx_word' id='word_1_106' title='bbox 448 1771 598 1838; x_wconf 90' lang='lat' dir='ltr'>dominus</span> <span class='ocrx_word' id='word_1_107' title='bbox 623 1771 767 1839; x_wconf 88' lang='lat' dir='ltr'>Karolus</span> <span class='ocrx_word' id='word_1_108' title='bbox 784 1772 845 1838; x_wconf 91' lang='lat' dir='ltr'>ibit</span> <span class='ocrx_word' id='word_1_109' title='bbox 860 1795 931 1838; x_wconf 89' lang='lat' dir='ltr'>cnm</span> <span class='ocrx_word' id='word_1_110' title='bbox 953 1775 1090 1840; x_wconf 89' lang='lat' dir='ltr'>modieis</span> <span class='ocrx_word' id='word_1_111' title='bbox 1109 1797 1186 1860; x_wconf 90' lang='lat' dir='ltr'>gen·</span> 
     </span>
     <span class='ocr_line' id='line_1_14' title="bbox 3 1877 1183 1967; baseline 0.006 -26"><span class='ocrx_word' id='word_1_112' title='bbox 3 1889 5 1960; x_wconf 69' lang='grc' dir='ltr'><strong><em>ζ</em></strong></span> <span class='ocrx_word' id='word_1_113' title='bbox 65 1877 152 1958; x_wconf 80' lang='lat' dir='ltr'>tibure,</span> <span class='ocrx_word' id='word_1_114' title='bbox 175 1880 327 1946; x_wconf 89' lang='lat' dir='ltr'>videlicet</span> <span class='ocrx_word' id='word_1_115' title='bbox 352 1901 425 1947; x_wconf 91' lang='lat' dir='ltr'>cum</span> <span class='ocrx_word' id='word_1_116' title='bbox 450 1883 604 1948; x_wconf 77' lang='lat' dir='ltr'>comitiva</span> <span class='ocrx_word' id='word_1_117' title='bbox 629 1903 704 1960; x_wconf 89' lang='lat' dir='ltr'>sua;</span> <span class='ocrx_word' id='word_1_118' title='bbox 729 1887 762 1945; x_wconf 90' lang='lat' dir='ltr'>et</span> <span class='ocrx_word' id='word_1_119' title='bbox 786 1881 874 1965; x_wconf 91' lang='lat' dir='ltr'>quod</span> <span class='ocrx_word' id='word_1_120' title='bbox 899 1880 962 1947; x_wconf 89' lang='lat' dir='ltr'>iste</span> <span class='ocrx_word' id='word_1_121' title='bbox 989 1883 1053 1948; x_wconf 90' lang='lat' dir='ltr'>alie</span> <span class='ocrx_word' id='word_1_122' title='bbox 1070 1889 1183 1967; x_wconf 77' lang='lat' dir='ltr'>gentes</span> 
     </span>
     <span class='ocr_line' id='line_1_15' title="bbox 3 1986 1229 2084; baseline 0.005 -36"><span class='ocrx_word' id='word_1_123' title='bbox 3 1989 6 2084; x_wconf 70' lang='grc' dir='ltr'><em>ζ</em></span> <span class='ocrx_word' id='word_1_124' title='bbox 64 1986 227 2052; x_wconf 86' lang='lat' dir='ltr'>intendunt</span> <span class='ocrx_word' id='word_1_125' title='bbox 243 1987 350 2054; x_wconf 84' lang='lat' dir='ltr'>facere</span> <span class='ocrx_word' id='word_1_126' title='bbox 369 1986 508 2054; x_wconf 84' lang='lat' dir='ltr'>beatitas</span> <span class='ocrx_word' id='word_1_127' title='bbox 525 2009 624 2072; x_wconf 90' lang='lat' dir='ltr'>super</span> <span class='ocrx_word' id='word_1_128' title='bbox 644 1987 793 2069; x_wconf 87' lang='lat' dir='ltr'>Silecem,</span> <span class='ocrx_word' id='word_1_129' title='bbox 811 1992 842 2054; x_wconf 89' lang='lat' dir='ltr'>et</span> <span class='ocrx_word' id='word_1_130' title='bbox 859 2011 958 2056; x_wconf 90' lang='lat' dir='ltr'>unam</span> <span class='ocrx_word' id='word_1_131' title='bbox 975 1998 1051 2056; x_wconf 88' lang='lat' dir='ltr'>ante</span> <span class='ocrx_word' id='word_1_132' title='bbox 1071 1990 1182 2056; x_wconf 80' lang='lat' dir='ltr'>Tarvi·</span> <span class='ocrx_word' id='word_1_133' title='bbox 1225 2005 1229 2011; x_wconf 87' lang='lat'>&#39;</span> 
     </span>
     <span class='ocr_line' id='line_1_16' title="bbox 3 2094 1181 2181; baseline 0.007 -25"><span class='ocrx_word' id='word_1_134' title='bbox 3 2101 6 2174; x_wconf 68' lang='lat' dir='ltr'>t</span> <span class='ocrx_word' id='word_1_135' title='bbox 64 2095 138 2157; x_wconf 80' lang='lat' dir='ltr'>sinn]</span> <span class='ocrx_word' id='word_1_136' title='bbox 153 2095 194 2160; x_wconf 89' lang='lat' dir='ltr'>ad</span> <span class='ocrx_word' id='word_1_137' title='bbox 209 2094 411 2161; x_wconf 89' lang='lat' dir='ltr'>obsidionem</span> <span class='ocrx_word' id='word_1_138' title='bbox 422 2097 499 2181; x_wconf 84' lang='lat' dir='ltr'>ejus,</span> <span class='ocrx_word' id='word_1_139' title='bbox 514 2103 549 2162; x_wconf 91' lang='lat' dir='ltr'>et</span> <span class='ocrx_word' id='word_1_140' title='bbox 565 2101 652 2162; x_wconf 88' lang='lat' dir='ltr'>stare</span> <span class='ocrx_word' id='word_1_141' title='bbox 668 2097 815 2162; x_wconf 83' lang='lat' dir='ltr'>totuista</span> <span class='ocrx_word' id='word_1_142' title='bbox 825 2117 925 2180; x_wconf 86' lang='lat' dir='ltr'>yeme.</span> <span class='ocrx_word' id='word_1_143' title='bbox 942 2096 1015 2181; x_wconf 78' lang='lat' dir='ltr'>Qua</span> <span class='ocrx_word' id='word_1_144' title='bbox 1026 2094 1181 2164; x_wconf 88' lang='lat' dir='ltr'>Dominio</span> 
     </span>
     <span class='ocr_line' id='line_1_17' title="bbox 3 2197 1183 2290; baseline 0.006 -26"><span class='ocrx_word' id='word_1_145' title='bbox 3 2203 5 2290; x_wconf 73' lang='lat' dir='ltr'>t</span> <span class='ocrx_word' id='word_1_146' title='bbox 64 2197 173 2268; x_wconf 84' lang='lat' dir='ltr'>Vestro</span> <span class='ocrx_word' id='word_1_147' title='bbox 189 2211 267 2270; x_wconf 90' lang='lat' dir='ltr'>nota</span> <span class='ocrx_word' id='word_1_148' title='bbox 288 2203 435 2286; x_wconf 85' lang='lat' dir='ltr'>facimus,</span> <span class='ocrx_word' id='word_1_149' title='bbox 460 2210 498 2269; x_wconf 91' lang='lat' dir='ltr'>ut</span> <span class='ocrx_word' id='word_1_150' title='bbox 526 2203 722 2289; x_wconf 79' lang='lat' dir='ltr'>provideant</span> <span class='ocrx_word' id='word_1_151' title='bbox 736 2211 804 2270; x_wconf 86' lang='lat' dir='ltr'>tam</span> <span class='ocrx_word' id='word_1_152' title='bbox 821 2203 861 2271; x_wconf 90' lang='lat' dir='ltr'>de</span> <span class='ocrx_word' id='word_1_153' title='bbox 877 2207 1027 2289; x_wconf 89' lang='lat' dir='ltr'>personis</span> <span class='ocrx_word' id='word_1_154' title='bbox 1051 2208 1183 2288; x_wconf 86' lang='lat' dir='ltr'>nostris,</span> 
     </span>
     <span class='ocr_line' id='line_1_18' title="bbox 3 2301 1090 2396; baseline 0.004 -21"><span class='ocrx_word' id='word_1_155' title='bbox 3 2301 5 2336; x_wconf 84' lang='lat'><strong>¹</strong></span> <span class='ocrx_word' id='word_1_156' title='bbox 64 2331 152 2392; x_wconf 86' lang='lat' dir='ltr'>quam</span> <span class='ocrx_word' id='word_1_157' title='bbox 167 2311 205 2379; x_wconf 89' lang='lat' dir='ltr'>do</span> <span class='ocrx_word' id='word_1_158' title='bbox 220 2311 317 2379; x_wconf 87' lang='lat' dir='ltr'>factis</span> <span class='ocrx_word' id='word_1_159' title='bbox 333 2311 409 2377; x_wconf 88' lang='lat' dir='ltr'>suis.</span> <span class='ocrx_word' id='word_1_160' title='bbox 426 2308 527 2377; x_wconf 81' lang='lat' dir='ltr'>Sacili</span> <span class='ocrx_word' id='word_1_161' title='bbox 543 2311 623 2380; x_wconf 90' lang='lat' dir='ltr'>VII.</span> <span class='ocrx_word' id='word_1_162' title='bbox 639 2310 786 2396; x_wconf 85' lang='lat' dir='ltr'>Augusti</span> <span class='ocrx_word' id='word_1_163' title='bbox 802 2313 885 2380; x_wconf 87' lang='lat' dir='ltr'>hora</span> <span class='ocrx_word' id='word_1_164' title='bbox 900 2315 1003 2381; x_wconf 89' lang='lat' dir='ltr'>tercia</span> <span class='ocrx_word' id='word_1_165' title='bbox 1019 2314 1090 2380; x_wconf 91' lang='lat' dir='ltr'>diei.</span> 
     </span>
    </p>
   </div>
   <div class='ocr_carea' id='block_1_3' title="bbox 197 2508 1036 2595">
    <p class='ocr_par' dir='ltr' id='par_1_5' title="bbox 197 2508 1036 2595">
     <span class='ocr_line' id='line_1_19' title="bbox 197 2508 1036 2595; baseline 0.002 -19"><span class='ocrx_word' id='word_1_166' title='bbox 197 2511 231 2595; x_wconf 87' lang='lat'>3)</span> <span class='ocrx_word' id='word_1_167' title='bbox 254 2513 288 2576; x_wconf 85' lang='lat' dir='ltr'><strong>A</strong></span> <span class='ocrx_word' id='word_1_168' title='bbox 312 2508 543 2574; x_wconf 84' lang='lat' dir='ltr'>velencnei</span> <span class='ocrx_word' id='word_1_169' title='bbox 567 2509 768 2593; x_wconf 84' lang='lat' dir='ltr'>degenek</span> <span class='ocrx_word' id='word_1_170' title='bbox 792 2533 812 2577; x_wconf 85' lang='lat' dir='ltr'>a</span> <span class='ocrx_word' id='word_1_171' title='bbox 835 2511 1036 2578; x_wconf 77' lang='lat' dir='ltr'>kbvetelr.</span> 
     </span>
    </p>
   </div>
   <div class='ocr_carea' id='block_1_4' title="bbox 3 2633 1182 4236">
    <p class='ocr_par' dir='ltr' id='par_1_6' title="bbox 61 2633 1182 2938">
     <span class='ocr_line' id='line_1_20' title="bbox 158 2633 1181 2706; baseline 0.006 -6"><span class='ocrx_word' id='word_1_172' title='bbox 158 2633 440 2700; x_wconf 85' lang='lat' dir='ltr'>Excellentissimc</span> <span class='ocrx_word' id='word_1_173' title='bbox 457 2633 596 2700; x_wconf 89' lang='lat' dir='ltr'>Domine</span> <span class='ocrx_word' id='word_1_174' title='bbox 611 2641 729 2702; x_wconf 86' lang='lat' dir='ltr'>noster.</span> <span class='ocrx_word' id='word_1_175' title='bbox 760 2637 905 2704; x_wconf 84' lang='lat' dir='ltr'>Litteras</span> <span class='ocrx_word' id='word_1_176' title='bbox 922 2635 1041 2706; x_wconf 87' lang='lat' dir='ltr'>Vestre</span> <span class='ocrx_word' id='word_1_177' title='bbox 1053 2637 1181 2706; x_wconf 87' lang='lat' dir='ltr'>Sereni-</span> 
     </span>
     <span class='ocr_line' id='line_1_21' title="bbox 62 2743 1182 2830; baseline 0.01 -26"><span class='ocrx_word' id='word_1_178' title='bbox 62 2744 130 2808; x_wconf 85' lang='lat' dir='ltr'>tatis</span> <span class='ocrx_word' id='word_1_179' title='bbox 145 2744 238 2808; x_wconf 88' lang='lat' dir='ltr'>datas</span> <span class='ocrx_word' id='word_1_180' title='bbox 254 2747 346 2808; x_wconf 84' lang='lat' dir='ltr'>sento</span> <span class='ocrx_word' id='word_1_181' title='bbox 363 2743 484 2808; x_wconf 89' lang='lat' dir='ltr'>mensis</span> <span class='ocrx_word' id='word_1_182' title='bbox 500 2746 719 2828; x_wconf 71' lang='lat' dir='ltr'>presentiam</span> <span class='ocrx_word' id='word_1_183' title='bbox 736 2745 855 2828; x_wconf 92' lang='lat' dir='ltr'>quibus</span> <span class='ocrx_word' id='word_1_184' title='bbox 870 2747 1099 2830; x_wconf 88' lang='lat' dir='ltr'>principaliter</span> <span class='ocrx_word' id='word_1_185' title='bbox 1108 2770 1182 2815; x_wconf 90' lang='lat' dir='ltr'>con·</span> 
     </span>
     <span class='ocr_line' id='line_1_22' title="bbox 61 2851 1181 2938; baseline 0.008 -26"><span class='ocrx_word' id='word_1_186' title='bbox 61 2851 168 2918; x_wconf 86' lang='lat' dir='ltr'>tinetur</span> <span class='ocrx_word' id='word_1_187' title='bbox 185 2875 269 2919; x_wconf 88' lang='lat' dir='ltr'>vana</span> <span class='ocrx_word' id='word_1_188' title='bbox 285 2854 479 2937; x_wconf 87' lang='lat' dir='ltr'>apparentia</span> <span class='ocrx_word' id='word_1_189' title='bbox 493 2853 582 2919; x_wconf 87' lang='lat' dir='ltr'>facta</span> <span class='ocrx_word' id='word_1_190' title='bbox 598 2876 657 2938; x_wconf 91' lang='lat' dir='ltr'>per</span> <span class='ocrx_word' id='word_1_191' title='bbox 673 2854 786 2920; x_wconf 88' lang='lat' dir='ltr'>hostes</span> <span class='ocrx_word' id='word_1_192' title='bbox 802 2853 1044 2922; x_wconf 88' lang='lat' dir='ltr'>Dominationis</span> <span class='ocrx_word' id='word_1_193' title='bbox 1061 2856 1181 2926; x_wconf 84' lang='lat' dir='ltr'>Vestro</span> 
     </span>
    </p>

    <p class='ocr_par' dir='ltr' id='par_1_7' title="bbox 3 2959 1181 4236">
     <span class='ocr_line' id='line_1_23' title="bbox 3 2959 1180 3047; baseline 0.009 -27"><span class='ocrx_word' id='word_1_194' title='bbox 3 2993 4 2996; x_wconf 61' lang='lat'><em>=</em></span> <span class='ocrx_word' id='word_1_195' title='bbox 62 2979 147 3042; x_wconf 81' lang='lat' dir='ltr'>supra</span> <span class='ocrx_word' id='word_1_196' title='bbox 163 2968 293 3045; x_wconf 89' lang='lat' dir='ltr'>portum</span> <span class='ocrx_word' id='word_1_197' title='bbox 311 2959 426 3027; x_wconf 84' lang='lat' dir='ltr'>Sancti</span> <span class='ocrx_word' id='word_1_198' title='bbox 441 2959 573 3027; x_wconf 89' lang='lat' dir='ltr'>Nicolai</span> <span class='ocrx_word' id='word_1_199' title='bbox 584 2968 617 3026; x_wconf 89' lang='lat' dir='ltr'>et</span> <span class='ocrx_word' id='word_1_200' title='bbox 627 2963 660 3026; x_wconf 94' lang='lat' dir='ltr'>in</span> <span class='ocrx_word' id='word_1_201' title='bbox 670 2963 818 3047; x_wconf 88' lang='lat' dir='ltr'>partibus</span> <span class='ocrx_word' id='word_1_202' title='bbox 835 2964 1068 3046; x_wconf 89' lang='lat' dir='ltr'>Mathemauci,</span> <span class='ocrx_word' id='word_1_203' title='bbox 1084 2965 1180 3031; x_wconf 92' lang='lat' dir='ltr'>hodie</span> 
     </span>
     <span class='ocr_line' id='line_1_24' title="bbox 60 3064 1180 3154; baseline 0.008 -25"><span class='ocrx_word' id='word_1_204' title='bbox 60 3064 130 3133; x_wconf 87' lang='lat' dir='ltr'>lora</span> <span class='ocrx_word' id='word_1_205' title='bbox 152 3067 295 3135; x_wconf 87' lang='lat' dir='ltr'>XXIII.</span> <span class='ocrx_word' id='word_1_206' title='bbox 322 3068 514 3154; x_wconf 89' lang='lat' dir='ltr'>recepimus,</span> <span class='ocrx_word' id='word_1_207' title='bbox 539 3073 679 3136; x_wconf 86' lang='lat' dir='ltr'>maxime</span> <span class='ocrx_word' id='word_1_208' title='bbox 695 3070 876 3154; x_wconf 85' lang='lat' dir='ltr'>gaudentes</span> <span class='ocrx_word' id='word_1_209' title='bbox 902 3073 943 3137; x_wconf 90' lang='lat' dir='ltr'>de</span> <span class='ocrx_word' id='word_1_210' title='bbox 968 3076 1129 3138; x_wconf 89' lang='lat' dir='ltr'>contentis</span> <span class='ocrx_word' id='word_1_211' title='bbox 1145 3076 1180 3138; x_wconf 91' lang='lat' dir='ltr'>in</span> 
     </span>
     <span class='ocr_line' id='line_1_25' title="bbox 59 3172 1181 3265; baseline 0.01 -30"><span class='ocrx_word' id='word_1_212' title='bbox 59 3172 122 3240; x_wconf 88' lang='lat' dir='ltr'>illis.</span> <span class='ocrx_word' id='word_1_213' title='bbox 137 3179 224 3244; x_wconf 90' lang='lat' dir='ltr'>Nam</span> <span class='ocrx_word' id='word_1_214' title='bbox 240 3179 465 3262; x_wconf 81' lang='lat' dir='ltr'>cognoscimus</span> <span class='ocrx_word' id='word_1_215' title='bbox 482 3178 648 3246; x_wconf 86' lang='lat' dir='ltr'>dexteram</span> <span class='ocrx_word' id='word_1_216' title='bbox 666 3178 729 3244; x_wconf 91' lang='lat' dir='ltr'>Dei</span> <span class='ocrx_word' id='word_1_217' title='bbox 742 3181 1002 3263; x_wconf 89' lang='lat' dir='ltr'>potentissimam</span> <span class='ocrx_word' id='word_1_218' title='bbox 1020 3180 1063 3245; x_wconf 92' lang='lat' dir='ltr'>ad</span> <span class='ocrx_word' id='word_1_219' title='bbox 1078 3184 1181 3265; x_wconf 90' lang='lat' dir='ltr'>repri-</span> 
     </span>
     <span class='ocr_line' id='line_1_26' title="bbox 60 3285 1179 3371; baseline 0.009 -27"><span class='ocrx_word' id='word_1_220' title='bbox 60 3285 197 3352; x_wconf 85' lang='lat' dir='ltr'>mendam</span> <span class='ocrx_word' id='word_1_221' title='bbox 221 3289 366 3370; x_wconf 90' lang='lat' dir='ltr'>ipsorum</span> <span class='ocrx_word' id='word_1_222' title='bbox 392 3286 586 3370; x_wconf 90' lang='lat' dir='ltr'>superbiam,</span> <span class='ocrx_word' id='word_1_223' title='bbox 603 3293 636 3352; x_wconf 88' lang='lat' dir='ltr'>et</span> <span class='ocrx_word' id='word_1_224' title='bbox 653 3287 695 3352; x_wconf 93' lang='lat' dir='ltr'>ad</span> <span class='ocrx_word' id='word_1_225' title='bbox 716 3288 930 3371; x_wconf 89' lang='lat' dir='ltr'>prestandam</span> <span class='ocrx_word' id='word_1_226' title='bbox 955 3288 1179 3355; x_wconf 88' lang='lat' dir='ltr'>Dominationi</span> 
     </span>
     <span class='ocr_line' id='line_1_27' title="bbox 59 3386 1180 3480; baseline 0.008 -27"><span class='ocrx_word' id='word_1_227' title='bbox 59 3386 166 3458; x_wconf 74' lang='lat' dir='ltr'>Vestra</span> <span class='ocrx_word' id='word_1_228' title='bbox 183 3395 326 3478; x_wconf 85' lang='lat' dir='ltr'>amplam</span> <span class='ocrx_word' id='word_1_229' title='bbox 341 3395 520 3478; x_wconf 89' lang='lat' dir='ltr'>potentiam</span> <span class='ocrx_word' id='word_1_230' title='bbox 533 3395 576 3460; x_wconf 90' lang='lat' dir='ltr'>ad</span> <span class='ocrx_word' id='word_1_231' title='bbox 585 3395 803 3461; x_wconf 87' lang='lat' dir='ltr'>resistendum</span> <span class='ocrx_word' id='word_1_232' title='bbox 813 3397 981 3480; x_wconf 90' lang='lat' dir='ltr'>proposito</span> <span class='ocrx_word' id='word_1_233' title='bbox 998 3415 1064 3478; x_wconf 91' lang='lat' dir='ltr'>suo,</span> <span class='ocrx_word' id='word_1_234' title='bbox 1080 3397 1180 3462; x_wconf 88' lang='lat' dir='ltr'>etiam</span> 
     </span>
     <span class='ocr_line' id='line_1_28' title="bbox 59 3499 1179 3588; baseline 0.009 -28"><span class='ocrx_word' id='word_1_235' title='bbox 59 3499 80 3560; x_wconf 88' lang='lat' dir='ltr'>si</span> <span class='ocrx_word' id='word_1_236' title='bbox 95 3504 342 3569; x_wconf 85' lang='lat' dir='ltr'>ostentationem</span> <span class='ocrx_word' id='word_1_237' title='bbox 367 3503 546 3573; x_wconf 81' lang='lat' dir='ltr'>voluissent</span> <span class='ocrx_word' id='word_1_238' title='bbox 572 3504 622 3568; x_wconf 91' lang='lat' dir='ltr'>vel</span> <span class='ocrx_word' id='word_1_239' title='bbox 647 3503 767 3570; x_wconf 89' lang='lat' dir='ltr'>vellent</span> <span class='ocrx_word' id='word_1_240' title='bbox 792 3506 825 3568; x_wconf 90' lang='lat' dir='ltr'>in</span> <span class='ocrx_word' id='word_1_241' title='bbox 858 3510 968 3570; x_wconf 90' lang='lat' dir='ltr'>aetum</span> <span class='ocrx_word' id='word_1_242' title='bbox 993 3505 1179 3588; x_wconf 91' lang='lat' dir='ltr'>producere.</span> 
     </span>
     <span class='ocr_line' id='line_1_29' title="bbox 58 3603 1179 3699; baseline 0.008 -30"><span class='ocrx_word' id='word_1_243' title='bbox 58 3603 275 3693; x_wconf 87' lang='lat' dir='ltr'>Supplicamus</span> <span class='ocrx_word' id='word_1_244' title='bbox 301 3611 469 3699; x_wconf 78' lang='lat' dir='ltr'>humiliter</span> <span class='ocrx_word' id='word_1_245' title='bbox 493 3611 645 3678; x_wconf 79' lang='lat' dir='ltr'>Creatori</span> <span class='ocrx_word' id='word_1_246' title='bbox 671 3618 794 3694; x_wconf 87' lang='lat' dir='ltr'>nostro,</span> <span class='ocrx_word' id='word_1_247' title='bbox 817 3619 854 3678; x_wconf 93' lang='lat' dir='ltr'>ut</span> <span class='ocrx_word' id='word_1_248' title='bbox 875 3613 1039 3697; x_wconf 86' lang='lat' dir='ltr'>justitiam</span> <span class='ocrx_word' id='word_1_249' title='bbox 1055 3612 1179 3679; x_wconf 87' lang='lat' dir='ltr'>Vestre</span> 
     </span>
     <span class='ocr_line' id='line_1_30' title="bbox 58 3713 1179 3805; baseline 0.006 -27"><span class='ocrx_word' id='word_1_250' title='bbox 58 3713 241 3784; x_wconf 85' lang='lat' dir='ltr'>Serenitatis</span> <span class='ocrx_word' id='word_1_251' title='bbox 251 3719 362 3783; x_wconf 83' lang='lat' dir='ltr'>foveat</span> <span class='ocrx_word' id='word_1_252' title='bbox 377 3725 410 3783; x_wconf 90' lang='lat' dir='ltr'>et</span> <span class='ocrx_word' id='word_1_253' title='bbox 425 3726 601 3785; x_wconf 89' lang='lat' dir='ltr'>conservet.</span> <span class='ocrx_word' id='word_1_254' title='bbox 612 3720 761 3787; x_wconf 86' lang='lat' dir='ltr'>Litteras</span> <span class='ocrx_word' id='word_1_255' title='bbox 771 3720 927 3805; x_wconf 89' lang='lat' dir='ltr'>alligatas</span> <span class='ocrx_word' id='word_1_256' title='bbox 937 3724 1068 3803; x_wconf 88' lang='lat' dir='ltr'>nostris,</span> <span class='ocrx_word' id='word_1_257' title='bbox 1080 3743 1179 3805; x_wconf 88' lang='lat' dir='ltr'>quam</span> 
     </span>
     <span class='ocr_line' id='line_1_31' title="bbox 59 3822 1179 3913; baseline 0.009 -29"><span class='ocrx_word' id='word_1_258' title='bbox 59 3822 143 3890; x_wconf 86' lang='lat' dir='ltr'>citius</span> <span class='ocrx_word' id='word_1_259' title='bbox 159 3833 191 3892; x_wconf 91' lang='lat' dir='ltr'>et</span> <span class='ocrx_word' id='word_1_260' title='bbox 209 3849 310 3910; x_wconf 87' lang='lat' dir='ltr'>quarn</span> <span class='ocrx_word' id='word_1_261' title='bbox 335 3826 439 3910; x_wconf 86' lang='lat' dir='ltr'>magis</span> <span class='ocrx_word' id='word_1_262' title='bbox 465 3833 560 3894; x_wconf 90' lang='lat' dir='ltr'>caute</span> <span class='ocrx_word' id='word_1_263' title='bbox 576 3834 610 3893; x_wconf 89' lang='lat' dir='ltr'>et</span> <span class='ocrx_word' id='word_1_264' title='bbox 627 3835 748 3894; x_wconf 85' lang='lat' dir='ltr'>secrete</span> <span class='ocrx_word' id='word_1_265' title='bbox 774 3831 963 3913; x_wconf 90' lang='lat' dir='ltr'>poterimus,</span> <span class='ocrx_word' id='word_1_266' title='bbox 979 3830 1179 3895; x_wconf 89' lang='lat' dir='ltr'>transmitte·</span> 
     </span>
     <span class='ocr_line' id='line_1_32' title="bbox 3 3935 1180 4050; baseline 0.006 -57"><span class='ocrx_word' id='word_1_267' title='bbox 3 3937 6 4050; x_wconf 55' lang='grc' dir='ltr'>ἰ</span> <span class='ocrx_word' id='word_1_268' title='bbox 58 3949 118 3996; x_wconf 92' lang='lat' dir='ltr'>mus</span> <span class='ocrx_word' id='word_1_269' title='bbox 141 3935 317 4001; x_wconf 87' lang='lat' dir='ltr'>seeundum</span> <span class='ocrx_word' id='word_1_270' title='bbox 343 3935 535 4000; x_wconf 88' lang='lat' dir='ltr'>mandatum</span> <span class='ocrx_word' id='word_1_271' title='bbox 565 3935 809 4003; x_wconf 88' lang='lat' dir='ltr'>Dominationis</span> <span class='ocrx_word' id='word_1_272' title='bbox 842 3936 972 4006; x_wconf 85' lang='lat' dir='ltr'>Vestro.</span> <span class='ocrx_word' id='word_1_273' title='bbox 1003 3936 1180 4017; x_wconf 83' lang='lat' dir='ltr'>Sensimus,</span> 
     </span>
     <span class='ocr_line' id='line_1_33' title="bbox 3 4041 1178 4144; baseline 0.003 -41"><span class='ocrx_word' id='word_1_274' title='bbox 3 4065 6 4144; x_wconf 57' lang='lat' dir='ltr'>p</span> <span class='ocrx_word' id='word_1_275' title='bbox 58 4041 134 4119; x_wconf 90' lang='lat' dir='ltr'>quod</span> <span class='ocrx_word' id='word_1_276' title='bbox 148 4041 246 4108; x_wconf 91' lang='lat' dir='ltr'>hodie</span> <span class='ocrx_word' id='word_1_277' title='bbox 263 4042 413 4108; x_wconf 90' lang='lat' dir='ltr'>domiuus</span> <span class='ocrx_word' id='word_1_278' title='bbox 438 4041 583 4109; x_wconf 88' lang='lat' dir='ltr'>Karolns</span> <span class='ocrx_word' id='word_1_279' title='bbox 612 4043 709 4110; x_wconf 91' lang='lat' dir='ltr'>debet</span> <span class='ocrx_word' id='word_1_280' title='bbox 723 4051 917 4129; x_wconf 88' lang='lat' dir='ltr'>pernoctare</span> <span class='ocrx_word' id='word_1_281' title='bbox 934 4047 967 4111; x_wconf 95' lang='lat' dir='ltr'>in</span> <span class='ocrx_word' id='word_1_282' title='bbox 984 4044 1128 4125; x_wconf 82' lang='lat' dir='ltr'>Goricia,</span> <span class='ocrx_word' id='word_1_283' title='bbox 1145 4049 1178 4108; x_wconf 89' lang='lat' dir='ltr'>et</span> 
     </span>
     <span class='ocr_line' id='line_1_34' title="bbox 3 4145 1178 4236; baseline 0.007 -26"><span class='ocrx_word' id='word_1_284' title='bbox 3 4145 5 4232; x_wconf 63' lang='grc' dir='ltr'>Ι</span> <span class='ocrx_word' id='word_1_285' title='bbox 58 4149 134 4227; x_wconf 88' lang='lat' dir='ltr'>quod</span> <span class='ocrx_word' id='word_1_286' title='bbox 149 4171 221 4215; x_wconf 87' lang='lat' dir='ltr'>oras</span> <span class='ocrx_word' id='word_1_287' title='bbox 238 4153 301 4216; x_wconf 89' lang='lat' dir='ltr'>erit</span> <span class='ocrx_word' id='word_1_288' title='bbox 316 4151 351 4215; x_wconf 92' lang='lat' dir='ltr'>in</span> <span class='ocrx_word' id='word_1_289' title='bbox 367 4149 479 4232; x_wconf 86' lang='lat' dir='ltr'>Utine,</span> <span class='ocrx_word' id='word_1_290' title='bbox 496 4155 529 4215; x_wconf 86' lang='lat' dir='ltr'>et</span> <span class='ocrx_word' id='word_1_291' title='bbox 544 4157 580 4216; x_wconf 89' lang='lat' dir='ltr'>ut</span> <span class='ocrx_word' id='word_1_292' title='bbox 597 4151 643 4216; x_wconf 91' lang='lat' dir='ltr'>ibi</span> <span class='ocrx_word' id='word_1_293' title='bbox 660 4151 788 4234; x_wconf 89' lang='lat' dir='ltr'>dicitur,</span> <span class='ocrx_word' id='word_1_294' title='bbox 815 4152 911 4218; x_wconf 89' lang='lat' dir='ltr'>debet</span> <span class='ocrx_word' id='word_1_295' title='bbox 926 4155 972 4218; x_wconf 92' lang='lat' dir='ltr'>ibi</span> <span class='ocrx_word' id='word_1_296' title='bbox 986 4174 1056 4218; x_wconf 89' lang='lat' dir='ltr'>esse</span> <span class='ocrx_word' id='word_1_297' title='bbox 1072 4153 1178 4236; x_wconf 88' lang='lat' dir='ltr'>parla-</span> 
     </span>
    </p>
   </div>
   <div class='ocr_carea' id='block_1_5' title="bbox 3 4255 1178 4342">
    <p class='ocr_par' dir='ltr' id='par_1_8' title="bbox 3 4255 1178 4342">
     <span class='ocr_line' id='line_1_35' title="bbox 3 4255 1178 4342; baseline 0.006 -27"><span class='ocrx_word' id='word_1_298' title='bbox 3 4271 5 4334; x_wconf 66' lang='grc' dir='ltr'>ι</span> <span class='ocrx_word' id='word_1_299' title='bbox 59 4263 208 4338; x_wconf 67' lang='lat' dir='ltr'>mentum</span> <span class='ocrx_word' id='word_1_300' title='bbox 224 4279 286 4342; x_wconf 90' lang='lat' dir='ltr'>que</span> <span class='ocrx_word' id='word_1_301' title='bbox 312 4265 349 4322; x_wconf 91' lang='lat' dir='ltr'>ut</span> <span class='ocrx_word' id='word_1_302' title='bbox 374 4258 540 4337; x_wconf 86' lang='lat' dir='ltr'>sentimus,</span> <span class='ocrx_word' id='word_1_303' title='bbox 557 4255 678 4324; x_wconf 89' lang='lat' dir='ltr'>Vestro</span> <span class='ocrx_word' id='word_1_304' title='bbox 696 4259 847 4324; x_wconf 90' lang='lat' dir='ltr'>Dominio</span> <span class='ocrx_word' id='word_1_305' title='bbox 864 4261 1075 4340; x_wconf 71' lang='lat' dir='ltr'>denotamus,</span> <span class='ocrx_word' id='word_1_306' title='bbox 1100 4261 1178 4324; x_wconf 91' lang='lat' dir='ltr'>licet</span> 
     </span>
    </p>
   </div>
   <div class='ocr_carea' id='block_1_6' title="bbox 3 4341 1179 4666">
    <p class='ocr_par' dir='ltr' id='par_1_9' title="bbox 3 4341 1179 4666">
     <span class='ocr_line' id='line_1_36' title="bbox 3 4341 1177 4450; baseline 0.007 -27"><span class='ocrx_word' id='word_1_307' title='bbox 3 4341 5 4396; x_wconf 59' lang='lat' dir='ltr'>l</span> <span class='ocrx_word' id='word_1_308' title='bbox 58 4359 94 4425; x_wconf 82' lang='lat' dir='ltr'>ab</span> <span class='ocrx_word' id='word_1_309' title='bbox 108 4363 168 4429; x_wconf 88' lang='lat' dir='ltr'>illis</span> <span class='ocrx_word' id='word_1_310' title='bbox 184 4365 309 4432; x_wconf 86' lang='lat' dir='ltr'>duobus</span> <span class='ocrx_word' id='word_1_311' title='bbox 334 4362 520 4431; x_wconf 76' lang='lat' dir='ltr'>Batonibus</span> <span class='ocrx_word' id='word_1_312' title='bbox 535 4364 754 4448; x_wconf 88' lang='lat' dir='ltr'>habuerimus,</span> <span class='ocrx_word' id='word_1_313' title='bbox 771 4372 870 4450; x_wconf 90' lang='lat' dir='ltr'>prout</span> <span class='ocrx_word' id='word_1_314' title='bbox 885 4367 1040 4432; x_wconf 90' lang='lat' dir='ltr'>Dominio</span> <span class='ocrx_word' id='word_1_315' title='bbox 1056 4366 1177 4434; x_wconf 84' lang='lat' dir='ltr'>Vestro</span> 
     </span>
     <span class='ocr_line' id='line_1_37' title="bbox 60 4472 1179 4559; baseline 0.006 -25"><span class='ocrx_word' id='word_1_316' title='bbox 60 4472 231 4556; x_wconf 80' lang='lat' dir='ltr'>scripsimus</span> <span class='ocrx_word' id='word_1_317' title='bbox 247 4473 288 4539; x_wconf 92' lang='lat' dir='ltr'>de</span> <span class='ocrx_word' id='word_1_318' title='bbox 304 4473 510 4556; x_wconf 86' lang='lat' dir='ltr'>parlamento</span> <span class='ocrx_word' id='word_1_319' title='bbox 527 4473 685 4558; x_wconf 91' lang='lat' dir='ltr'>predicto.</span> <span class='ocrx_word' id='word_1_320' title='bbox 715 4473 876 4540; x_wconf 87' lang='lat' dir='ltr'>Dominus</span> <span class='ocrx_word' id='word_1_321' title='bbox 892 4472 1015 4558; x_wconf 86' lang='lat' dir='ltr'>Achus,</span> <span class='ocrx_word' id='word_1_322' title='bbox 1033 4474 1087 4559; x_wconf 93' lang='lat' dir='ltr'>qui</span> <span class='ocrx_word' id='word_1_323' title='bbox 1107 4481 1179 4541; x_wconf 89' lang='lat' dir='ltr'>erat</span> 
     </span>
     <span class='ocr_line' id='line_1_38' title="bbox 60 4573 1178 4666; baseline 0.008 -27"><span class='ocrx_word' id='word_1_324' title='bbox 60 4573 244 4664; x_wconf 82' lang='lat' dir='ltr'>Cepitauens</span> <span class='ocrx_word' id='word_1_325' title='bbox 276 4577 488 4666; x_wconf 83' lang='lat' dir='ltr'>Vngarorum</span> <span class='ocrx_word' id='word_1_326' title='bbox 519 4579 552 4646; x_wconf 90' lang='lat' dir='ltr'>in</span> <span class='ocrx_word' id='word_1_327' title='bbox 586 4579 698 4662; x_wconf 88' lang='lat' dir='ltr'>Istria,</span> <span class='ocrx_word' id='word_1_328' title='bbox 722 4603 793 4647; x_wconf 92' lang='lat' dir='ltr'>cum</span> <span class='ocrx_word' id='word_1_329' title='bbox 820 4585 915 4666; x_wconf 84' lang='lat' dir='ltr'>gente</span> <span class='ocrx_word' id='word_1_330' title='bbox 941 4600 1001 4648; x_wconf 89' lang='lat' dir='ltr'>sua</span> <span class='ocrx_word' id='word_1_331' title='bbox 1027 4582 1118 4648; x_wconf 90' lang='lat' dir='ltr'>vadit</span> <span class='ocrx_word' id='word_1_332' title='bbox 1134 4583 1178 4648; x_wconf 90' lang='lat' dir='ltr'>ad</span> 
     </span>
    </p>
   </div>
   <div class='ocr_carea' id='block_1_7' title="bbox 0 0 1590 5254">
    <p class='ocr_par' dir='ltr' id='par_1_10' title="bbox 0 0 1590 5254">
     <span class='ocr_line' id='line_1_39' title="bbox 0 0 1590 5254; baseline 0 4"><span class='ocrx_word' id='word_1_333' title='bbox 0 0 1590 5254; x_wconf 95' lang='lat' dir='ltr'> </span> 
     </span>
    </p>
   </div>
  </div>
 </body>
</html>
