3226 5258
1088 347 1180 425 ‚29

30 591 32 622 ἱ
100 523 136 582 aut
145 539 188 602 pro
199 539 233 585 se
248 517 420 599 retineant,
435 525 494 586 aut
509 519 583 589 aliis
603 521 779 588 concedere
795 544 859 588 non
875 525 1038 604 omittant,
1055 523 1179 590 ‹lomos-

99 645 139 707 qus
160 647 259 693 eorum
285 627 381 713 dirru,
395 633 429 694 et
445 627 510 694 alia
535 626 667 712 faciant,
683 629 723 694 de
739 629 857 714 quibus
873 637 916 714 te,
932 652 1004 696 cum
1030 651 1050 696 a
1066 637 1179 697 nostro

30 715 32 758 ³
98 735 213 800 recessisti
230 743 413 820 conspectu,
430 743 462 800 et
478 743 576 820 prout
592 739 755 804 cotinetur
771 739 806 802 in
821 740 895 806 aliis
912 738 1033 804 litteris
1049 739 1179 821 nostris,

97 860 150 922 quas
167 865 256 928 super
280 844 485 928 processibus
510 867 568 930 per
595 853 628 911 te
655 843 813 912 faciendis
840 854 955 913 contra
970 848 1054 914 tales
1075 847 1179 913 eidem

97 945 256 1018 fraternitati
286 974 359 1018 cum
382 954 588 1036 presentibus
614 955 794 1038 dirigimus,
823 954 951 1038 plenius
983 956 1179 1021 continetur.

96 1051 251 1137 specialiter
267 1060 588 1127 autemrenerabiles
604 1060 706 1127 latres
733 1068 863 1128 nostros
878 1111 886 1127 .
903 1112 911 1128 .
929 1111 936 1128 .
952 1061 1181 1128 Patriarcham

30 1165 32 1244 j
96 1161 309 1250 equilegensem
326 1189 364 1233 ao
476 1167 715 1250 Tridentium,
827 1170 1052 1237 Brixinenscm
1068 1177 1100 1236 et
1276 1249 1279 1255 Ι

96 1266 247 1341 dunensem
272 1275 460 1360 Episcopus,
479 1298 518 1342 ac
542 1277 624 1343 alios
642 1276 792 1343 Prelatos
809 1285 843 1344 et
858 1299 1015 1362 personas
1031 1278 1183 1344 ecclesia·

30 1367 32 1446 ἷ
95 1378 165 1461 stus,
178 1389 210 1447 et
225 1383 394 1466 potissime
409 1383 547 1450 dilectos
557 1383 642 1451 filios
653 1383 780 1451 nobiles
795 1385 881 1451 viros
899 1436 905 1450 .
921 1435 929 1452 .
945 1435 952 1450 .
969 1384 1078 1452 Duces
1095 1382 1182 1451 Aus-

94 1486 140 1570 trie,
157 1497 185 1555 et
209 1490 293 1556 alios
317 1490 474 1557 habentes
490 1497 595 1558 terras
620 1499 653 1557 et
677 1513 792 1576 passus
808 1493 849 1558 de
874 1492 1053 1560 Alamania
1073 1514 1183 1561 sersus

30 1617 32 1620 ·
93 1590 299 1684 lombardiam,
329 1620 424 1682 super
448 1600 680 1683 premissorum
700 1600 931 1686 adimpletione
949 1623 988 1666 ex
1003 1607 1097 1685 parte
1113 1623 1183 1667 nos·

30 1711 32 1786 s
93 1703 127 1766 trs
137 1727 222 1789 roges
238 1712 271 1772 et
287 1727 420 1774 moneas
437 1714 469 1774 et
484 1708 629 1790 inducas,
644 1714 677 1774 et
692 1729 751 1792 per
768 1709 871 1775 dictos
895 1707 1135 1794 Imperatorem
1152 1716 1185 1775 et

30 1787 32 1828 r
92 1809 145 1876 elios
158 1812 326 1899 Principes
341 1835 497 1900 procures
512 1816 631 1900 induci,
647 1823 680 1882 et
696 1816 928 1884 nichilominus
946 1837 1125 1900 processus,
1142 1816 1182 1882 de

92 1918 177 1997 qubus
200 1921 258 1988 tibi
283 1943 342 2006 per
364 1923 446 1990 alias
471 1930 601 1990 nostras
624 1925 754 1993 litteras
779 1925 969 1991 mandatum
1001 1925 1182 2008 dirigimus,

30 2065 32 2096 ε
91 2019 163 2092 stoica
187 2030 253 2095 sine
276 2028 436 2098 tarditate
460 2033 616 2116 temporis
641 2033 791 2098 celeriter
814 2033 993 2118 publicari;
1011 2054 1049 2098 ea
1066 2055 1129 2116 que
1147 2033 1180 2096 in

30 2131 32 2144 '
91 2133 215 2210 predictis
229 2136 352 2222 fecems,
364 2145 398 2206 et
413 2161 569 2224 responsa
594 2139 814 2225 predictorum
830 2140 1053 2226 Imperatoris,
1080 2140 1184 2223 Regis

30 2267 31 2272 ¹
91 2244 112 2303 c
128 2241 317 2330 Principum,
333 2248 426 2315 nobis
453 2248 603 2315 celeriter
626 2251 850 2333 rescripturus.
866 2248 992 2316 Datum
1009 2248 1096 2333 apud
1113 2246 1183 2314 Vil-

89 2344 241 2419 lsnnoram
256 2354 485 2424 Arinionensis
510 2357 661 2424 Diooesis
676 2357 742 2423 XI.
758 2357 915 2424 kalendas
931 2357 1083 2442 Augusti,
1100 2355 1186 2421 Pon·

30 2527 32 2536 ¹
89 2455 217 2525 tilicatus
232 2463 335 2528 nostri
351 2485 436 2530 anno
452 2465 602 2532 secundo.

384 2608 443 2671 (XI.
456 2609 576 2678 Gergely
587 2612 661 2680 ptpa
673 2612 862 2678 regesttibtl.)

600 2925 652 2986 27.

30 3093 32 3172 ζ
86 3078 106 3144 Ι.
123 3084 210 3169 Lajoe
223 3108 362 3172 moggus
379 3083 412 3150 da
427 3081 550 3172 iectgyel
566 3085 748 3172 kircilyaalc
764 3083 798 3151 X
801 3085 822 3149 1.
838 3083 974 3174 Gergely
985 3085 1093 3172 pdpa,
1108 3085 1189 3169 bogy

30 3241 34 3332 ἱ
100 3197 229 3260 armeni
244 3195 432 3282 egybdzaolc
448 3194 612 3280 eliense‘gei
626 3195 707 3260 clleo
723 3195 910 3283 segitsegdre
927 3195 1045 3280 legger.
1071 3195 1166 3258 1372.

173 3353 355 3441 Gregorius
370 3355 556 3439 Episcopus
572 3361 630 3421 etc.
657 3354 823 3422 carissimo
840 3355 875 3421 in
892 3352 1024 3420 Christo
1040 3351 1107 3420 filio
1124 3351 1190 3418 Lu·

30 3449 32 3536 l
85 3458 138 3525 rios
160 3459 241 3550 Regi
257 3464 407 3548 Vngarie
431 3463 550 3531 illustri
576 3464 714 3530 salutem
731 3468 791 3529 etc.
807 3457 1049 3529 Necessitatem
1069 3459 1190 3528 Sancte

84 3563 212 3638 Romane
222 3573 371 3639 Ecclesia
385 3570 505 3640 Matris
521 3577 586 3655 tue,
602 3578 636 3638 et
651 3571 867 3656 indigentiam
883 3571 930 3636 tui
950 3569 1073 3649 auxilii,
1088 3589 1188 3653 quam

84 3672 167 3744 babet
180 3680 249 3763 plus
266 3680 371 3762 solito,
387 3701 452 3766 quo
476 3679 638 3747 mediante
663 3699 738 3746 suos
764 3679 873 3746 hostes
900 3683 934 3743 et
958 3681 1190 3760 persecutores,

30 3839 33 3900 ἱ
85 3802 152 3864 quos
174 3786 278 3875 Regia
303 3787 470 3855 Serenitas
496 3789 594 3854 etiam
619 3786 729 3855 hostes
746 3807 821 3853 suos
838 3791 872 3851 et
886 3785 1099 3869 dissipatores
1130 3783 1192 3848 rei·

30 3915 32 3982 g
84 3893 193 3973 publice
218 3897 316 3964 debet
343 3897 457 3964 merito
483 3902 643 3982 reputare,
670 3902 780 3980 sperat
795 3893 836 3961 de
852 3915 911 3961 sua
926 3894 1073 3978 potentia
1090 3889 1192 3970 deici;

30 3995 33 4098 ζ
83 4003 286 4072 mandarimus
317 4027 377 4091 per
407 4005 625 4072 venerabilem
655 4002 789 4071 fratrem
819 4010 967 4069 nostrum
998 3999 1185 4066 Johannem

30 4105 33 4204 l
84 4105 296 4181 Patriarcham
309 4111 579 4196 Alexandrinum,
606 4118 639 4180 et
669 4111 824 4178 dilectum
856 4109 958 4177 filium
989 4108 1120 4174 Heliam
1151 4104 1193 4169 de

30 4207 36 4322 l
84 4211 236 4288 Vodrouio
253 4220 418 4288 Olerioum
429 4219 567 4289 Camere
582 4226 692 4288 nostre
707 4217 897 4305 Apostolice
915 4216 1010 4285 Sedis
1020 4214 1195 4292 Nuncium,

30 4333 32 4436 ἱ
85 4325 126 4388 rel
148 4349 253 4395 eorum
277 4331 420 4396 alterurn
446 4329 563 4415 exponi
588 4327 783 4396 Oeltitudini
807 4325 939 4409 Regali.
961 4321 1067 4388 Tuam
1091 4321 1193 4402 igitur

30 4437 32 4516 ξ
85 4429 345 4518 Magnificentiam
360 4440 523 4506 instanter
541 4445 574 4506 et
589 4437 765 4504 instantius
781 4435 977 4520 requirimus
994 4437 1027 4496 et
1043 4450 1194 4513 rogamus

85 4549 233 4636 attentius,
255 4556 419 4634 quatenus
445 4549 568 4616 eisdem
593 4545 741 4632 Nunciis,
756 4547 805 4612 vel
822 4565 935 4612 eorum
960 4540 1055 4608 alteri
1081 4541 1114 4605 in
1131 4540 1194 4606 hac
