3214 5250
381 377 445 437 616
735 393 969 442 orreouacamr
988 386 1155 438 rucanas.

379 552 440 618 bus
467 551 669 636 sperabatur,
695 577 814 640 nosque
841 553 965 622 viribus
981 561 1013 620 et
1030 555 1129 618 armis
1146 557 1256 620 nostre
1282 550 1425 636 potentie
1440 551 1502 636 jam

379 661 516 732 accincti
542 684 602 745 pro
627 662 857 730 reformatione
883 669 988 730 status
1005 661 1152 747 ejusdem
1168 659 1282 728 fratris
1299 660 1411 739 nostri,
1426 654 1507 743 ejnsss
1589 753 1590 756 Ἴ

381 792 443 854 que
460 770 649 836 assistentia
674 778 708 837 et
733 771 921 838 reductione
936 771 1068 856 provisa
1085 769 1320 835 deliberatione
1337 767 1504 834 decreveri·
1589 761 1590 826 3

380 901 450 945 mus
466 878 552 944 vices
567 887 695 945 nostras
712 886 746 945 et
762 903 854 945 arma
869 900 1019 946 exercere
1037 905 1043 944 :
1060 899 1133 943 ecce
1149 879 1275 944 aiutore
1293 877 1442 956 Domino,
1454 874 1504 956 qui
1589 893 1590 928 1

382 986 576 1070 Principum
594 987 732 1052 salutem
760 988 911 1053 clementi
937 1009 996 1053 sna
1017 985 1165 1052 bonitate
1183 985 1339 1069 disponit,
1355 984 1463 1067 dirigit
1478 991 1505 1048 et
1588 991 1590 1022 ³

380 1099 502 1177 tuetur,
517 1093 663 1178 predicte
689 1103 810 1180 partes,
835 1097 1003 1180 signanter
1027 1094 1155 1178 Regina
1170 1099 1204 1158 et
1220 1115 1333 1158 esrum
1348 1115 1426 1178 pars
1440 1111 1506 1157 nos·

380 1208 466 1266 tram
483 1201 696 1268 formidantes
721 1203 902 1288 potentiam
918 1203 959 1268 ad
977 1223 1092 1266 manus
1109 1206 1238 1268 nostras
1255 1222 1385 1266 omnem
1403 1221 1505 1266 earum

382 1331 512 1376 oausam
528 1317 694 1394 ponentes,
710 1313 743 1377 in
760 1333 819 1377 nos
836 1313 926 1378 velut
941 1311 1101 1378 arbitrum
1118 1316 1151 1375 et
1166 1311 1418 1393 compositorem
1436 1309 1508 1374 ami-

381 1416 521 1484 cabilem
547 1421 835 1503 compromiserunt
862 1419 1053 1503 simpliciter
1079 1425 1111 1484 et
1136 1417 1176 1482 de
1192 1418 1301 1502 plano.
1327 1417 1400 1484 Nos
1415 1419 1508 1502 igitur

381 1527 564 1610 hujusmodi
580 1535 731 1612 pretextu
748 1529 833 1595 iuter
848 1549 903 1594 cas
919 1535 953 1592 et
967 1527 1149 1612 predictum
1160 1547 1349 1610 germanum
1366 1532 1506 1593 nostrum

381 1635 468 1700 omni
485 1634 600 1700 sedata
616 1634 790 1718 discordia,
804 1636 942 1703 cundem
958 1657 1148 1720 germanum
1164 1640 1314 1700 nostrum
1331 1634 1375 1700 ad
1391 1656 1509 1719 posses-

383 1742 506 1808 sionem
523 1748 556 1808 et
573 1742 840 1828 gubernationem
859 1743 1050 1828 Regnorum
1066 1750 1278 1824 ettenorum
1290 1741 1333 1808 N.
1350 1744 1436 1808 circa
1451 1763 1509 1808 me

381 1851 472 1917 diurn
487 1854 648 1917 transacti
670 1853 740 1937 jam
764 1853 883 1919 mensis
899 1852 941 1918 N.
958 1851 1128 1936 magnifice
1149 1850 1339 1917 reduximus
1355 1856 1387 1916 et
1402 1855 1507 1935 poten·

383 1963 442 2026 ter.
460 1958 524 2044 Qui
541 1982 606 2026 una
623 1962 790 2029 nobiseum
807 1967 840 2026 ct
856 1959 1059 2027 consortibus
1083 1959 1203 2025 nostris
1219 1958 1330 2024 valida
1345 1959 1462 2024 mentis
1476 1963 1506 2022 et

385 2070 533 2152 corporis
551 2068 708 2153 sospitate
719 2070 851 2154 potitur,
862 2068 1222 2152 Altissimolargiente3
1239 2065 1506 2147 devobishocip·

383 2197 454 2239 sum
472 2175 584 2242 audire
602 2198 702 2260 qnam
718 2176 865 2242 crebrius
882 2177 1015 2242 sinceris
1030 2174 1201 2242 desideriis
1220 2174 1422 2241 affectantes.

382 2320 453 2380 (XV.
466 2320 577 2371 sztzadi
591 2321 757 2388 Wittingaui
770 2323 888 2374 herirati
900 2322 1039 2374 Codexbbl
1054 2335 1071 2369 a
1083 2322 1202 2386 hercaeg
1213 2321 1446 2386 Schwarzenberg
1458 2335 1509 2369 css·

811 2413 857 2464 leid
870 2413 1083 2472 leveltrirdban.)

868 2647 1026 2658 —---—

914 2847 987 2908 349.

382 3006 521 3092 Rapum
552 3005 733 3072 dalmatiai
763 3008 929 3072 odroaoak
963 3007 1165 3072 kereakede'ae
1209 3008 1330 3072 Sicilia
1363 3007 1504 3093 szipetdn.

901 3117 995 3180 1386.

491 3270 598 3338 Amici
615 3273 782 3339 carissimi.
799 3272 929 3340 Vestris
945 3275 1063 3340 litteris
1072 3276 1315 3359 respondemus
1333 3276 1421 3360 quod
1438 3273 1506 3340 licet

382 3382 554 3462 requisitio
569 3388 678 3446 vestra
703 3379 743 3446 de
769 3381 974 3448 immunitate
991 3390 1024 3448 et
1039 3385 1241 3467 exemptione
1262 3383 1400 3464 dobane,
1417 3404 1507 3466 qnam

384 3489 534 3554 omnibus
550 3489 666 3554 vestris
682 3489 805 3555 civibus
816 3489 847 3554 in
860 3487 1056 3556 Civitatibus
1068 3491 1231 3564 nobilibus
1241 3492 1400 3558 Messene
1410 3498 1442 3556 et
1454 3489 1504 3572 Sp·

382 3598 512 3681 ragusia
529 3596 661 3663 concedi
688 3619 747 3683 per
770 3619 830 3664 nos
846 3600 968 3682 petitis,
985 3600 1130 3684 gratiose
1146 3599 1318 3668 offerentes
1336 3622 1396 3667 ros
1415 3599 1508 3667 consi·

382 3705 489 3770 milem
518 3705 753 3790 exemptionem
778 3705 1045 3773 Messanensibus
1061 3715 1096 3772 et
1116 3705 1338 3791 Syragusanis
1354 3709 1388 3774 in
1406 3715 1508 3775 restra

383 3814 528 3880 Ciuitate
544 3815 682 3899 Ragusii
699 3815 873 3882 observare
891 3819 922 3880 in
940 3817 1115 3902 dampnum
1126 3817 1297 3900 Reginalis
1314 3818 1415 3904 hujus
1431 3819 1506 3901 Reg-

382 3923 414 3986 ni
433 3919 533 3987 Onrie
549 3930 738 3988 revertatur.
761 3922 998 3990 Nichilomiuus
1024 3926 1190 4009 cupientes
1205 3925 1296 3991 vobis
1312 3927 1346 3991 in
1364 3926 1506 3992 omnibns

382 4030 475 4096 nobis
500 4030 707 4113 possibilibus
733 4031 943 4116 complacere,
969 4034 1059 4100 vobis
1078 4035 1316 4118 exemptionem
1333 4036 1506 4119 predictam

382 4139 423 4204 de
440 4145 546 4204 cetero
563 4139 712 4204 duximus
731 4139 770 4205 de
796 4141 930 4224 speciali
949 4142 1059 4225 gratia
1075 4142 1333 4224 concedendam,
1358 4145 1507 4209 mandan-

382 4245 489 4328 doque
517 4246 686 4313 scribimus
714 4248 920 4314 Osficialibus
946 4252 1066 4315 nostris
1091 4251 1124 4315 iu
1141 4250 1279 4334 prefatis
1297 4251 1464 4318 Massanie
1479 4255 1505 4314 et

383 4353 562 4439 Syragusie
590 4355 786 4424 Ciuitatibus
819 4359 1013 4442 constitutis,
1044 4364 1207 4444 quatenus
1239 4360 1365 4426 civibus
1398 4361 1505 4426 vestris

382 4461 535 4554 deinceps
562 4463 702 4536 debeant
728 4466 965 4552 exemptionem
983 4473 1016 4533 et
1032 4467 1270 4535 immunitatem
1286 4469 1454 4556 predictas
1469 4467 1504 4533 et·
