3214 5250
595 403 687 466 leet.
1141 407 1202 466 tor

77 577 175 664 longa
200 588 364 646 terrarum
388 582 496 664 spatia
523 603 586 647 non
612 580 789 661 obstarent,
816 579 858 644 ad
883 580 952 646 eius
980 577 1208 646 liberationem

77 709 148 754 cum
174 689 261 755 omrri
286 696 398 754 nostra
422 691 570 774 potentia
595 690 786 770 veniremus
812 687 1030 755 Nobilitatem
1055 685 1209 757 Vestram

78 795 250 862 affectuose
266 798 462 882 requirimus
479 804 511 863 et
528 819 692 882 rogamus,
718 803 880 880 quatenus
896 797 1062 865 laudabile
1078 803 1208 881 ceptum

75 903 277 970 liberationis
294 907 398 988 Regio
415 928 478 971 non
494 905 664 988 linquatis.
682 907 734 970 lte
749 905 894 989 feliciter,
912 906 958 971 ite
979 906 1096 971 comite
1124 905 1207 986 Deo,

77 1011 222 1098 duceque
238 1015 372 1096 iustitia,
388 1014 514 1098 Regem
541 1023 682 1080 vostrum
699 1015 738 1080 de
755 1015 939 1082 carceribus
956 1021 1093 1096 erutum,
1111 1021 1147 1079 et
1164 1014 1206 1080 ad

76 1127 144 1186 tarn
162 1122 354 1189 detestabile
372 1123 566 1207 proditionis
583 1123 709 1190 lacinus
724 1121 949 1189 ulciscendum.
966 1121 1060 1190 Data
1074 1122 1209 1188 Floren-

76 1229 120 1295 tie
137 1229 189 1295 die
206 1228 343 1297 XVIII.
360 1232 476 1316 Martij
496 1231 613 1300 VIIII.
630 1231 818 1298 indictionis
836 1228 1153 1304 MOOOLXXXV.

76 1373 199 1436 (Eredeti
224 1375 440 1440 logalmazvany
463 1391 479 1425 a
503 1376 641 1440 »SIgnori,
664 1376 820 1442 Carteggie,
835 1376 965 1426 Masius«
990 1377 1043 1425 stb.
1066 1377 1127 1426 XX.
1149 1376 1208 1426 ket.

333 1471 391 1516 169.
405 1481 441 1517 az.
457 1483 490 1530 a,
505 1483 521 1518 a
534 1458 665 1518 florenczi
678 1481 750 1532 nagy
765 1467 957 1531 levtltarban.)

605 1796 678 1859 341.

77 1954 205 2040 Heduiy
220 1953 344 2040 leapyel
359 1954 514 2040 kiralynt
529 1953 710 2044 areperdaiti
731 1955 881 2042 Lamberp
900 1955 1060 2020 mtroannk
1079 1956 1147 2042 re'pi
1155 1957 1208 2042 jo·

383 2066 456 2150 gait
472 2065 504 2127 e'a
519 2063 786 2150 privilepa'unraa‘t.
805 2065 901 2128 1386.

186 2222 226 2288 In
243 2225 370 2290 nomine
387 2223 521 2289 Domini
538 2222 655 2289 Amen.
671 2224 777 2290 Decet
788 2224 1008 2308 quorumlibet
1017 2223 1208 2308 Principum

76 2329 258 2415 legittimae
289 2333 442 2412 actiones,
473 2333 644 2415 presertim
669 2338 854 2416 perpetuae,
881 2335 1119 2416 scripturarum
1144 2355 1208 2399 me·

76 2441 179 2505 morie
196 2441 487 2523 commendesque
513 2463 572 2524 per
598 2441 794 2506 obliuionem
821 2441 948 2524 possint
972 2440 1158 2524 aliqualiter
1173 2442 1208 2506 in

76 2546 231 2613 nichilum
250 2549 356 2631 redigi
377 2554 409 2612 et
434 2547 552 2613 reduci.
581 2547 689 2631 Igitur
715 2546 786 2613 Nos
812 2547 976 2634 Heduigis
1001 2550 1065 2614 Dei
1093 2550 1207 2633 gracia

76 2653 358 2739 ReginaPolonie,
369 2655 613 2739 Lithuanieque
625 2656 780 2740 Princeps
792 2655 953 2740 Suprema
965 2657 1113 2724 etHeres
1125 2657 1207 2723 Rus·

76 2765 122 2830 sie
136 2764 182 2829 ad
198 2765 423 2830 universorum
440 2765 594 2830 noticiam
605 2771 673 2829 tam
682 2765 884 2848 presencium
901 2785 999 2849 quam
1014 2765 1206 2833 ficturorum

76 2873 224 2938 volumus
234 2871 396 2955 deuenire,
406 2873 494 2957 quod
504 2871 710 2938 considerata
720 2872 888 2939 fidelitatis
900 2876 1096 2956 constancia,
1108 2895 1146 2938 ac
1158 2873 1204 2938 di·

73 2983 233 3064 ligeneius
244 2982 397 3066 inspeetis
406 2966 556 3047 fidelibus
566 2982 721 3066 seruicijs,
732 3003 793 3064 que
805 2983 1031 3065 circumspecti
1043 2982 1102 3046 viri
1115 2981 1201 3048 Con·

75 3093 173 3172 sales,
189 3098 322 3175 totaque
334 3088 560 3155 Commuuitas
573 3085 725 3154 Civitatis
741 3096 849 3156 nostre
859 3090 1117 3173 Lemburgeusis
1134 3111 1207 3174 pro·

76 3197 282 3285 genitoribus
299 3199 427 3280 nostris,
445 3204 478 3264 et
494 3198 587 3272 nobis
613 3197 840 3278 exhibuerunt,
857 3220 895 3263 ae
921 3199 1133 3282 imposterum
1153 3219 1206 3262 ex-

75 3307 198 3388 hibere,
216 3307 314 3373 dante
340 3307 491 3386 Domino,
509 3312 585 3370 sunt
601 3311 729 3390 paraty,
745 3307 976 3390 cupientesque
992 3308 1032 3371 de
1060 3306 1205 3390 benigni-

75 3425 147 3484 tate
165 3423 277 3483 nostra
303 3418 392 3501 ipsos
408 3413 562 3499 prosequi
578 3414 691 3496 gracia
717 3414 860 3496 speciali,
886 3415 994 3480 omnia
1019 3421 1051 3480 et
1076 3416 1206 3498 singula

75 3526 223 3612 ipsorum
236 3525 320 3610 jura,
336 3524 516 3600 libertates,
532 3521 712 3607 privilegia,
728 3543 790 3604 que
806 3528 952 3606 ternpore
979 3520 1207 3588 serenissimo-

75 3658 149 3701 rum
166 3634 356 3717 Principum
383 3631 587 3697 dominorum
613 3629 767 3696 Oazimiri
792 3632 852 3715 avi,
876 3653 936 3698 neo
960 3655 1025 3716 nou
1051 3631 1207 3697 Ludovici

76 3743 233 3827 genitoris
249 3739 396 3825 Ungarie
412 3745 445 3805 et
461 3737 599 3804 Polonie
615 3744 673 3802 etc.
698 3736 835 3822 Regum,
860 3739 1054 3806 dilectorum
1081 3745 1206 3805 nostro-

77 3875 150 3918 rum
169 3849 360 3931 habueruut,
378 3846 614 3927 confirmamus,
631 3844 829 3912 ratificamus
839 3854 873 3913 et
883 3853 995 3915 tenore
1005 3847 1206 3932 presencium
1276 3851 1279 3858 '

77 3959 308 4046 approbemm,
327 3957 361 4022 in
386 3954 535 4022 omnibus
560 3953 688 4036 punctis
713 3959 746 4018 et
771 3955 919 4020 articulis
945 3962 1104 4040 perpetuo
1130 3955 1207 4020 vali·

77 4077 171 4150 tura,
195 4067 424 4152 adjungentes,
441 4062 528 4146 quod
544 4061 625 4126 nulli
642 4062 809 4128 hominurn
825 4065 858 4128 in
884 4062 1027 4129 Ciuitate
1054 4063 1105 4128 vel
1131 4069 1207 4128 ante

77 4178 252 4244 Civitatem
270 4173 548 4256 Lemburgensem
564 4170 747 4254 predictam
764 4170 855 4236 nulla
881 4171 1011 4237 omuino
1035 4172 1205 4254 violencia,

77 4307 136 4371 per
152 4285 335 4369 quempiam
351 4277 578 4366 quoquomodo
603 4276 701 4344 debet
727 4277 798 4342 fieri
823 4279 873 4344 vel
897 4277 1021 4344 inferri.
1048 4278 1206 4345 Volumus

78 4395 187 4476 etiarn,
203 4398 241 4458 ut
257 4390 382 4457 Civitas
398 4395 511 4455 nostra
526 4385 779 4469 Lemburgensis
798 4385 946 4470 predicta
962 4387 995 4450 in
1022 4388 1088 4450 suis
1115 4386 1207 4452 metis

76 4509 109 4569 et
124 4501 292 4582 limitibus,
307 4502 406 4584 prout
421 4499 454 4562 in
471 4496 572 4561 literis
592 4499 626 4560 et
644 4494 824 4578 privilegijs
850 4495 952 4576 ipsius
978 4495 1106 4578 plenius
1132 4517 1207 4560 con·

77 4614 236 4696 scriptum
268 4610 461 4683 continetur,
492 4605 680 4669 inconcusse
697 4603 813 4668 debeat
838 4623 1034 4685 permanere.
1051 4603 1134 4668 Etsi
1150 4602 1207 4668 ali-
