3182 5252
560 343 655 412 1385.

570 655 644 714 327.

51 811 219 876 Kdoetdnek
251 811 419 878 Plrrmaiio
450 813 623 878 Jdnosnak
654 837 675 878 a
708 814 859 877 celeurzei
889 815 1173 900 kormdaptaaa‘cs.

565 923 660 986 1385.

148 1077 294 1144 dohanui
313 1079 479 1146 Plumatio
496 1077 639 1146 Notario
654 1085 765 1148 nostro
782 1079 867 1164 apud
884 1077 910 1144 J
911 1081 1035 1147 adram.

147 1182 302 1268 Quamvis
328 1209 391 1254 non
418 1189 611 1270 dubitemus,
638 1188 725 1272 quod
757 1189 877 1272 statim,
910 1211 981 1254 cum
1009 1189 1173 1273 aplicuisti

48 1287 191 1372 dadram,
222 1293 411 1379 significasti
444 1295 658 1364 serenissima
689 1297 818 1364 domine
846 1297 972 1381 Regine
999 1296 1172 1380 Hungarie

46 1397 215 1468 adventum
231 1409 322 1470 tuum
337 1424 410 1471 cum
426 1407 572 1489 pecunia,
591 1414 628 1472 ut
645 1405 806 1473 Maiestas
826 1404 895 1472 Sua
920 1405 1070 1490 dignetur
1095 1425 1168 1488 pro·

47 1505 150 1574 videre
169 1510 209 1576 de
225 1511 385 1579 mittendo
401 1535 462 1596 pro
478 1520 511 1580 te
528 1515 653 1579 salvum
671 1513 881 1596 conductum
898 1519 1009 1579 tamen
1026 1512 1172 1578 notifica-

46 1633 110 1679 mus
141 1617 214 1697 tibi,
245 1619 334 1700 quod
365 1621 519 1704 providus
545 1623 595 1687 rir
620 1622 837 1688 Desideratus
863 1621 990 1686 Luceus
1016 1619 1174 1686 Notarius

46 1729 151 1788 noster
166 1745 226 1810 per
241 1726 373 1793 litteras
390 1750 467 1794 suas
483 1729 577 1796 datas
588 1729 754 1816 Zagrabie
765 1729 904 1795 secundo
916 1730 1075 1812 presentis
1086 1749 1172 1793 meu-

45 1831 87 1894 sis
101 1829 447 1916 Augusti'notificavit
463 1839 564 1919 nobie,
580 1839 668 1922 quod
684 1839 802 1905 itinera
812 1837 894 1903 aduc
906 1837 1091 1922 periculosa
1101 1858 1174 1901 nos·

45 1945 167 2024 cuntur,
185 1943 272 2026 quod
290 1965 354 2010 non
370 1945 475 2012 credit
491 1967 586 2030 posse
602 1947 652 2012 ire
670 1947 712 2012 ad
733 1945 892 2030 prefatam
919 1945 1083 2012 dominam
1108 1944 1174 2010 Re·

47 2047 154 2130 ginam
174 2049 216 2116 ad
232 2052 467 2127 notificandum
484 2054 543 2120 sibi
560 2062 653 2119 tuum
673 2055 849 2120 adventum
875 2053 900 2118 J
901 2054 1017 2119 adram
1033 2075 1105 2117 cum
1122 2073 1174 2134 pe·

48 2159 147 2226 cunia.
165 2157 261 2226 Unde
278 2163 501 2246 rescripsimus
518 2163 556 2243 ei,
575 2164 662 2246 quod
689 2164 806 2254 sinon
832 2167 941 2247 potest
965 2161 1023 2243 ire,
1050 2159 1173 2226 scribat

45 2258 106 2332 Sue
129 2269 304 2336 Maiestati
335 2270 510 2337 adventum
540 2280 631 2338 tuum
662 2273 853 2356 predictum.
870 2267 1108 2336 Nichiiominus
1134 2275 1172 2332 tu

43 2374 139 2444 etiam
156 2377 265 2443 scribe
281 2385 313 2443 et
330 2376 454 2462 replica
469 2375 535 2443 Sue
552 2378 722 2444 Maiestati
732 2379 905 2444 adventum
924 2383 1015 2442 tuum
1030 2376 1055 2443 J
1057 2375 1172 2440 adram

43 2503 110 2548 eum
128 2486 278 2569 pecunia,
294 2487 336 2552 ad
352 2484 448 2550 finem
464 2485 607 2552 habendi
623 2505 772 2552 securum
793 2486 996 2551 conductum.
1014 2483 1105 2549 Data
1122 2484 1174 2548 die

44 2588 128 2660 XII.
145 2590 294 2676 Augusti
309 2593 407 2661 VIII.
425 2593 609 2660 indictione.

47 2751 49 2756 ·
89 2740 126 2795 ts
141 2738 244 2788 »Liber
258 2739 447 2790 secretorum«
463 2742 553 2791 caimit
567 2741 704 2792 velenszei
717 2739 945 2802 sillamkdnyvbol
962 2743 1020 2787 114.
1035 2753 1070 2787 sa.
1090 2735 1126 2802 a.)

530 2903 681 2911 ——-.-—-

572 3033 645 3094 328.
665 3077 672 3090 .

22 3187 154 3256 ,Morta
174 3213 315 3280 mapyar
331 3187 555 3280 kir·dlynduak
582 3193 828 3278 syraptatvdnyc
854 3209 931 3252 uzon
949 3189 1037 3252 7000
1062 3209 1173 3270 arnrrp

34 3298 206 3386 soriatnyi
222 3301 353 3365 cddaak
375 3302 635 3365 1385-rerorre'nr
648 3297 856 3376 Iesizetdae'rdd,
871 3296 1018 3382 rreiylyel
1036 3320 1057 3360 a
1075 3295 1175 3357 celerr-

113 3409 179 3471 czei
193 3407 404 3493 kdztriraasdg
419 3431 440 3470 a
457 3430 597 3493 mappa-r
613 3405 806 3471 korondnck
823 3403 972 3468 tartozr'k.
993 3405 1088 3468 1385.

149 3567 222 3634 Nos
239 3565 350 3639 Maria
366 3573 426 3631 etc.
450 3567 711 3650 recognoscimus
728 3573 760 3631 et
785 3563 990 3628 notificamus
1016 3560 1174 3627 universis

41 3681 212 3756 presentes
232 3675 443 3757 inspecturis,
469 3675 557 3757 quod
583 3673 889 3740 Illustrisdominus
915 3669 1081 3736 Antonius
1107 3669 1173 3737 Ve-

42 3783 133 3846 nerio
150 3783 231 3848 Dux
247 3791 279 3848 et
299 3780 479 3848 Commune
501 3777 726 3861 Venetiarum‚
755 3781 852 3846 amici
877 3781 980 3844 nostri
1008 3777 1175 3858 carissimi,

41 3897 165 3972 septem
182 3891 285 3956 millia
300 3891 497 3956 florenorum
514 3891 595 3972 auri,
613 3913 674 3973 que
687 3888 861 3956 secundum
873 3892 970 3970 pacta
987 3893 1021 3951 et
1038 3906 1170 3950 conven-

40 3996 143 4064 tiones
161 3999 246 4064 inter
263 3999 341 4064 olim
359 3997 608 4064 Serenissimum
625 3998 813 4081 Principem
839 3995 1016 4059 dominum·
1033 3993 1172 4058 Ludori·

40 4125 110 4172 cum
146 4108 275 4192 Regem
301 4107 472 4192 Hungarie
505 4115 564 4173 etc.
590 4109 768 4191 genitorem
795 4111 944 4171 nostrum
970 4104 1173 4169 carissimum

40 4213 145 4284 felicis
162 4217 317 4284 memorie
334 4215 375 4282 ab
394 4237 467 4299 uua,
482 4223 575 4300 parte
591 4222 713 4280 vernet
730 4213 837 4278 altera
863 4212 1028 4277 dominum
1046 4210 1170 4276 Ducem

40 4328 72 4387 et
97 4321 280 4392 Commune
310 4323 525 4395 Venetiarum
551 4324 673 4389 amicos
698 4329 826 4388 nostros
852 4321 1059 4386 charissimos
1086 4319 1171 4384 alias

39 4429 123 4498 inita
141 4439 176 4498 et
192 4438 361 4500 contracta
376 4454 436 4516 pro
453 4454 538 4497 anno
555 4431 699 4514 presenti
716 4429 838 4494 Nostre
859 4427 1026 4512 Mejestati
1045 4425 1170 4492 solvere

40 4538 215 4622 debebunt,
231 4541 326 4607 uobis
353 4547 386 4604 et
402 4539 443 4608 ad
462 4545 605 4604 nostram
624 4536 796 4602 Cauiorum
817 4557 875 4619 por
900 4530 1042 4598 nobilem
1069 4534 1169 4602 virum
