3214 5250
323 353 387 414 648
680 367 912 411 omaourczmr
930 351 1096 410 aurdanu.

322 527 532 612 deburgensis
549 533 608 593 etc.
625 528 735 592 volens
751 534 784 591 et
810 526 982 591 intendens
1008 525 1128 591 dictam
1154 549 1271 609 pacem
1287 533 1322 590 et
1350 524 1470 589 omnia

322 645 356 702 et
372 639 502 720 singula
519 638 553 701 in
569 637 786 701 instrumento
801 635 903 717 ipsius
919 635 1008 715 pacis
1034 641 1190 699 contenta
1215 634 1410 718 plenissime
1429 641 1467 697 et

322 745 558 811 inviolabiliter
574 743 755 823 observare,
773 763 910 826 sequeus
928 742 1064 806 sormam
1075 741 1154 806 dicti
1171 742 1314 825 capituli
1332 741 1374 804 de
1393 739 1469 804 dic-

323 859 358 917 to
371 853 558 937 juramento
569 849 755 934 prestando,
775 850 808 912 in
818 851 988 932 presencia
1003 855 1035 912 ct
1046 849 1087 912 ad
1098 849 1353 931 requisicionem
1365 869 1468 933 egre·

321 961 446 1042 giorum
463 966 497 1024 et
516 958 671 1023 nobilium
697 959 840 1022 virorum
867 956 1070 1022 dominorum
1097 957 1263 1021 Ireonardi
1292 956 1461 1022 Dandulo

320 1067 443 1134 Militis
461 1065 687 1132 Procuratoris
709 1064 805 1130 Santi
817 1065 933 1144 Marci,
945 1071 976 1129 et
987 1064 1227 1129 Penthaleonis
1239 1063 1356 1129 Barbo
1369 1065 1469 1130 Mili-

323 1178 376 1257 tis,
392 1180 652 1260 procuratorum,
678 1174 939 1239 ambasiatorum
965 1181 996 1237 et
1024 1171 1231 1255 syndicorum
1258 1173 1410 1237 illustris
1429 1181 1469 1238 et

323 1285 454 1350 Excelsi
465 1283 597 1349 Domini
615 1282 736 1347 domini
747 1281 886 1346 Antonii
897 1279 1040 1348 Venerio
1052 1282 1163 1345 Incliti
1175 1280 1277 1345 Ducis
1295 1279 1472 1348 Venecia-

323 1416 393 1458 rum
411 1399 480 1474 ete,
496 1399 528 1456 et
544 1388 765 1455 Consiliorum
782 1409 913 1454 suorum
931 1395 1029 1470 atque
1049 1390 1155 1452 tocius
1182 1387 1379 1453 Communis
1395 1389 1471 1455 Ve-

323 1503 497 1582 neciarum‚
507 1500 639 1564 absente
651 1498 779 1563 domino
790 1487 1101 1563 Pauleauroceno
1110 1495 1218 1561 Milite
1229 1499 1336 1561 tercio
1348 1518 1472 1562 eorum

324 1611 419 1690 socio,
430 1609 472 1675 ad
484 1609 692 1691 infrascripta
703 1606 889 1690 specialiter
899 1611 933 1670 et
945 1605 1132 1670 solemniter
1144 1607 1414 1686 constitutorum,
1428 1615 1473 1672 ut

324 1726 452 1784 constat
462 1719 674 1782 instrumento
686 1715 724 1779 de
736 1715 908 1798 syndicatu
920 1734 1030 1778 eorum
1043 1713 1164 1796 scripto
1174 1735 1233 1795 per
1244 1713 1472 1779 Leonardum

327 1827 367 1891 de
384 1825 565 1890 Anzolellis
581 1823 620 1888 de
631 1821 785 1888 Veueciis
796 1821 965 1904 Imperiali
976 1820 1172 1885 auctoritate
1183 1827 1216 1884 et
1226 1820 1381 1884 Ducatus
1396 1820 1469 1886 Ve-

325 1936 490 1999 neciarum
507 1930 681 1996 Notarium
698 1929 757 1994 sub
775 1949 860 1993 anno
877 1929 1008 1994 Domini
1026 1928 1197 1992 millesimo
1222 1929 1468 1994 trecentesimo

326 2041 547 2123 octuagesimo
559 2039 697 2122 septimo
708 2037 887 2101 indiccione
898 2034 1086 2100 decima-die
1097 2033 1256 2100 Mercurii
1267 2035 1472 2104 duodecimo

326 2150 445 2213 mensis
460 2146 564 2228 Junii,
581 2148 615 2212 in
632 2167 695 2228 quo
712 2144 844 2228 quidem
859 2146 1076 2209 instrumento
1093 2145 1377 2210 continenturbec
1394 2169 1474 2211 vcr-

325 2259 368 2324 ba
385 2283 392 2323 :
413 2257 516 2322 »Item
533 2255 576 2320 ad
591 2253 813 2336 recipiendum
830 2251 1085 2318 aSerenissimis
1098 2251 1237 2317 dominis
1247 2252 1342 2336 Rege
1353 2255 1473 2337 presa·

327 2374 361 2432 to
378 2371 411 2430 et
426 2363 557 2448 Regina
573 2371 606 2426 et
622 2368 760 2444 utroque
782 2382 892 2425 eorum
913 2360 1135 2443 juramentum
1162 2359 1202 2423 de
1228 2360 1472 2428 observacione

326 2477 416 2558 pacis
426 2471 555 2537 firmate
571 2472 657 2535 inter
674 2469 885 2535 Serenissime
903 2470 1055 2532 memorie
1073 2469 1236 2533 dominum
1255 2469 1469 2535 Ludovicum

326 2583 493 2647 Illustrem
510 2581 636 2664 Regem
652 2579 798 2660 Vngaric
817 2584 876 2642 etc.
893 2599 950 2641 seu
968 2581 1101 2659 agentes
1117 2599 1176 2660 pro
1193 2575 1262 2642 Sua
1278 2579 1470 2662 Majestate

327 2714 366 2757 ex
383 2712 446 2754 uua
465 2695 567 2772 parte,
584 2695 617 2752 et
633 2686 777 2751 Illustris
793 2687 947 2750 memorie
969 2685 1133 2751 dominum
1149 2683 1320 2751 Andream
1337 2687 1468 2752 Conta-

327 2819 416 2876 reno,
426 2797 552 2861 Ducem
569 2803 602 2860 et
619 2795 797 2860 Commune
818 2793 1046 2874 Veneciarum,
1064 2815 1122 2857 seu
1139 2800 1274 2875 agentes
1291 2815 1352 2876 pro
1363 2797 1411 2860 eis
1424 2819 1469 2860 ex

328 2908 443 2986 altera,
459 2912 496 2969 ut
512 2906 546 2968 in
561 2905 776 2968 instrumento
792 2902 880 2966 dicte
896 2902 986 2986 pacis
1002 2907 1175 2983 cavetur«;
1193 2923 1232 2965 ac
1249 2901 1326 2965 visis
1341 2901 1469 2969 litteris

327 3015 509 3081 Ducalibus
537 3013 621 3078 datis
638 3013 671 3076 in
688 3012 741 3077 die
757 3019 873 3094 quarto
889 3009 1044 3094 Augusti,
1059 3033 1119 3094 per
1136 3033 1217 3094 quas
1233 3011 1374 3076 libertas
1389 3035 1470 3078 con-

329 3123 456 3188 ceditur
473 3122 709 3204 prenominatis
725 3119 864 3184 dominis
875 3117 1180 3198 Ambariatoribus
1197 3119 1285 3202 quod
1301 3119 1392 3184 solus
1408 3121 1470 3185 do·

332 3234 437 3298 minus
454 3232 527 3296 Rex
540 3230 640 3314 juret,
656 3235 754 3312 prout
763 3233 855 3311 patet
871 3227 905 3291 in
915 3228 996 3312 ipsis
1012 3227 1131 3292 litteris
1149 3229 1194 3291 sic
1210 3229 1468 3311 incipientibus:

335 3340 400 3402 »ut
416 3339 520 3422 primo
538 3338 580 3402 ad
597 3337 717 3403 factum
734 3336 932 3401 sacramenti
948 3335 1038 3418 pacis
1055 3341 1114 3400 etc.
1135 3334 1224 3418 quod
1249 3356 1361 3400 sumus
1388 3360 1467 3402 con-

329 3451 423 3530 tenti,
439 3450 525 3532 quod
542 3469 607 3512 non
623 3446 783 3530 possendo
800 3467 855 3510 vos
873 3445 970 3510 aliter
989 3444 1117 3510 faeere«
1132 3470 1138 3524 ;
1156 3445 1306 3510 dominus
1322 3445 1396 3510 Rex
1413 3469 1468 3510 so-

330 3558 381 3625 lus
399 3558 521 3639 absque
538 3557 669 3620 domina
684 3556 813 3636 Regina
829 3554 906 3618 fecit
924 3551 1047 3618 dictum
1058 3560 1299 3618 sacramentum
1310 3575 1469 3638 corpora·

330 3666 407 3731 liter
423 3666 521 3730 tactis
538 3665 707 3748 scripturis
724 3663 767 3728 ad
784 3662 909 3728 Sancta
925 3661 988 3726 Dei
999 3661 1189 3745 Ereugelia,
1206 3661 1392 3744 predictam
1410 3686 1469 3746 pa-

331 3796 408 3856 cem,
424 3781 458 3838 et
475 3774 582 3836 omnia
599 3779 631 3836 et
657 3771 787 3853 singula
803 3770 956 3853 capitula,
982 3776 1080 3852 pacta
1106 3777 1140 3842 et
1165 3771 1400 3836 convenciones
1427 3795 1471 3837 ac

334 3883 546 3960 remissiones,
564 3888 596 3945 et
615 3881 723 3944 onmia
740 3886 774 3942 et
790 3878 920 3960 singula
947 3879 980 3942 in
1007 3879 1234 3944 instrumentis
1260 3879 1346 3943 dicte
1375 3883 1470 3962 pacis

332 3995 487 4053 contenta
504 3987 674 4052 attendere
691 3993 724 4050 et
740 3987 904 4051 observari
924 3985 1042 4067 lacere,
1058 3987 1184 4068 absquo
1201 3989 1398 4070 ercepcione
1416 3989 1469 4052 rel

318 4095 417 4174 dolo,
434 4093 468 4159 in
485 4117 570 4178 pena
586 4101 618 4159 et
635 4094 694 4158 sub
711 4117 795 4177 pena
817 4101 970 4158 contenta
987 4095 1019 4158 iu
1047 4095 1269 4160 contractibus
1286 4097 1379 4178 pacis
1396 4118 1470 4178 pre-

332 4203 418 4268 dicte
435 4210 467 4267 et
484 4203 543 4269 sub
560 4202 764 4285 obligaeione
781 4203 940 4267 bonorum
961 4205 1104 4267 onmium
1120 4203 1257 4286 Regalis
1274 4204 1468 4288 Majeslatis

332 4312 566 4393 prenominato,
582 4313 777 4376 renuncians
793 4331 888 4393 super
904 4311 1055 4375 omnibus
1067 4319 1099 4376 et
1111 4312 1248 4394 siugulis
1263 4317 1469 4399 suprascrip·

334 4419 375 4482 tis
402 4418 587 4500 excepcioni
614 4418 681 4482 doli
707 4417 785 4483 mali
812 4425 845 4481 et
861 4420 895 4482 in
911 4419 1044 4500 lactum,
1060 4420 1263 4484 condiccioui
1280 4422 1350 4485 sine
1369 4445 1467 4488 rausa

335 4523 384 4588 vel
401 4544 439 4588 ex
455 4523 577 4591 iniusta
593 4547 700 4610 causa,
716 4526 778 4592 sori
795 4527 977 4614 privilegio,
994 4537 1026 4596 et
1044 4527 1193 4596 omnibus
1212 4530 1339 4599 iuribus
1366 4531 1466 4598 cirili·
