3248 5242
643 360 738 425 1393.

651 670 727 732 460.

27 852 31 861 ·
125 830 277 918 Herocya
294 831 439 894 boszruai
446 831 533 917 fliur
549 832 581 894 e's
596 830 727 893 testre're
743 829 896 894 eclanensi
903 832 1131 918 pclqdrokaak
1139 831 1255 918 felett-

581 938 691 1003 lctaek.
711 941 806 1003 1393.

234 1097 424 1166 Anthonius
440 1095 585 1166 Venerio
601 1097 664 1164 Dei
680 1100 790 1182 gratia
806 1098 881 1165 Dux
898 1097 1114 1166 Venetiarum
1130 1097 1257 1162 univer·

16 1197 18 1218 ³
125 1210 170 1273 sis
187 1214 219 1273 et
236 1210 374 1292 singulis
390 1213 459 1274 tam
474 1208 585 1275 amicis
600 1229 696 1292 quam
713 1207 871 1291 fidelibus,
897 1213 931 1274 et
958 1214 1025 1278 tam
1050 1205 1257 1292 presentibus

125 1337 225 1400 qnam
235 1315 363 1397 futuriS,
373 1337 510 1401 presens
519 1317 727 1402 priuilegium
737 1319 933 1403 inspecturis
950 1318 1090 1386 salntem
1107 1320 1140 1381 et
1156 1315 1256 1382 sinos·

124 1447 162 1489 re
178 1424 362 1490 dilectionis
379 1424 540 1492 affectum.
556 1425 666 1492 Tanto
692 1426 865 1510 benignius
881 1425 1018 1492 Ducalis
1045 1423 1258 1491 Providentia

127 1533 301 1598 consueuit
320 1553 475 1616 personas
492 1535 638 1617 egregias
654 1539 688 1600 et
704 1535 913 1601 honorabiles
930 1534 991 1600 sibi
1019 1530 1208 1599 amicabiles
1225 1535 1258 1596 et

128 1641 264 1706 devotas
281 1639 459 1707 honoribus
475 1643 653 1725 prevenire,
669 1642 875 1727 ipsorumque
891 1643 986 1710 fidem
1004 1649 1037 1707 et
1053 1639 1256 1705 devotionem

128 1748 238 1833 dignis
253 1748 524 1814 retributionibus
541 1757 762 1833 compensare,
779 1771 817 1816 ac
836 1751 923 1835 ipsas
949 1750 1114 1818 dotalibus
1138 1744 1257 1812 favori·

126 1857 188 1925 bus
220 1856 414 1937 convallare,
447 1862 481 1922 et
511 1859 657 1942 ipsorum
689 1859 865 1941 petitiones
898 1859 1066 1926 liberalius
1096 1855 1255 1922 exaudire

127 1969 251 2049 quanto
263 1963 408 2031 Ducatui
419 1970 532 2032 nostro
548 1965 731 2032 devotiores
748 1965 811 2032 fide
822 1971 857 2031 et
867 1964 1018 2049 operibus
1028 1986 1061 2030 se
1072 1963 1257 2030 ostendunt.

128 2071 349 2140 Attendentes
366 2072 467 2156 igitur
483 2073 676 2156 multiplicis
691 2072 914 2139 benevolentie
924 2074 1099 2158 puritatem
1115 2077 1148 2137 et
1164 2070 1259 2136 devo·

126 2181 228 2248 tionis
244 2180 486 2264 plenitudinem,
504 2201 603 2264 quam
621 2181 786 2265 Egregius
802 2202 841 2248 ao
860 2179 1058 2266 Magnificus
1083 2180 1132 2244 vir
1157 2177 1258 2245 domi·

127 2311 189 2355 nus
205 2287 374 2373 Obervoye
391 2288 559 2375 Voyvoda,
583 2287 670 2354 filius
695 2289 832 2356 condam
858 2288 1015 2375 Voyvode
1038 2287 1259 2354 Bossinensis·

127 2396 170 2464 ad
189 2395 310 2463 Nostro
326 2395 566 2479 Magnitudinis
583 2396 818 2465 Excellentiam
835 2397 955 2464 habere
967 2399 1126 2483 promptis
1137 2396 1258 2466 affecti·

127 2505 189 2572 bus
205 2527 238 2570 se
255 2504 411 2588 ostendit,
427 2505 482 2588 qui
499 2505 534 2570 in
549 2501 686 2588 agendis
703 2527 772 2587 nos,
789 2504 958 2573 Ducatum
982 2511 1130 2576 nostrum
1145 2513 1180 2572 et
1195 2505 1260 2576 sin·

127 2614 259 2698 gulares
274 2633 428 2697 personas
443 2611 594 2680 Duoatus
619 2613 762 2682 eiusdem
788 2616 1000 2699 tangentibus
1027 2621 1211 2700 promptum
1227 2619 1260 2678 et

131 2721 282 2790 devotum
298 2720 510 2788 laudabiliter
526 2729 558 2788 et
582 2723 783 2789 incessanter
809 2745 843 2790 se
859 2724 990 2812 prebuit
1016 2731 1115 2808 atque
1142 2722 1259 2809 prebet

129 2830 401 2917 suplicationibus
417 2831 512 2897 nobis
529 2851 589 2897 sua
604 2837 699 2915 parte
709 2833 867 2916 porrectis
878 2833 1053 2916 gratiosius
1070 2837 1260 2911 annuentes,

50 2919 58 2931 ⁵
129 2940 293 3025 prelatum
320 2937 533 3022 Magnificum
559 2938 726 3007 dominum
751 2939 955 3026 Chervoyam
979 2937 1172 3026 Voyrodam
1188 2958 1260 3006 uos·

129 3054 259 3114 trorum
284 3047 429 3112 omnium
454 3047 663 3113 consiliorum
689 3054 722 3113 et
748 3047 1049 3114 ordinamentornm
1075 3047 1260 3116 necessaria

129 3157 335 3224 solemnitate
351 3161 482 3223 servata
498 3156 531 3219 in
549 3156 712 3226 Venetam
728 3157 830 3222 civem
848 3163 994 3224 nostrum
1010 3177 1083 3222 cnm
1100 3156 1168 3222 suis
1184 3153 1260 3224 filiis

129 3269 162 3330 et
179 3261 352 3330 heredibus
363 3268 523 3349 perpetuo
542 3265 721 3348 recepimus
739 3270 837 3352 atque
853 3265 1036 3349 recipimus,
1053 3269 1086 3330 et
1096 3261 1261 3333 Venatum

130 3378 163 3437 et
180 3370 284 3438 civem
311 3377 456 3437 nostrum
473 3371 609 3441 fecimus
635 3380 669 3438 et
694 3371 839 3454 iacimus,
866 3377 899 3440 et
915 3395 974 3458 pro
1000 3371 1129 3440 Veneto
1146 3378 1178 3438 et
1194 3372 1262 3440 cive

134 3486 250 3547 nostro
267 3501 340 3546 oum
367 3481 432 3547 suis
447 3479 523 3546 filiis
540 3486 573 3546 et
597 3480 773 3548 heredibus
799 3483 832 3546 in
857 3479 1005 3550 Venetiis
1021 3488 1055 3548 ct
1079 3480 1157 3547 alibi
1175 3478 1263 3546 dein-

129 3609 208 3675 ceps
224 3588 341 3655 baberi
356 3595 390 3656 et
405 3590 575 3673 procurari
592 3590 679 3657 omni
697 3587 815 3656 effectu
832 3597 864 3655 et
888 3589 1091 3675 plenitudine
1116 3590 1263 3655 volumus

130 3703 165 3762 et
180 3698 338 3778 tractari;
363 3699 468 3782 ipsum
483 3699 607 3764 sincere
623 3698 848 3766 benevolentis
873 3699 1015 3767 brachiis
1040 3698 1263 3783 amplexantes

130 3813 164 3872 et
190 3805 327 3873 firmiter
352 3812 543 3888 statuentes,
568 3807 658 3893 quod
684 3807 820 3892 singulis
845 3807 1064 3889 libertatibus,
1090 3805 1263 3889 beneficiis,

133 3913 394 3980 immunitatibus
412 3921 444 3980 et
460 3914 639 3982 honoribus
658 3917 925 4002 quibuscumque,
950 3915 1067 4000 quibus
1092 3915 1148 3982 alii
1164 3915 1264 3980 hono·

129 4021 251 4088 rabiles
269 4023 389 4092 Veneti
405 4029 439 4088 et
455 4024 541 4090 cives
558 4025 660 4090 nostri
677 4025 823 4109 gaudent
839 4032 871 4090 et
887 4024 1008 4108 perfrui
1019 4022 1264 4106 dignoscuntur,

132 4130 278 4215 prefatus
306 4131 455 4198 dominns
471 4130 643 4218 Oberuoye
667 4131 829 4218 Voyvoda
854 4154 928 4199 cum
946 4132 1012 4199 suis
1038 4129 1212 4196 heredibus
1229 4129 1264 4194 in

128 4237 281 4310 Venetiis
299 4245 333 4304 et
349 4246 444 4305 extra
459 4246 617 4324 perpetuo
633 4241 775 4323 gaudeat
792 4246 827 4304 et
851 4243 980 4320 utatur,
1007 4236 1111 4302 Nobis
1137 4255 1264 4319 quoqne

129 4345 279 4432 prelatus
296 4347 446 4414 dominus
463 4346 629 4435 (lherroyc
647 4349 808 4436 Voyvoda
824 4372 881 4435 per
899 4370 991 4414 suum
1016 4351 1264 4432 procuratorem

130 4455 311 4538 legitimum
328 4458 507 4524 solenniter
517 4459 560 4524 ad
570 4457 695 4526 Sancta
706 4457 769 4525 Dei
780 4459 961 4543 Evangelia
971 4456 1114 4544 prestitit
1126 4451 1265 4522 fidelita-

131 4565 175 4630 tis
192 4565 338 4633 debitum
352 4565 582 4650 juramentum.
598 4567 639 4634 ln
657 4568 747 4653 cnjus
766 4567 813 4633 rei
830 4567 926 4635 fidem
942 4575 976 4635 et
986 4568 1181 4636 evidentiam
1197 4568 1265 4649 ple·
