3210 5252
577 413 675 494 1373,
1148 418 1190 480 49

1 587 2 694 i
66 591 104 656 sit
129 593 198 656 eius
225 596 394 676 cognatus,
418 597 455 656 ut
481 591 673 671 audirimus,
698 589 854 658 formidet
878 596 912 656 et
936 591 1057 658 habeat
1075 596 1190 662 meritc

1 697 248 781 formidare,
271 707 303 765 et
328 719 388 782 pro
404 701 579 764 securitate
596 700 645 763 sui
663 705 730 764 stat
732 721 769 764 ns
784 707 816 764 e
802 700 950 764 taliis
923 721 991 765 erus
1010 704 1191 786 prerogati-

1 801 2 930 l
66 808 118 890 ris,
137 815 175 874 ut
191 830 213 872 a
228 807 320 874 mult'
297 815 339 873 trs
356 807 511 887 creditur,
528 806 706 890 expediret,
723 807 837 889 quod
829 828 899 891 ipse
916 803 1189 890 Oanisseguorius
1322 889 1325 896 y

65 936 96 981 se
119 928 236 982 contra
260 915 327 981 dict
313 921 385 981 tum
410 913 638 980 Bernabonem
663 936 736 980 cum
762 914 914 980 Romana
937 915 1087 982 Ecclesia
1102 917 1192 982 oolli-

65 1031 172 1108 garet3
197 1044 262 1106 que
278 1023 445 1106 colligatio
462 1023 566 1088 eidem
581 1022 727 1088 Ecclesie
743 1022 786 1088 ad
801 1023 1102 1090 exterminationem
1118 1046 1192 1109 pre·

1 1158 2 1214 3
64 1132 119 1197 fati
144 1132 351 1199 Beruabouis
376 1131 426 1196 sui
440 1131 545 1196 hostis
561 1136 596 1196 et
610 1131 828 1214 persecutoris
854 1129 991 1196 multum
1008 1133 1098 1198 utilis
1116 1154 1190 1216 pro·

1 1225 2 1304 i
63 1240 214 1307 babiliter
230 1239 435 1319 redderetur,
450 1244 482 1303 et
498 1259 555 1304 nos
572 1259 647 1322 sepe
663 1239 889 1319 audiverimus,
900 1241 987 1322 quod
998 1241 1065 1324 ipse
1076 1239 1192 1306 Canis·

1 1347 2 1364 ²
65 1349 228 1434 segnorius
254 1353 305 1413 est
326 1353 403 1412 tuus
419 1345 554 1414 devotus
572 1349 754 1430 precipuus,
770 1353 803 1412 et
812 1346 952 1414 libenter
968 1351 1032 1414 tuis
1048 1349 1191 1415 consiliis

1 1527 2 1548 ,
63 1457 247 1541 acquiescit,
262 1461 395 1538 gratum
406 1455 650 1540 quamplumum
665 1454 871 1538 haberemus,
888 1458 915 1522 si
927 1454 1091 1524 Serenitas
1107 1456 1190 1541 Tua,

1 1595 2 1638 1
62 1567 165 1649 siquo
182 1563 281 1630 modo
297 1562 359 1630 hoc
376 1561 529 1630 decenter
545 1561 654 1630 facere
670 1565 803 1647 poteris,
819 1569 1033 1632 memoratum
1053 1561 1191 1630 Canem·

1 1745 2 1748 Ἴ
63 1674 244 1756 segnorium
269 1670 407 1737 inducat
422 1671 465 1737 ad
481 1667 701 1753 colligandum
717 1691 751 1736 se
767 1691 839 1738 cum
855 1671 944 1740 diota
966 1669 1123 1756 Ecclesia,
1139 1673 1190 1740 vel

1 1783 2 1855 ξ
62 1779 101 1845 ed
116 1781 201 1846 alias
212 1781 241 1845 ei
252 1777 463 1846 tribuendum
479 1779 638 1844 auxilium
653 1787 689 1846 et
703 1778 857 1846 savorem.
873 1779 1032 1846 Preterea
1046 1783 1124 1848 licet
1142 1782 1188 1848 di·

1 1931 2 1948 ,
62 1889 133 1955 lecti
147 1888 209 1954 filii
226 1888 367 1972 populus
383 1885 593 1956 Florentiuus
608 1889 674 1954 sint
690 1911 763 1956 cum
778 1889 870 1957 dicta
884 1892 1034 1958 Ecclesia
1056 1892 1189 1975 colliga·

1 1987 2 2062 }
61 2000 93 2080 ti,
108 2003 141 2065 et
158 1996 328 2082 colligatio
354 1995 536 2062 huiusmodi
553 2003 698 2082 tempore
717 2000 922 2066 necessitatis
940 2021 1061 2084 eorum,
1075 1999 1187 2066 videli-

60 2113 110 2173 cet
124 2104 257 2189 quando
272 2103 359 2169 idem
369 2102 539 2170 Bernabos
549 2110 665 2170 contra
677 2112 782 2188 pacta,
793 2127 856 2189 que
867 2107 936 2190 ipse
948 2113 982 2174 et
992 2108 1117 2174 Domus
1129 2129 1188 2174 sua

1 2227 2 2234 ’
61 2214 223 2282 habebant
255 2235 329 2280 cum
359 2214 415 2296 eis,
445 2234 599 2298 perverso
630 2234 720 2280 more
752 2235 811 2281 suo
843 2213 1019 2282 infideliter
1049 2218 1187 2299 veniens,

61 2323 243 2390 intraverat
257 2323 420 2402 Tusciam,
436 2328 469 2388 et
485 2321 680 2390 molestabat
690 2322 829 2403 eosdem,
839 2329 874 2388 et
884 2322 927 2388 ad
937 2345 1049 2390 eorum
1064 2326 1189 2390 instan-

1 2415 2 2420 ἵ
61 2432 139 2497 ciam
155 2437 306 2498 tractata
324 2429 446 2496 fuerint
461 2437 494 2495 et
508 2429 650 2510 firmata,
666 2434 700 2493 et
717 2430 849 2512 quando
864 2437 1057 2515 receperunt
1072 2451 1092 2496 a
1109 2453 1188 2514 qua-

1 2584 2 2625 3
63 2539 135 2606 dam
169 2539 328 2606 societate
352 2559 411 2622 per
426 2537 550 2604 dictum
565 2536 794 2603 Beruabouem
812 2538 972 2605 submissa
992 2537 1189 2621 conflictum,

1 2692 2 2720 2
61 2647 187 2730 prefata
212 2645 366 2714 Ecclesia
395 2667 546 2730 magnam
562 2651 691 2729 gentem
708 2647 902 2729 armigeram
918 2645 1132 2713 destinaverit
1147 2648 1191 2712 ad

1 2787 2 2794 ¹
62 2755 198 2838 eosdem,
214 2745 370 2840 'guerram
388 2755 562 2838 propriam,
578 2776 678 2837 quarn
688 2759 766 2818 tuuc
782 2752 927 2819 habebat
942 2775 1002 2837 pro
1019 2776 1189 2838 recupera-

60 2865 144 2928 tione
170 2885 230 2928 sue
256 2861 410 2930 Civitatis
426 2861 595 2942 Perusine,
612 2883 677 2927 non
692 2862 815 2944 absque
832 2861 935 2928 multo
950 2861 1068 2928 damno
1085 2869 1118 2928 et
1134 2883 1188 2946 pe-

1 3037 2 3046 ,
59 2971 159 3038 riculo
170 2969 377 3051 dimittendo;
393 2969 426 3036 in
442 2971 585 3054 presenti
602 2975 713 3036 tamen
729 2990 856 3053 guerra,
876 2990 974 3054 quam
988 2970 1061 3054 ipsa
1077 2970 1189 3036 Eccle-

1 3075 2 3154 ἶ
60 3081 106 3144 sia
129 3077 255 3146 habere
271 3079 400 3164 cogitur
416 3100 456 3145 ex
472 3081 570 3162 culpa
594 3078 675 3145 dicti
693 3077 906 3160 Beruabouis,
922 3080 979 3161 qui
995 3098 1108 3161 pacem
1125 3075 1189 3142 fac-

1 3205 2 3278 }
58 3193 121 3254 tam
147 3210 222 3254 cum
239 3209 288 3270 eo,
304 3188 410 3272 primo
427 3185 555 3252 dilectis
571 3185 648 3252 filiis
669 3185 834 3253 nobilibus
849 3188 927 3253 viris
943 3184 1188 3252 Marchionibus

58 3295 261 3378 Elatensibus,
276 3296 395 3361 nostris
410 3295 445 3360 in
461 3292 603 3361 Civitate
619 3295 827 3361 Ferrariemi
842 3294 984 3366 Vicariis
1000 3299 1034 3360 et
1050 3313 1123 3358 curn
1138 3313 1190 3358 ea·

58 3403 129 3468 dem
145 3401 301 3468 Ecclesia
316 3402 490 3486 colligatis,
499 3407 532 3466 et
548 3399 665 3468 deiude
682 3403 744 3485 ipsi
759 3403 914 3486 Ecclesia,
929 3399 1110 3468 invadendo
1126 3407 1190 3466 ter-

1 3495 2 3504 *
56 3513 170 3578 ritoria
196 3511 344 3578 eiusdem
358 3510 577 3578 Ferrariensis
603 3517 637 3576 et
660 3509 877 3578 Bononiensis
894 3509 1082 3593 (licitatum,
1103 3529 1190 3594 speo-

1 3649 2 3652 ¹
57 3621 198 3686 tantiam
215 3620 260 3686 ad
275 3619 458 3685 Ecclesiam
483 3619 690 3702 prelibatam,
722 3617 906 3685 adinventis
925 3620 1118 3703 quibusdam
1133 3617 1191 3685 fri·

1 3763 3 3777 ι
57 3727 136 3794 solis
162 3725 440 3807 excusationibus,
464 3725 640 3792 uoluerunt
668 3727 884 3808 contribuere,
901 3748 1004 3810 neque
1030 3727 1143 3795 volunt
1156 3729 1190 3792 in

1 3851 2 3927 ᾗ
58 3855 212 3918 magnum
238 3832 325 3900 dicte
345 3832 493 3898 Ecclesia
524 3832 763 3900 detrimentum.
790 3833 937 3918 Cumque
962 3836 1025 3918 ipsi
1052 3835 1191 3919 populus

1 3928 2 4012 i
57 3935 190 4010 devotus
208 3939 280 4007 'Eue
290 3939 505 4006 celsitudinis
524 3947 713 4008 asserantur
725 3941 872 4023 multum,
888 3941 1093 4008 etiamnobis
1105 3947 1191 4006 esset

1 4089 2 4137 ἦ
57 4055 247 4133 acceptum,
274 4049 302 4113 si
327 4049 455 4114 decenti
481 4047 579 4114 modo
604 4047 827 4116 exhortareris
854 4046 994 4129 eosdem,
1020 4048 1106 4132 quod
1130 4071 1190 4133 pro

57 4153 181 4225 honore
197 4163 232 4222 et
246 4155 357 4222 debito
374 4177 413 4222 ao
429 4156 574 4222 utilitate
599 4157 753 4240 ipsorum,
769 4177 841 4222 curn
856 4157 981 4223 nullum
1006 4156 1105 4222 alium
1119 4157 1192 4222 hos·

58 4270 121 4330 tem
138 4287 242 4349 quam
267 4265 390 4332 dictam
406 4261 548 4331 Domum
573 4263 613 4332 dc
640 4264 897 4333 Vicecomitibus
922 4264 1068 4344 hubaqut
1082 4264 1192 4330 sormi-

1 4399 2 4451 ,
58 4371 147 4456 dere,
164 4373 305 4442 eandem
320 4372 504 4440 Ecclesiam
520 4374 552 4438 in
569 4378 771 4440 tantocnere
782 4373 1064 4456 nonrelinquant3
1088 4372 1145 4436 sed
1162 4373 1192 4436 ei

59 4479 134 4548 dent
155 4487 300 4566 gentem,
317 4501 418 4565 quam
438 4481 549 4565 vigore
566 4481 786 4566 colligationis
803 4480 988 4547 huiusmodi
1006 4480 1068 4564 ipsi
1084 4479 1195 4546 Eccle-

1 4571 3 4612 5
100 4621 164 4660 ιον..
181 4617 265 4657 suro.
280 4619 349 4658 arar.
368 4623 411 4640 ·-
429 4618 495 4656 acra
511 4619 572 4656 arr.
589 4617 627 4664 ur.
1060 4592 1083 4656 4
