3226 5254
659 303 752 362 1380.
1210 305 1273 366 337

142 476 186 540 sie
203 479 391 568 coristitutis
407 479 554 562 graciam
579 478 721 562 Regiam
748 499 819 543 cum
847 480 962 544 salute.
985 477 1163 563 Cupientes
1181 479 1277 546 (lom-

143 589 332 653 munitatem
349 586 569 653 Armenorum
587 594 775 654 nostrorum
792 587 826 651 in
842 586 1028 670 Lemburga
1038 583 1184 653 Ciuitate
1201 611 1273 656 nos·

142 699 196 759 tra
214 695 316 760 Terre
332 698 514 781 prescripte
540 705 651 763 nostre
676 696 801 780 perfrui
827 695 911 760 bona
928 696 1017 778 pacis
1033 696 1273 781 tranquilitate,

141 801 260 869 Vestro
278 803 496 870 Vniuersitati
521 827 560 871 ac
585 805 735 872 fidelitati
763 811 876 868 nostro
894 803 998 886 Regio
1015 803 1121 869 edicto
1137 803 1275 870 firmiter

142 913 381 978 committentes
396 913 599 994 mandamus,
627 920 790 996 quatenus
810 911 973 978 Armenes
990 918 1119 980 nostros
1135 915 1169 979 in
1186 911 1277 978 dicta

142 1016 289 1084 Ciuitate
306 1019 549 1105 hamburgense
566 1022 654 1086 intra
670 1026 703 1084 et
720 1026 813 1085 extra
830 1041 938 1084 muros
960 1018 1114 1085 Ciuitatis
1132 1020 1274 1086 eiusdem

142 1125 369 1193 cohabitantes
386 1129 419 1192 in
437 1130 503 1194 suis
520 1127 808 1194 consuetudinibus
825 1135 859 1194 et
876 1128 1030 1208 moribus,
1056 1128 1175 1212 quibus
1192 1129 1274 1195 alias

140 1242 287 1318 tempore
314 1233 521 1301 Serenissimi
548 1235 711 1319 Principis
738 1235 902 1302 Kazimiri
927 1236 1039 1302 eadem
1067 1237 1179 1319 gracia
1195 1237 1274 1302 olim

141 1343 244 1425 Regis
261 1342 399 1408 Polonie
425 1344 519 1411 beate
544 1345 780 1410 reeordationis
805 1352 839 1409 et
863 1343 977 1410 fratris
1003 1345 1107 1410 nostri
1122 1345 1274 1428 preclari,

142 1473 180 1516 ac
207 1459 355 1535 tempore
380 1453 484 1518 nostri
510 1454 677 1536 regiminis
704 1453 869 1536 hueusque
886 1454 934 1518 vsi
951 1457 1026 1518 suut
1042 1459 1074 1518 et
1090 1451 1274 1532 utebantur,

141 1581 180 1623 ex
197 1581 283 1625 nunc
308 1566 405 1644 prout
430 1581 470 1624 ex
494 1567 571 1625 tunc
597 1561 708 1625 vtilrui
725 1559 858 1644 pacifice
875 1567 906 1624 ct
924 1561 1032 1641 quiete
1049 1567 1139 1626 statu
1155 1567 1188 1625 et
1203 1561 1274 1625 iure

141 1668 289 1750 primeuo
306 1663 429 1750 absque
446 1670 533 1733 omisi
549 1689 663 1734 recusa
680 1675 769 1732 stare
780 1675 812 1733 ct
825 1669 932 1732 viuere
949 1669 1147 1751 permittatis
1163 1675 1274 1734 nostre

140 1773 276 1858 Regalis
292 1777 401 1858 gracie
427 1776 486 1842 sub
513 1775 656 1841 obtentu.
684 1776 788 1843 Vobis
813 1775 1043 1841 nichilominus
1058 1781 1170 1841 nostro
1185 1775 1274 1842 fideli

141 1882 266 1948 Baroni
283 1883 463 1967 Magnifico
481 1884 550 1949 viro
566 1882 697 1949 domino
715 1883 740 1948 J
741 1883 861 1948 ohanni
879 1882 1060 1966 Capitaneo
1079 1881 1274 1948 Terrellus-

140 1991 186 2054 sie
203 1991 312 2075 sepius
329 1991 494 2057 nominate
510 1991 723 2074 singulariter
740 1991 973 2056 committimus
985 1990 1180 2067 intimantes,
1195 2011 1275 2074 qna-

141 2105 235 2164 tenus
252 2100 399 2184 superius
425 2099 531 2166 dictos
559 2097 723 2165 Armenos
739 2098 782 2164 ab
798 2100 964 2164 hominum
993 2097 1210 2182 quorumlibet
1227 2099 1275 2162 in-

142 2208 246 2287 iuriis
261 2208 420 2272 molestiis
446 2215 477 2272 et
502 2206 812 2291 perturbacionibus
837 2206 998 2272 vniuersis
1014 2207 1099 2271 tueri
1116 2213 1148 2272 et
1164 2212 1274 2290 prote·

145 2335 223 2397 gere
240 2313 367 2380 solicite
379 2315 534 2395 debeatis,
545 2323 577 2380 et
589 2317 622 2379 in
633 2335 742 2380 eorum
760 2315 831 2379 iure
841 2336 897 2398 por
907 2336 964 2380 vos
980 2321 1012 2380 et
1029 2314 1193 2398 quoslibet
1209 2336 1275 2380 ves-

141 2431 281 2504 trorum,
298 2445 437 2490 necnon
454 2405 537 2488 alios
553 2425 586 2487 in
604 2423 708 2488 Terra
719 2423 838 2489 Russie
855 2424 1059 2508 constitutos,
1075 2445 1163 2490 more
1180 2425 1276 2490 solito

141 2537 232 2596 stare
248 2532 448 2615 permittatis
465 2554 536 2596 cum
552 2529 684 2612 effectu3
701 2532 826 2612 harum,
845 2531 964 2612 quibus
976 2532 1119 2616 sigillum
1128 2541 1274 2599 nostrum
1302 2519 1305 2524 ¹

140 2639 334 2722 impressum
360 2647 419 2720 est,
436 2639 623 2704 testimonio
641 2641 836 2705 litterarum.
858 2639 1035 2706 Preseutes
1052 2648 1161 2706 autern
1178 2641 1273 2707 reddi

139 2748 288 2813 iubemus
305 2769 432 2831 semper
457 2754 533 2830 post
557 2747 725 2813 lecturam.
748 2748 873 2813 Datum
891 2747 924 2812 in
941 2747 1119 2830 Diiosgenr
1136 2750 1275 2832 septima

141 2855 195 2920 die
212 2862 405 2922 octonarum
429 2854 502 2920 festi
530 2855 634 2921 Pasce
660 2876 745 2922 anno
771 2853 911 2920 Domino
928 2855 1099 2920 millesimo
1116 2862 1275 2922 trecente·

141 2967 222 3030 simo
240 2965 472 3048 octuagesimo.

142 3111 174 3176 (I.
190 3111 306 3160 Ulaszlb
329 3112 440 3176 lcngycl
463 3109 611 3175 lrirdlynak
637 3111 748 3162 raar-ki
773 3111 940 3174 megercsico
960 3109 1166 3174 olrmainyab613
1186 3110 1276 3160 mtto·

227 3203 283 3250 lata
298 3202 434 3266 Lamberg
448 3201 583 3251 vtrosnak
598 3202 774 3251 leveltrlrbsn
787 3217 803 3250 a
816 3201 875 3265 regi
889 3201 1005 3264 coplslis
1019 3201 1186 3263 ldnyvben.)

760 3365 788 3372 —-

673 3491 746 3552 160.

141 3651 171 3712 1.
190 3653 290 3734 Lojos
305 3673 446 3737 oropyor
462 3651 494 3713 e‘s
511 3649 631 3736 leapyel
649 3650 832 3736 kirdlyaalo
849 3676 869 3715 u
879 3651 1036 3737 florunczr'
1054 3652 1274 3736 lcdztdrsasdq.

661 3761 757 3822 1380·

358 3919 444 4002 Regi
461 3917 609 4002 Ungarie

252 4027 468 4094 Serenissime
501 4032 602 4109 atque
637 4026 844 4091 invictissime
876 4025 1044 4111 Princeps,
1072 4047 1145 4108 spes
1177 4025 1274 4090 unica

104 4169 108 4182 ·
145 4137 248 4204 nostri
275 4134 474 4219 Communis,
491 4142 532 4199 et
559 4133 677 4217 Populi
703 4132 889 4199 Florentini
913 4132 1074 4219 refugium
1100 4133 1274 4216 singulare.

144 4245 258 4329 Nuper
276 4246 469 4326 audivimus,
484 4243 571 4328 quod
589 4241 781 4309 Gualterius
797 4241 918 4308 Sandri
936 4243 976 4307 de
994 4242 1182 4309 Pontinaris
1198 4241 1276 4307 civis

146 4361 256 4419 noster
272 4345 423 4436 dilectus,
439 4351 514 4418 dum
533 4353 565 4417 in
583 4353 715 4417 civitate
733 4357 842 4416 vestra
858 4350 985 4417 ‹ledare
1002 4358 1195 4426 moraretur,
1213 4371 1274 4433 pro

145 4465 208 4527 suis
225 4467 257 4526 et
274 4463 435 4526 sociorum
453 4481 585 4526 suorum
602 4458 744 4542 negociis
754 4459 955 4538 ordinandis,
973 4459 1077 4525 eidem
1095 4458 1137 4524 ad
1155 4459 1275 4523 emulo-

193 4600 255 4634 aos.
273 4599 354 4634 ariao.
372 4599 440 4634 nrsr.
458 4607 500 4618 —-
517 4597 583 4634 acra
599 4598 658 4632 axr.
676 4597 713 4631 nr.
1125 4572 1166 4632 22
