3226 5254
378 387 441 450 340
517 380 521 402 ¹
592 419 595 426 ·
734 389 1150 446 orericuaczraremnunn.

374 563 641 630 Commissarium
662 582 700 626 ac
717 561 881 627 Nuntium
898 559 1076 644 specialem
1102 557 1142 623 ad
1169 561 1327 644 predicta,
1343 567 1376 624 et
1394 579 1460 640 que
1477 561 1516 623 in

375 671 530 756 predictis
546 672 730 756 exiguntur,
747 667 907 751 facienda,
924 671 1161 752 constituimus,
1187 690 1344 752 creamus
1361 674 1396 733 et
1421 667 1516 734 ordi-

375 804 499 848 namus.
516 779 643 846 Dantes
660 786 693 844 et
708 778 922 845 concedentes
939 800 1000 863 per
1010 783 1179 863 presentes
1195 780 1343 845 eidemin
1358 778 1424 844 hac
1434 799 1518 862 par-

374 897 407 954 te
424 889 573 956 totaliter
589 891 674 953 vices
692 893 840 973 nostras;
864 909 930 953 non
946 892 1135 953 revocantes
1152 892 1328 971 propterea
1353 885 1420 952 alla
1436 907 1518 950 nos·

376 1004 430 1062 tra
447 997 604 1063 mandata
620 995 682 1061 sibi
698 997 781 1061 alias
798 994 895 1078 facta,
914 995 971 1061 sed
987 997 1099 1079 pocius
1116 994 1364 1075 confirmantes;
1389 994 1443 1058 cui
1461 1014 1520 1058 re·

375 1107 442 1171 litis
460 1106 502 1171 ad
519 1105 620 1189 ipsius
637 1104 888 1187 requisicionem
905 1103 945 1169 de
962 1105 1106 1188 pecuniis
1120 1104 1237 1169 uestris
1253 1124 1352 1185 nsque
1369 1099 1413 1166 ad
1424 1122 1521 1165 sunr-

375 1235 461 1280 mam
478 1211 674 1278 florenorum
691 1212 741 1280 ΟΙῃ
762 1219 873 1278 mutue
890 1211 970 1278 dare
987 1219 1086 1297 atque
1103 1211 1288 1294 concedere,
1308 1217 1341 1276 et
1355 1210 1420 1294 ipsi
1437 1231 1520 1274 nos-

375 1325 419 1388 tri
433 1329 527 1405 parte
544 1322 715 1405 recipienti
732 1323 810 1388 dicti
826 1323 956 1387 nomine
973 1323 1078 1386 mutui
1104 1321 1325 1386 amicabiliter
1342 1317 1520 1384 exhibere.

377 1427 435 1496 Ad
452 1451 589 1512 quarum
609 1428 740 1514 quidem
765 1431 976 1512 pecuniarum
1001 1431 1245 1496 restitucionem
1261 1430 1295 1493 in
1319 1427 1519 1512 prefigendo

375 1558 433 1619 per
449 1555 504 1601 vos
520 1539 670 1616 termino,
689 1542 721 1601 et
737 1535 796 1602 sub
814 1536 919 1619 pactis
936 1542 967 1601 et
992 1534 1245 1618 condicionibus,
1265 1535 1383 1620 quibus
1401 1535 1518 1602 dictus

376 1645 525 1711 dominus
541 1645 711 1711 dohannes
736 1645 850 1710 Banus
877 1644 1039 1728 obligabit
1066 1653 1097 1710 et
1124 1666 1158 1710 se
1184 1644 1333 1729 obligare
1359 1646 1520 1725 nolucrit,

376 1752 468 1818 vobis
491 1753 717 1818 mutuantibus
743 1753 862 1817 erimus
887 1753 1112 1836 principaliter
1128 1752 1274 1836 obligati,
1300 1757 1333 1819 et
1359 1773 1398 1816 ex
1424 1775 1520 1818 nune

377 1859 578 1944 obligamu1·;
603 1861 824 1944 approbantes
840 1881 899 1944 per
915 1867 1080 1944 presentes
1097 1862 1213 1942 omnia,
1239 1883 1300 1944 que
1326 1881 1384 1944 per
1402 1862 1519 1944 ipsum

377 1969 410 2032 in
427 1967 581 2050 predictis
597 1974 630 2032 et
646 1968 733 2034 circa
749 1968 898 2052 predicta
923 1975 1107 2053 agerentur,
1124 1975 1158 2035 ct
1174 1991 1237 2053 que
1253 1970 1286 2034 in
1306 1969 1431 2034 talibus
1462 1993 1519 2035 re·

378 2076 564 2158 quiruntur.
579 2077 626 2141 Et
641 2075 684 2141 ad
703 2077 857 2141 maiorem
874 2076 1033 2143 cautelam
1044 2082 1186 2141 vestram
1204 2078 1290 2160 ipsas
1307 2077 1366 2141 sub
1383 2076 1517 2142 eisdem

377 2183 533 2266 terminio,
549 2183 654 2266 pactis
665 2186 698 2247 et
716 2181 957 2249 condicionibus
968 2205 1027 2250 nos
1042 2183 1214 2250 restituere
1224 2185 1379 2267 pecunius
1388 2181 1515 2249 harum

378 2292 481 2356 eciam
497 2292 581 2356 serie
591 2287 653 2356 'sub
664 2298 778 2358 nostro
795 2291 893 2358 verbo
905 2292 1010 2375 Regio
1021 2292 1242 2376 promittimus
1253 2298 1286 2357 et
1295 2290 1433 2357 firmiter
1442 2295 1521 2376 pol-

377 2397 519 2462 licemur.
536 2399 609 2463 Has
627 2407 736 2463 autem
762 2400 891 2466 litteras
906 2397 975 2464 fieri
993 2399 1229 2480 mandabimus,
1246 2407 1279 2464 et
1294 2402 1395 2465 nostri
1411 2403 1521 2466 maio-

379 2506 423 2570 ris
440 2505 537 2587 sigilli
558 2507 709 2572 iussimus
735 2508 945 2590 impressione
971 2508 1100 2572 muniri.
1123 2506 1248 2573 Datum
1273 2506 1439 2590 Zagrebie
1460 2510 1520 2574 die

379 2613 521 2678 secunda
536 2609 629 2678 Junii
644 2614 824 2681 indiccione
840 2615 887 2680 Il.
904 2638 989 2682 anno
1008 2614 1142 2682 Domini
1159 2613 1442 2682 MCOOLXXX.

380 2759 562 2823 (Ugyenenon
576 2760 619 2809 evi
635 2763 784 2811 november
801 2762 876 2810 ro-ki
889 2763 1000 2827 jegyzbi
1022 2763 1193 2826 olrmtnybbl
1219 2762 1291 2812 mint
1314 2762 1407 2822 alam),
1425 2779 1442 2813 a
1466 2765 1520 2813 llo·

753 2852 845 2902 renczi
859 2867 933 2919 nagy
947 2853 1143 2914 levtltetrban.)

905 3160 980 3222 163.

383 3318 551 3403 Kapolyai
566 3321 672 3386 Jdnos
689 3319 806 3406 vujdui
817 3321 961 3386 crimmel
971 3321 1008 3383 -Ι,
1025 3320 1126 3404 Lojos
1142 3319 1324 3404 birrtlpaols
1340 3319 1523 3404 lcormdny·

725 3430 798 3512 adju
817 3427 1044 3492 Galiczidbon.
1070 3430 1166 3492 1380.

488 3585 661 3652 Elisabeth
680 3585 743 3651 Dei
760 3587 876 3670 gracia
890 3586 1001 3670 junior
1016 3585 1147 3671 Regina
1167 3585 1347 3669 Hungarie‚
1374 3584 1523 3653 Polonie

380 3692 550 3759 Dalmacie
566 3700 626 3759 etc.
642 3693 792 3762 fidelibus
803 3696 870 3759 suis
881 3693 1113 3760 Conuentuide
1125 3694 1222 3760 Lelez
1234 3693 1369 3760 salutem
1389 3700 1423 3759 et
1439 3717 1526 3779 gra·

380 3801 473 3868 ciam.
490 3800 725 3868 Diciturnobis
742 3804 775 3868 in
797 3824 936 3887 persona
956 3801 1088 3868 Andrec
1110 3803 1150 3867 de
1169 3801 1314 3886 Malcho,
1334 3802 1523 3888 quodcum

379 3909 449 3991 ipso
466 3932 530 3976 vna
546 3933 617 3975 cum
633 3911 763 3977 domino
779 3913 805 3979 J
806 3911 933 3976 channe
952 3911 1122 3996 Wayvcda
1139 3911 1246 3996 Regni
1265 3911 1379 3993 nostri,
1393 3910 1525 3980 Russie

381 4041 466 4084 anno
483 4021 517 4085 in
534 4021 676 4103 presenti
701 4021 869 4099 existente,
896 4019 1028 4084 domina
1052 4025 1159 4085 mater
1187 4042 1245 4086 sua
1270 4039 1327 4103 per
1348 4019 1525 4087 Jacobum

379 4127 536 4194 famulum
552 4148 644 4193 suum
661 4130 722 4194 sibi
739 4127 884 4212 aliquam
901 4129 1034 4212 pecunie
1051 4131 1280 4211 quantitatem,
1298 4149 1392 4193 vnum
1409 4127 1528 4196 balte-

380 4258 434 4301 um
451 4241 483 4300 et
499 4257 595 4302 vnum
614 4257 730 4320 equum
747 4236 920 4301 indictum
945 4235 1097 4320 Regnum
1113 4235 1242 4321 Russye
1267 4237 1430 4302 misisset:
1448 4234 1529 4303 No·

380 4343 491 4409 colaus
506 4344 545 4408 de
561 4343 702 4410 Bethlen
719 4343 879 4410 diabolico
897 4344 1014 4427 spiritu
1032 4344 1210 4427 instigatus
1226 4365 1324 4428 super
1340 4344 1446 4427 ipsum
1460 4344 1491 4409 J
1491 4369 1528 4412 a·

380 4452 495 4518 cobum
512 4451 668 4519 famulum
684 4453 827 4518 eiusdem
855 4450 991 4516 Andree
1018 4453 1051 4516 in
1075 4452 1179 4517 libera
1206 4452 1257 4517 via
1281 4451 1524 4535 procedentem

379 4559 543 4628 hostiliter
559 4563 712 4629 irruendo
737 4562 841 4644 ipsum
869 4561 1100 4627 miserabiliter
1123 4563 1314 4642 neeauisset,
1336 4565 1369 4626 et
1388 4563 1526 4645 predic-
