<?xml version="1.0" encoding="UTF-8"?>
<!DOCTYPE html PUBLIC "-//W3C//DTD XHTML 1.0 Transitional//EN"
    "http://www.w3.org/TR/xhtml1/DTD/xhtml1-transitional.dtd">
<html xmlns="http://www.w3.org/1999/xhtml" xml:lang="en" lang="en">
 <head>
  <title>
</title>
<meta http-equiv="Content-Type" content="text/html;charset=utf-8" />
  <meta name='ocr-system' content='tesseract 3.04.00' />
  <meta name='ocr-capabilities' content='ocr_page ocr_carea ocr_par ocr_line ocrx_word'/>
</head>
<body>
  <div class='ocr_page' id='page_1' title='image "./magyardiplomacz00wenzgoog_0431.png"; bbox 0 0 3190 5252; ppageno 0'>
   <div class='ocr_carea' id='block_1_1' title="bbox 630 331 1236 395">
    <p class='ocr_par' dir='ltr' id='par_1_1' title="bbox 630 331 1236 395">
     <span class='ocr_line' id='line_1_1' title="bbox 630 331 1236 395; baseline 0.002 -1"><span class='ocrx_word' id='word_1_1' title='bbox 630 331 723 394; x_wconf 78' lang='lat'>1380.</span> <span class='ocrx_word' id='word_1_2' title='bbox 1173 333 1236 395; x_wconf 88' lang='grc'>411</span> 
     </span>
    </p>
   </div>
   <div class='ocr_carea' id='block_1_2' title="bbox 1 503 1239 593">
    <p class='ocr_par' dir='ltr' id='par_1_2' title="bbox 1 503 1239 593">
     <span class='ocr_line' id='line_1_2' title="bbox 1 503 1239 593; baseline 0.003 -23"><span class='ocrx_word' id='word_1_3' title='bbox 1 524 2 528; x_wconf 73' lang='grc'>’</span> <span class='ocrx_word' id='word_1_4' title='bbox 110 503 225 572; x_wconf 86' lang='grc' dir='ltr'><strong>Β6116</strong></span> <span class='ocrx_word' id='word_1_5' title='bbox 242 507 493 591; x_wconf 86' lang='lat' dir='ltr'>Machoviensis,</span> <span class='ocrx_word' id='word_1_6' title='bbox 508 515 586 574; x_wconf 90' lang='lat' dir='ltr'>tunc</span> <span class='ocrx_word' id='word_1_7' title='bbox 602 529 662 591; x_wconf 93' lang='lat' dir='ltr'>pro</span> <span class='ocrx_word' id='word_1_8' title='bbox 687 508 816 572; x_wconf 88' lang='lat' dir='ltr'>domino</span> <span class='ocrx_word' id='word_1_9' title='bbox 841 507 932 589; x_wconf 84' lang='lat' dir='ltr'>Rege</span> <span class='ocrx_word' id='word_1_10' title='bbox 958 507 1239 593; x_wconf 59' lang='grc' dir='ltr'><strong>[1161611606ρί-</strong></span> 
     </span>
    </p>
   </div>
   <div class='ocr_carea' id='block_1_3' title="bbox 37 612 1239 1888">
    <p class='ocr_par' dir='ltr' id='par_1_3' title="bbox 37 612 1239 1888">
     <span class='ocr_line' id='line_1_3' title="bbox 108 612 1239 701; baseline 0.005 -26"><span class='ocrx_word' id='word_1_11' title='bbox 108 618 227 678; x_wconf 81' lang='grc'><strong>161616</strong></span> <span class='ocrx_word' id='word_1_12' title='bbox 243 612 416 680; x_wconf 82' lang='lat' dir='ltr'><strong>Generalis</strong></span> <span class='ocrx_word' id='word_1_13' title='bbox 434 616 642 701; x_wconf 84' lang='lat' dir='ltr'>Ungaroruru</span> <span class='ocrx_word' id='word_1_14' title='bbox 668 617 876 681; x_wconf 84' lang='lat' dir='ltr'>existentium</span> <span class='ocrx_word' id='word_1_15' title='bbox 893 615 927 680; x_wconf 92' lang='lat' dir='ltr'>iu</span> <span class='ocrx_word' id='word_1_16' title='bbox 944 617 1095 698; x_wconf 89' lang='lat' dir='ltr'>partibus</span> <span class='ocrx_word' id='word_1_17' title='bbox 1122 617 1239 682; x_wconf 83' lang='lat' dir='ltr'>Tuscia</span> 
     </span>
     <span class='ocr_line' id='line_1_4' title="bbox 107 725 1238 804; baseline 0.008 -21"><span class='ocrx_word' id='word_1_18' title='bbox 107 743 207 804; x_wconf 89' lang='lat' dir='ltr'>penes</span> <span class='ocrx_word' id='word_1_19' title='bbox 234 725 399 790; x_wconf 90' lang='lat' dir='ltr'>dominum</span> <span class='ocrx_word' id='word_1_20' title='bbox 428 725 566 792; x_wconf 85' lang='lat' dir='ltr'>Rossum</span> <span class='ocrx_word' id='word_1_21' title='bbox 593 725 632 790; x_wconf 94' lang='lat' dir='ltr'>de</span> <span class='ocrx_word' id='word_1_22' title='bbox 658 725 777 804; x_wconf 88' lang='lat' dir='ltr'>Riccis,</span> <span class='ocrx_word' id='word_1_23' title='bbox 805 725 970 790; x_wconf 88' lang='lat' dir='ltr'>dominum</span> <span class='ocrx_word' id='word_1_24' title='bbox 1004 725 1173 790; x_wconf 86' lang='lat' dir='ltr'>Bettinum</span> <span class='ocrx_word' id='word_1_25' title='bbox 1199 728 1238 792; x_wconf 91' lang='lat' dir='ltr'>de</span> 
     </span>
     <span class='ocr_line' id='line_1_5' title="bbox 107 827 1238 918; baseline 0.005 -25"><span class='ocrx_word' id='word_1_26' title='bbox 107 827 304 911; x_wconf 84' lang='lat' dir='ltr'>Covonibus,</span> <span class='ocrx_word' id='word_1_27' title='bbox 319 833 483 918; x_wconf 81' lang='lat' dir='ltr'>Jacopum</span> <span class='ocrx_word' id='word_1_28' title='bbox 500 834 673 902; x_wconf 83' lang='lat' dir='ltr'>Michaelis</span> <span class='ocrx_word' id='word_1_29' title='bbox 690 832 744 898; x_wconf 90' lang='lat' dir='ltr'>del</span> <span class='ocrx_word' id='word_1_30' title='bbox 768 833 885 913; x_wconf 81' lang='grc'><strong>116666,</strong></span> <span class='ocrx_word' id='word_1_31' title='bbox 902 840 934 897; x_wconf 90' lang='grc'>61</span> <span class='ocrx_word' id='word_1_32' title='bbox 960 829 1152 898; x_wconf 85' lang='lat' dir='ltr'>Silvestrum</span> <span class='ocrx_word' id='word_1_33' title='bbox 1179 833 1204 898; x_wconf 86' lang='lat' dir='ltr'>J</span> <span class='ocrx_word' id='word_1_34' title='bbox 1206 855 1238 899; x_wconf 93' lang='lat' dir='ltr'>o-</span> 
     </span>
     <span class='ocr_line' id='line_1_6' title="bbox 106 935 1238 1020; baseline 0.005 -19"><span class='ocrx_word' id='word_1_35' title='bbox 106 935 227 1006; x_wconf 86' lang='lat' dir='ltr'>hannis</span> <span class='ocrx_word' id='word_1_36' title='bbox 242 936 451 1007; x_wconf 81' lang='lat' dir='ltr'>Cortenuova</span> <span class='ocrx_word' id='word_1_37' title='bbox 476 944 560 1007; x_wconf 88' lang='lat' dir='ltr'>cives</span> <span class='ocrx_word' id='word_1_38' title='bbox 585 941 794 1008; x_wconf 85' lang='lat' dir='ltr'><strong>honorabiles</strong></span> <span class='ocrx_word' id='word_1_39' title='bbox 812 941 1031 1020; x_wconf 71' lang='lat' dir='ltr'>Florentinos</span> <span class='ocrx_word' id='word_1_40' title='bbox 1058 947 1090 1004; x_wconf 84' lang='lat' dir='ltr'>et</span> <span class='ocrx_word' id='word_1_41' title='bbox 1115 942 1238 1007; x_wconf 86' lang='lat' dir='ltr'>Amba·</span> 
     </span>
     <span class='ocr_line' id='line_1_7' title="bbox 104 1045 1238 1132; baseline 0.004 -22"><span class='ocrx_word' id='word_1_42' title='bbox 104 1045 250 1113; x_wconf 80' lang='grc'><strong>11616166</strong></span> <span class='ocrx_word' id='word_1_43' title='bbox 266 1070 305 1114; x_wconf 87' lang='grc'>66</span> <span class='ocrx_word' id='word_1_44' title='bbox 321 1046 469 1115; x_wconf 86' lang='lat' dir='ltr'>Sindieos</span> <span class='ocrx_word' id='word_1_45' title='bbox 485 1054 562 1115; x_wconf 91' lang='lat' dir='ltr'>tune</span> <span class='ocrx_word' id='word_1_46' title='bbox 579 1048 659 1117; x_wconf 91' lang='lat' dir='ltr'>dicti</span> <span class='ocrx_word' id='word_1_47' title='bbox 677 1048 874 1132; x_wconf 71' lang='lat' dir='ltr'>Communis</span> <span class='ocrx_word' id='word_1_48' title='bbox 891 1049 930 1114; x_wconf 90' lang='lat' dir='ltr'>de</span> <span class='ocrx_word' id='word_1_49' title='bbox 954 1071 1078 1115; x_wconf 90' lang='lat' dir='ltr'>summa</span> <span class='ocrx_word' id='word_1_50' title='bbox 1096 1048 1238 1130; x_wconf 87' lang='lat' dir='ltr'>quadra·</span> 
     </span>
     <span class='ocr_line' id='line_1_8' title="bbox 104 1156 1235 1242; baseline 0.003 -23"><span class='ocrx_word' id='word_1_51' title='bbox 104 1156 201 1236; x_wconf 82' lang='lat' dir='ltr'>ginta</span> <span class='ocrx_word' id='word_1_52' title='bbox 218 1156 343 1222; x_wconf 82' lang='lat' dir='ltr'>milium</span> <span class='ocrx_word' id='word_1_53' title='bbox 359 1156 557 1224; x_wconf 88' lang='lat' dir='ltr'>florenorum</span> <span class='ocrx_word' id='word_1_54' title='bbox 571 1159 643 1223; x_wconf 85' lang='lat' dir='ltr'>auri</span> <span class='ocrx_word' id='word_1_55' title='bbox 660 1181 720 1242; x_wconf 89' lang='lat' dir='ltr'>per</span> <span class='ocrx_word' id='word_1_56' title='bbox 735 1158 842 1240; x_wconf 88' lang='lat' dir='ltr'>ipsum</span> <span class='ocrx_word' id='word_1_57' title='bbox 869 1157 1035 1222; x_wconf 90' lang='lat' dir='ltr'>dominum</span> <span class='ocrx_word' id='word_1_58' title='bbox 1049 1157 1074 1222; x_wconf 86' lang='lat' dir='ltr'>J</span> <span class='ocrx_word' id='word_1_59' title='bbox 1075 1157 1235 1224; x_wconf 89' lang='lat' dir='ltr'>ohannem</span> 
     </span>
     <span class='ocr_line' id='line_1_9' title="bbox 37 1263 1235 1350; baseline 0.004 -25"><span class='ocrx_word' id='word_1_60' title='bbox 37 1315 40 1325; x_wconf 95' lang='lat'>.</span> <span class='ocrx_word' id='word_1_61' title='bbox 104 1263 236 1327; x_wconf 89' lang='lat' dir='ltr'>Bauum</span> <span class='ocrx_word' id='word_1_62' title='bbox 271 1267 495 1347; x_wconf 81' lang='lat' dir='ltr'>procuratorio</span> <span class='ocrx_word' id='word_1_63' title='bbox 526 1269 654 1332; x_wconf 88' lang='lat' dir='ltr'>nomine</span> <span class='ocrx_word' id='word_1_64' title='bbox 690 1266 768 1330; x_wconf 88' lang='lat' dir='ltr'>dicti</span> <span class='ocrx_word' id='word_1_65' title='bbox 801 1264 924 1330; x_wconf 91' lang='lat' dir='ltr'>domini</span> <span class='ocrx_word' id='word_1_66' title='bbox 959 1264 1062 1350; x_wconf 86' lang='lat' dir='ltr'>Regis</span> <span class='ocrx_word' id='word_1_67' title='bbox 1088 1265 1235 1348; x_wconf 86' lang='lat' dir='ltr'>Ungaric</span> 
     </span>
     <span class='ocr_line' id='line_1_10' title="bbox 103 1370 1238 1456; baseline 0.003 -22"><span class='ocrx_word' id='word_1_68' title='bbox 103 1377 220 1434; x_wconf 88' lang='lat' dir='ltr'>mutuo</span> <span class='ocrx_word' id='word_1_69' title='bbox 236 1371 423 1438; x_wconf 84' lang='lat' dir='ltr'>habitorum</span> <span class='ocrx_word' id='word_1_70' title='bbox 439 1393 459 1438; x_wconf 88' lang='grc'>6</span> <span class='ocrx_word' id='word_1_71' title='bbox 474 1370 746 1456; x_wconf 74' lang='grc'><strong>(1161606111111</strong></span> <span class='ocrx_word' id='word_1_72' title='bbox 757 1371 933 1450; x_wconf 69' lang='lat' dir='ltr'>Florentia</span> <span class='ocrx_word' id='word_1_73' title='bbox 949 1378 1047 1454; x_wconf 90' lang='lat' dir='ltr'>prout</span> <span class='ocrx_word' id='word_1_74' title='bbox 1058 1372 1097 1436; x_wconf 95' lang='grc'>(16</span> <span class='ocrx_word' id='word_1_75' title='bbox 1114 1373 1238 1455; x_wconf 89' lang='lat' dir='ltr'>predic·</span> 
     </span>
     <span class='ocr_line' id='line_1_11' title="bbox 103 1477 1237 1564; baseline 0.004 -24"><span class='ocrx_word' id='word_1_76' title='bbox 103 1479 147 1542; x_wconf 86' lang='lat' dir='ltr'>tis</span> <span class='ocrx_word' id='word_1_77' title='bbox 167 1477 207 1541; x_wconf 87' lang='lat' dir='ltr'>lit</span> <span class='ocrx_word' id='word_1_78' title='bbox 223 1479 353 1560; x_wconf 87' lang='lat' dir='ltr'>mentio,</span> <span class='ocrx_word' id='word_1_79' title='bbox 370 1487 403 1544; x_wconf 92' lang='grc'>61</span> <span class='ocrx_word' id='word_1_80' title='bbox 427 1481 616 1546; x_wconf 81' lang='lat' dir='ltr'>continetur</span> <span class='ocrx_word' id='word_1_81' title='bbox 631 1481 664 1545; x_wconf 91' lang='lat' dir='ltr'>in</span> <span class='ocrx_word' id='word_1_82' title='bbox 689 1481 906 1545; x_wconf 87' lang='lat' dir='ltr'>instrumento</span> <span class='ocrx_word' id='word_1_83' title='bbox 922 1479 998 1544; x_wconf 91' lang='lat' dir='ltr'>inde</span> <span class='ocrx_word' id='word_1_84' title='bbox 1014 1478 1162 1546; x_wconf 85' lang='lat' dir='ltr'>confecto</span> <span class='ocrx_word' id='word_1_85' title='bbox 1179 1503 1237 1564; x_wconf 90' lang='lat' dir='ltr'>per</span> 
     </span>
     <span class='ocr_line' id='line_1_12' title="bbox 102 1585 1237 1654; baseline 0.004 -4"><span class='ocrx_word' id='word_1_86' title='bbox 102 1607 157 1650; x_wconf 89' lang='lat' dir='ltr'>ser</span> <span class='ocrx_word' id='word_1_87' title='bbox 174 1585 316 1651; x_wconf 90' lang='lat' dir='ltr'>Paulum</span> <span class='ocrx_word' id='word_1_88' title='bbox 331 1586 477 1653; x_wconf 84' lang='lat' dir='ltr'>Poneelli</span> <span class='ocrx_word' id='word_1_89' title='bbox 495 1588 534 1653; x_wconf 91' lang='grc'>(16</span> <span class='ocrx_word' id='word_1_90' title='bbox 552 1588 688 1653; x_wconf 82' lang='lat' dir='ltr'>Cerreto</span> <span class='ocrx_word' id='word_1_91' title='bbox 714 1586 892 1652; x_wconf 88' lang='lat' dir='ltr'>Notarium</span> <span class='ocrx_word' id='word_1_92' title='bbox 918 1586 1091 1653; x_wconf 90' lang='lat' dir='ltr'>Publicum</span> <span class='ocrx_word' id='word_1_93' title='bbox 1109 1589 1169 1654; x_wconf 90' lang='lat' dir='ltr'>sub</span> <span class='ocrx_word' id='word_1_94' title='bbox 1186 1589 1237 1654; x_wconf 88' lang='lat' dir='ltr'>die</span> 
     </span>
     <span class='ocr_line' id='line_1_13' title="bbox 101 1694 1237 1779; baseline 0.004 -23"><span class='ocrx_word' id='word_1_95' title='bbox 101 1716 190 1760; x_wconf 88' lang='grc'><strong>1616</strong></span> <span class='ocrx_word' id='word_1_96' title='bbox 208 1694 287 1760; x_wconf 88' lang='grc'><strong>(11611</strong></span> <span class='ocrx_word' id='word_1_97' title='bbox 303 1698 424 1762; x_wconf 87' lang='lat' dir='ltr'>mensis</span> <span class='ocrx_word' id='word_1_98' title='bbox 441 1694 612 1779; x_wconf 89' lang='lat' dir='ltr'>Oct0b1·is;</span> <span class='ocrx_word' id='word_1_99' title='bbox 640 1703 674 1762; x_wconf 89' lang='lat' dir='ltr'>et</span> <span class='ocrx_word' id='word_1_100' title='bbox 691 1695 731 1761; x_wconf 95' lang='grc'>(16</span> <span class='ocrx_word' id='word_1_101' title='bbox 748 1697 835 1760; x_wconf 88' lang='grc'><strong>(11616</strong></span> <span class='ocrx_word' id='word_1_102' title='bbox 853 1701 962 1761; x_wconf 91' lang='lat' dir='ltr'>mutuo</span> <span class='ocrx_word' id='word_1_103' title='bbox 980 1702 1108 1761; x_wconf 86' lang='lat' dir='ltr'>constat</span> <span class='ocrx_word' id='word_1_104' title='bbox 1134 1718 1172 1760; x_wconf 87' lang='lat' dir='ltr'>ex</span> <span class='ocrx_word' id='word_1_105' title='bbox 1189 1698 1237 1760; x_wconf 91' lang='lat' dir='ltr'>in-</span> 
     </span>
     <span class='ocr_line' id='line_1_14' title="bbox 101 1802 1235 1888; baseline 0.003 -23"><span class='ocrx_word' id='word_1_106' title='bbox 101 1807 288 1867; x_wconf 82' lang='lat' dir='ltr'>strumento</span> <span class='ocrx_word' id='word_1_107' title='bbox 305 1803 381 1868; x_wconf 90' lang='lat' dir='ltr'>inde</span> <span class='ocrx_word' id='word_1_108' title='bbox 397 1812 512 1888; x_wconf 89' lang='lat' dir='ltr'>rogato</span> <span class='ocrx_word' id='word_1_109' title='bbox 528 1827 586 1888; x_wconf 88' lang='lat' dir='ltr'>per</span> <span class='ocrx_word' id='word_1_110' title='bbox 603 1825 655 1869; x_wconf 91' lang='lat' dir='ltr'>ser</span> <span class='ocrx_word' id='word_1_111' title='bbox 680 1803 851 1868; x_wconf 88' lang='lat' dir='ltr'>Ristorum</span> <span class='ocrx_word' id='word_1_112' title='bbox 877 1824 929 1868; x_wconf 86' lang='lat' dir='ltr'>ser</span> <span class='ocrx_word' id='word_1_113' title='bbox 953 1802 1075 1869; x_wconf 78' lang='lat' dir='ltr'>Jacobi</span> <span class='ocrx_word' id='word_1_114' title='bbox 1100 1805 1235 1871; x_wconf 88' lang='lat' dir='ltr'>Notari-</span> 
     </span>
    </p>
   </div>
   <div class='ocr_carea' id='block_1_4' title="bbox 1 1907 1236 1993">
    <p class='ocr_par' dir='ltr' id='par_1_4' title="bbox 1 1907 1236 1993">
     <span class='ocr_line' id='line_1_15' title="bbox 1 1907 1236 1993; baseline 0.004 -22"><span class='ocrx_word' id='word_1_115' title='bbox 1 1951 2 1971; x_wconf 50' lang='grc'><strong>,</strong></span> <span class='ocrx_word' id='word_1_116' title='bbox 103 1931 171 1975; x_wconf 90' lang='lat' dir='ltr'>um.</span> <span class='ocrx_word' id='word_1_117' title='bbox 187 1910 236 1975; x_wconf 82' lang='lat' dir='ltr'>Et</span> <span class='ocrx_word' id='word_1_118' title='bbox 261 1907 301 1974; x_wconf 93' lang='lat' dir='ltr'>de</span> <span class='ocrx_word' id='word_1_119' title='bbox 328 1911 482 1993; x_wconf 81' lang='lat' dir='ltr'>predictis</span> <span class='ocrx_word' id='word_1_120' title='bbox 507 1911 640 1977; x_wconf 87' lang='lat' dir='ltr'>florenis</span> <span class='ocrx_word' id='word_1_121' title='bbox 665 1912 776 1977; x_wconf 86' lang='lat' dir='ltr'>decem</span> <span class='ocrx_word' id='word_1_122' title='bbox 802 1912 933 1978; x_wconf 89' lang='lat' dir='ltr'>milibus</span> <span class='ocrx_word' id='word_1_123' title='bbox 955 1912 1062 1977; x_wconf 90' lang='lat' dir='ltr'>dictus</span> <span class='ocrx_word' id='word_1_124' title='bbox 1088 1911 1236 1978; x_wconf 89' lang='lat' dir='ltr'>domiuus</span> 
     </span>
    </p>
   </div>
   <div class='ocr_carea' id='block_1_5' title="bbox 1 2015 1238 2428">
    <p class='ocr_par' dir='ltr' id='par_1_5' title="bbox 1 2015 1238 2428">
     <span class='ocr_line' id='line_1_16' title="bbox 99 2015 1233 2103; baseline 0.002 -20"><span class='ocrx_word' id='word_1_125' title='bbox 99 2015 290 2083; x_wconf 85' lang='lat' dir='ltr'>Baldassar</span> <span class='ocrx_word' id='word_1_126' title='bbox 307 2019 436 2082; x_wconf 80' lang='lat' dir='ltr'>vocavit</span> <span class='ocrx_word' id='word_1_127' title='bbox 461 2026 494 2085; x_wconf 89' lang='lat' dir='ltr'>et</span> <span class='ocrx_word' id='word_1_128' title='bbox 519 2018 603 2083; x_wconf 83' lang='lat' dir='ltr'>dixit</span> <span class='ocrx_word' id='word_1_129' title='bbox 629 2040 662 2083; x_wconf 89' lang='lat' dir='ltr'>se</span> <span class='ocrx_word' id='word_1_130' title='bbox 686 2021 768 2085; x_wconf 92' lang='lat' dir='ltr'>bene</span> <span class='ocrx_word' id='word_1_131' title='bbox 793 2026 958 2103; x_wconf 86' lang='lat' dir='ltr'>pagatum,</span> <span class='ocrx_word' id='word_1_132' title='bbox 985 2025 1173 2084; x_wconf 88' lang='lat' dir='ltr'>contentum</span> <span class='ocrx_word' id='word_1_133' title='bbox 1200 2028 1233 2085; x_wconf 89' lang='lat' dir='ltr'>et</span> 
     </span>
     <span class='ocr_line' id='line_1_17' title="bbox 99 2123 1238 2211; baseline 0.002 -21"><span class='ocrx_word' id='word_1_134' title='bbox 99 2123 335 2191; x_wconf 83' lang='lat' dir='ltr'>concordatum</span> <span class='ocrx_word' id='word_1_135' title='bbox 353 2147 374 2191; x_wconf 88' lang='lat' dir='ltr'>a</span> <span class='ocrx_word' id='word_1_136' title='bbox 391 2124 561 2192; x_wconf 85' lang='lat' dir='ltr'>Communi</span> <span class='ocrx_word' id='word_1_137' title='bbox 577 2128 734 2211; x_wconf 90' lang='lat' dir='ltr'>predict0,</span> <span class='ocrx_word' id='word_1_138' title='bbox 751 2134 785 2192; x_wconf 90' lang='grc'>61</span> <span class='ocrx_word' id='word_1_139' title='bbox 801 2127 955 2193; x_wconf 86' lang='lat' dir='ltr'>liberavit</span> <span class='ocrx_word' id='word_1_140' title='bbox 971 2134 1005 2192; x_wconf 90' lang='lat' dir='ltr'>et</span> <span class='ocrx_word' id='word_1_141' title='bbox 1021 2127 1160 2192; x_wconf 86' lang='lat' dir='ltr'>absolvit</span> <span class='ocrx_word' id='word_1_142' title='bbox 1172 2128 1238 2192; x_wconf 92' lang='lat' dir='ltr'>dic·</span> 
     </span>
     <span class='ocr_line' id='line_1_18' title="bbox 1 2231 1236 2326; baseline 0 -27"><span class='ocrx_word' id='word_1_143' title='bbox 1 2287 2 2326; x_wconf 73' lang='lat'>3</span> <span class='ocrx_word' id='word_1_144' title='bbox 98 2242 173 2300; x_wconf 90' lang='lat' dir='ltr'>tum</span> <span class='ocrx_word' id='word_1_145' title='bbox 191 2231 380 2314; x_wconf 80' lang='lat' dir='ltr'>Commune,</span> <span class='ocrx_word' id='word_1_146' title='bbox 397 2241 430 2300; x_wconf 91' lang='grc'>61</span> <span class='ocrx_word' id='word_1_147' title='bbox 448 2255 500 2299; x_wconf 88' lang='lat' dir='ltr'>me</span> <span class='ocrx_word' id='word_1_148' title='bbox 524 2233 702 2302; x_wconf 87' lang='lat' dir='ltr'>Vivianum</span> <span class='ocrx_word' id='word_1_149' title='bbox 728 2235 902 2302; x_wconf 86' lang='lat' dir='ltr'>Notarium</span> <span class='ocrx_word' id='word_1_150' title='bbox 927 2235 1184 2318; x_wconf 83' lang='lat' dir='ltr'>infrascriptum,</span> <span class='ocrx_word' id='word_1_151' title='bbox 1199 2241 1236 2299; x_wconf 89' lang='lat' dir='ltr'>ut</span> 
     </span>
     <span class='ocr_line' id='line_1_19' title="bbox 98 2342 1237 2428; baseline -0.002 -20"><span class='ocrx_word' id='word_1_152' title='bbox 98 2364 213 2427; x_wconf 87' lang='lat' dir='ltr'>supra,</span> <span class='ocrx_word' id='word_1_153' title='bbox 224 2343 434 2427; x_wconf 88' lang='lat' dir='ltr'>recipientem</span> <span class='ocrx_word' id='word_1_154' title='bbox 444 2344 485 2410; x_wconf 90' lang='lat' dir='ltr'>ab</span> <span class='ocrx_word' id='word_1_155' title='bbox 495 2343 582 2408; x_wconf 91' lang='lat' dir='ltr'>omni</span> <span class='ocrx_word' id='word_1_156' title='bbox 593 2350 626 2409; x_wconf 87' lang='lat' dir='ltr'>et</span> <span class='ocrx_word' id='word_1_157' title='bbox 635 2350 715 2424; x_wconf 89' lang='lat' dir='ltr'>toto,</span> <span class='ocrx_word' id='word_1_158' title='bbox 725 2343 768 2409; x_wconf 91' lang='lat' dir='ltr'>ad</span> <span class='ocrx_word' id='word_1_159' title='bbox 778 2344 865 2428; x_wconf 89' lang='lat' dir='ltr'>quod</span> <span class='ocrx_word' id='word_1_160' title='bbox 876 2344 939 2427; x_wconf 87' lang='lat' dir='ltr'>ipsi</span> <span class='ocrx_word' id='word_1_161' title='bbox 950 2343 1081 2409; x_wconf 90' lang='lat' dir='ltr'>domiuo</span> <span class='ocrx_word' id='word_1_162' title='bbox 1099 2342 1237 2408; x_wconf 86' lang='lat' dir='ltr'>Baldas-</span> 
     </span>
    </p>
   </div>
   <div class='ocr_carea' id='block_1_6' title="bbox 1 2449 1237 2535">
    <p class='ocr_par' dir='ltr' id='par_1_6' title="bbox 1 2449 1237 2535">
     <span class='ocr_line' id='line_1_20' title="bbox 1 2449 1237 2535; baseline -0.002 -19"><span class='ocrx_word' id='word_1_163' title='bbox 1 2523 2 2526; x_wconf 8' lang='grc' dir='ltr'><strong>Ἴ</strong></span> <span class='ocrx_word' id='word_1_164' title='bbox 98 2451 188 2516; x_wconf 87' lang='lat' dir='ltr'>sarri</span> <span class='ocrx_word' id='word_1_165' title='bbox 197 2471 258 2533; x_wconf 88' lang='lat' dir='ltr'>pro</span> <span class='ocrx_word' id='word_1_166' title='bbox 270 2449 433 2535; x_wconf 85' lang='lat' dir='ltr'>predictis,</span> <span class='ocrx_word' id='word_1_167' title='bbox 442 2450 493 2515; x_wconf 89' lang='lat' dir='ltr'>vel</span> <span class='ocrx_word' id='word_1_168' title='bbox 505 2471 615 2516; x_wconf 87' lang='lat' dir='ltr'>eorum</span> <span class='ocrx_word' id='word_1_169' title='bbox 626 2451 794 2517; x_wconf 88' lang='lat' dir='ltr'>occasione</span> <span class='ocrx_word' id='word_1_170' title='bbox 805 2450 1047 2534; x_wconf 89' lang='lat' dir='ltr'>quomodolibet</span> <span class='ocrx_word' id='word_1_171' title='bbox 1063 2450 1237 2516; x_wconf 86' lang='lat' dir='ltr'>tenebatur</span> 
     </span>
    </p>
   </div>
   <div class='ocr_carea' id='block_1_7' title="bbox 96 2556 1236 2965">
    <p class='ocr_par' dir='ltr' id='par_1_7' title="bbox 96 2556 1236 2857">
     <span class='ocr_line' id='line_1_21' title="bbox 97 2556 1235 2640; baseline 0.001 -18"><span class='ocrx_word' id='word_1_172' title='bbox 97 2580 158 2623; x_wconf 87' lang='lat' dir='ltr'>seu</span> <span class='ocrx_word' id='word_1_173' title='bbox 170 2556 457 2622; x_wconf 87' lang='lat' dir='ltr'>teneridiceretur.</span> <span class='ocrx_word' id='word_1_174' title='bbox 474 2556 520 2622; x_wconf 84' lang='lat' dir='ltr'>Et</span> <span class='ocrx_word' id='word_1_175' title='bbox 535 2557 575 2623; x_wconf 91' lang='lat' dir='ltr'>de</span> <span class='ocrx_word' id='word_1_176' title='bbox 592 2557 747 2640; x_wconf 82' lang='lat' dir='ltr'>predictis</span> <span class='ocrx_word' id='word_1_177' title='bbox 764 2559 861 2622; x_wconf 87' lang='lat' dir='ltr'>etiam</span> <span class='ocrx_word' id='word_1_178' title='bbox 878 2557 921 2623; x_wconf 90' lang='lat' dir='ltr'>ad</span> <span class='ocrx_word' id='word_1_179' title='bbox 937 2557 1192 2622; x_wconf 83' lang='lat' dir='ltr'>declarationem</span> <span class='ocrx_word' id='word_1_180' title='bbox 1203 2566 1235 2623; x_wconf 90' lang='grc'>61</span> 
     </span>
     <span class='ocr_line' id='line_1_22' title="bbox 96 2663 1236 2749; baseline 0 -19"><span class='ocrx_word' id='word_1_181' title='bbox 96 2663 331 2730; x_wconf 85' lang='lat' dir='ltr'>certitudinem</span> <span class='ocrx_word' id='word_1_182' title='bbox 347 2669 538 2748; x_wconf 83' lang='lat' dir='ltr'>perpetuam</span> <span class='ocrx_word' id='word_1_183' title='bbox 559 2666 715 2748; x_wconf 87' lang='lat' dir='ltr'>veritatis,</span> <span class='ocrx_word' id='word_1_184' title='bbox 732 2667 863 2749; x_wconf 84' lang='lat' dir='ltr'>rogavit</span> <span class='ocrx_word' id='word_1_185' title='bbox 877 2687 929 2731; x_wconf 89' lang='lat' dir='ltr'>mc</span> <span class='ocrx_word' id='word_1_186' title='bbox 944 2663 1120 2734; x_wconf 73' lang='lat' dir='ltr'>Vicianum</span> <span class='ocrx_word' id='word_1_187' title='bbox 1139 2664 1236 2731; x_wconf 87' lang='lat' dir='ltr'>infra-</span> 
     </span>
     <span class='ocr_line' id='line_1_23' title="bbox 96 2771 1127 2857; baseline 0 -19"><span class='ocrx_word' id='word_1_188' title='bbox 96 2775 270 2856; x_wconf 85' lang='lat' dir='ltr'>scriptum,</span> <span class='ocrx_word' id='word_1_189' title='bbox 289 2777 326 2838; x_wconf 88' lang='lat' dir='ltr'>ut</span> <span class='ocrx_word' id='word_1_190' title='bbox 342 2771 498 2838; x_wconf 87' lang='lat' dir='ltr'>conficere</span> <span class='ocrx_word' id='word_1_191' title='bbox 519 2771 671 2838; x_wconf 88' lang='lat' dir='ltr'>deberem</span> <span class='ocrx_word' id='word_1_192' title='bbox 686 2773 853 2857; x_wconf 90' lang='lat' dir='ltr'>publicum</span> <span class='ocrx_word' id='word_1_193' title='bbox 868 2776 1127 2840; x_wconf 87' lang='lat' dir='ltr'>instrumentum.</span> 
     </span>
    </p>

    <p class='ocr_par' dir='ltr' id='par_1_8' title="bbox 211 2879 1234 2965">
     <span class='ocr_line' id='line_1_24' title="bbox 211 2879 1234 2965; baseline -0.002 -19"><span class='ocrx_word' id='word_1_194' title='bbox 211 2879 301 2946; x_wconf 86' lang='lat' dir='ltr'>Acta</span> <span class='ocrx_word' id='word_1_195' title='bbox 325 2879 456 2946; x_wconf 86' lang='lat' dir='ltr'>fuerunt</span> <span class='ocrx_word' id='word_1_196' title='bbox 481 2879 628 2964; x_wconf 90' lang='lat' dir='ltr'>predicta</span> <span class='ocrx_word' id='word_1_197' title='bbox 643 2881 677 2944; x_wconf 91' lang='lat' dir='ltr'>in</span> <span class='ocrx_word' id='word_1_198' title='bbox 697 2880 821 2965; x_wconf 88' lang='lat' dir='ltr'>palatio</span> <span class='ocrx_word' id='word_1_199' title='bbox 847 2880 965 2964; x_wconf 87' lang='lat' dir='ltr'>Populi</span> <span class='ocrx_word' id='word_1_200' title='bbox 985 2880 1168 2946; x_wconf 80' lang='lat' dir='ltr'>Florentini</span> <span class='ocrx_word' id='word_1_201' title='bbox 1186 2901 1234 2944; x_wconf 90' lang='lat' dir='ltr'>re·</span> 
     </span>
    </p>
   </div>
   <div class='ocr_carea' id='block_1_8' title="bbox 1 2985 1233 3056">
    <p class='ocr_par' dir='ltr' id='par_1_9' title="bbox 1 2985 1233 3056">
     <span class='ocr_line' id='line_1_25' title="bbox 1 2985 1233 3056; baseline -0.002 -1"><span class='ocrx_word' id='word_1_202' title='bbox 1 2989 2 3000; x_wconf 74' lang='grc'>’</span> <span class='ocrx_word' id='word_1_203' title='bbox 95 2990 243 3056; x_wconf 83' lang='lat' dir='ltr'>sidentis</span> <span class='ocrx_word' id='word_1_204' title='bbox 259 2986 462 3055; x_wconf 89' lang='lat' dir='ltr'>dominorum</span> <span class='ocrx_word' id='word_1_205' title='bbox 488 2987 639 3054; x_wconf 92' lang='lat' dir='ltr'>Priorum</span> <span class='ocrx_word' id='word_1_206' title='bbox 666 2988 802 3053; x_wconf 90' lang='lat' dir='ltr'>Artium</span> <span class='ocrx_word' id='word_1_207' title='bbox 827 2995 860 3053; x_wconf 92' lang='grc'>61</span> <span class='ocrx_word' id='word_1_208' title='bbox 885 2985 1069 3056; x_wconf 83' lang='lat' dir='ltr'>Vexilliseri</span> <span class='ocrx_word' id='word_1_209' title='bbox 1095 2987 1233 3054; x_wconf 86' lang='lat' dir='ltr'>Justitie</span> 
     </span>
    </p>
   </div>
   <div class='ocr_carea' id='block_1_9' title="bbox 1 3093 1237 4590">
    <p class='ocr_par' dir='ltr' id='par_1_10' title="bbox 1 3093 1229 3182">
     <span class='ocr_line' id='line_1_26' title="bbox 1 3093 1229 3182; baseline -0.005 -18"><span class='ocrx_word' id='word_1_210' title='bbox 1 3127 2 3143; x_wconf 53' lang='lat'>¹</span> <span class='ocrx_word' id='word_1_211' title='bbox 94 3097 223 3182; x_wconf 91' lang='lat' dir='ltr'>Populi</span> <span class='ocrx_word' id='word_1_212' title='bbox 241 3103 273 3161; x_wconf 89' lang='grc'>61</span> <span class='ocrx_word' id='word_1_213' title='bbox 290 3095 478 3164; x_wconf 84' lang='lat' dir='ltr'>Communis</span> <span class='ocrx_word' id='word_1_214' title='bbox 489 3097 667 3178; x_wconf 74' lang='lat' dir='ltr'>Florentio,</span> <span class='ocrx_word' id='word_1_215' title='bbox 684 3095 889 3179; x_wconf 88' lang='lat' dir='ltr'>presentibus</span> <span class='ocrx_word' id='word_1_216' title='bbox 900 3095 1047 3179; x_wconf 83' lang='lat' dir='ltr'>Spinello</span> <span class='ocrx_word' id='word_1_217' title='bbox 1065 3094 1154 3160; x_wconf 86' lang='lat' dir='ltr'>Luce</span> <span class='ocrx_word' id='word_1_218' title='bbox 1169 3093 1229 3160; x_wconf 83' lang='lat' dir='ltr'>Al-</span> 
     </span>
    </p>

    <p class='ocr_par' dir='ltr' id='par_1_11' title="bbox 93 3202 1233 3395">
     <span class='ocr_line' id='line_1_27' title="bbox 93 3202 1233 3284; baseline -0.008 -10"><span class='ocrx_word' id='word_1_219' title='bbox 93 3206 196 3284; x_wconf 84' lang='lat' dir='ltr'>berti,</span> <span class='ocrx_word' id='word_1_220' title='bbox 213 3225 265 3269; x_wconf 90' lang='lat' dir='ltr'>ser</span> <span class='ocrx_word' id='word_1_221' title='bbox 282 3203 462 3271; x_wconf 86' lang='lat' dir='ltr'>Benedicto</span> <span class='ocrx_word' id='word_1_222' title='bbox 478 3225 531 3268; x_wconf 87' lang='lat' dir='ltr'>ser</span> <span class='ocrx_word' id='word_1_223' title='bbox 547 3203 656 3269; x_wconf 89' lang='lat' dir='ltr'>Laudi</span> <span class='ocrx_word' id='word_1_224' title='bbox 673 3202 1233 3284; x_wconf 63' lang='grc'><strong>11616116611161161116«1611611116</strong></span> 
     </span>
     <span class='ocr_line' id='line_1_28' title="bbox 95 3309 1177 3395; baseline -0.005 -15"><span class='ocrx_word' id='word_1_225' title='bbox 95 3314 227 3380; x_wconf 82' lang='lat' dir='ltr'>civibus</span> <span class='ocrx_word' id='word_1_226' title='bbox 243 3313 454 3393; x_wconf 85' lang='lat' dir='ltr'>Florentinis,</span> <span class='ocrx_word' id='word_1_227' title='bbox 471 3312 611 3378; x_wconf 90' lang='lat' dir='ltr'>testibus</span> <span class='ocrx_word' id='word_1_228' title='bbox 627 3312 670 3378; x_wconf 88' lang='lat' dir='ltr'>ad</span> <span class='ocrx_word' id='word_1_229' title='bbox 685 3312 841 3395; x_wconf 88' lang='lat' dir='ltr'>premisse</span> <span class='ocrx_word' id='word_1_230' title='bbox 856 3309 978 3376; x_wconf 87' lang='lat' dir='ltr'>habitis</span> <span class='ocrx_word' id='word_1_231' title='bbox 995 3317 1028 3377; x_wconf 90' lang='lat' dir='ltr'>et</span> <span class='ocrx_word' id='word_1_232' title='bbox 1044 3311 1177 3376; x_wconf 81' lang='lat' dir='ltr'>vocatis</span> 
     </span>
    </p>

    <p class='ocr_par' dir='ltr' id='par_1_12' title="bbox 654 3417 1237 3505">
     <span class='ocr_line' id='line_1_29' title="bbox 654 3417 1237 3505; baseline -0.005 -20"><span class='ocrx_word' id='word_1_233' title='bbox 654 3421 728 3505; x_wconf 86' lang='lat' dir='ltr'>Ego</span> <span class='ocrx_word' id='word_1_234' title='bbox 770 3417 1011 3501; x_wconf 86' lang='lat' dir='ltr'>Maghinurdus</span> <span class='ocrx_word' id='word_1_235' title='bbox 1052 3419 1138 3484; x_wconf 88' lang='lat' dir='ltr'>filius</span> <span class='ocrx_word' id='word_1_236' title='bbox 1186 3439 1237 3483; x_wconf 87' lang='lat' dir='ltr'>ser</span> 
     </span>
    </p>

    <p class='ocr_par' dir='ltr' id='par_1_13' title="bbox 537 3523 1234 3609">
     <span class='ocr_line' id='line_1_30' title="bbox 537 3523 1234 3609; baseline -0.003 -17"><span class='ocrx_word' id='word_1_237' title='bbox 537 3527 680 3592; x_wconf 87' lang='lat' dir='ltr'>Matthei</span> <span class='ocrx_word' id='word_1_238' title='bbox 696 3525 834 3593; x_wconf 87' lang='lat' dir='ltr'>condam</span> <span class='ocrx_word' id='word_1_239' title='bbox 850 3547 902 3591; x_wconf 90' lang='lat' dir='ltr'>ser</span> <span class='ocrx_word' id='word_1_240' title='bbox 920 3523 1141 3609; x_wconf 80' lang='lat' dir='ltr'>Maghinerdi,</span> <span class='ocrx_word' id='word_1_241' title='bbox 1157 3525 1234 3590; x_wconf 80' lang='lat' dir='ltr'>Flo-</span> 
     </span>
    </p>

    <p class='ocr_par' dir='ltr' id='par_1_14' title="bbox 538 3633 1236 3719">
     <span class='ocr_line' id='line_1_31' title="bbox 538 3633 1236 3719; baseline -0.004 -19"><span class='ocrx_word' id='word_1_242' title='bbox 538 3636 682 3702; x_wconf 87' lang='lat' dir='ltr'>rentiuus</span> <span class='ocrx_word' id='word_1_243' title='bbox 713 3636 800 3717; x_wconf 76' lang='lat' dir='ltr'>civis,</span> <span class='ocrx_word' id='word_1_244' title='bbox 840 3634 1010 3719; x_wconf 88' lang='lat' dir='ltr'>Imperiali</span> <span class='ocrx_word' id='word_1_245' title='bbox 1041 3633 1236 3699; x_wconf 87' lang='lat' dir='ltr'>auctoritate</span> 
     </span>
    </p>

    <p class='ocr_par' dir='ltr' id='par_1_15' title="bbox 191 3739 1236 3828">
     <span class='ocr_line' id='line_1_32' title="bbox 191 3739 1236 3828; baseline -0.004 -21"><span class='ocrx_word' id='word_1_246' title='bbox 191 3742 332 3827; x_wconf 80' lang='lat' dir='ltr'>(Jegyzo</span> <span class='ocrx_word' id='word_1_247' title='bbox 347 3743 450 3828; x_wconf 86' lang='lat' dir='ltr'>jcgy.)</span> <span class='ocrx_word' id='word_1_248' title='bbox 535 3743 646 3809; x_wconf 87' lang='lat' dir='ltr'>Judex</span> <span class='ocrx_word' id='word_1_249' title='bbox 666 3742 864 3809; x_wconf 84' lang='lat' dir='ltr'>Ordinsrius</span> <span class='ocrx_word' id='word_1_250' title='bbox 885 3740 1110 3825; x_wconf 87' lang='lat' dir='ltr'>Notariusque</span> <span class='ocrx_word' id='word_1_251' title='bbox 1127 3739 1236 3807; x_wconf 91' lang='lat' dir='ltr'>Publi-</span> 
     </span>
    </p>

    <p class='ocr_par' dir='ltr' id='par_1_16' title="bbox 537 3850 1235 3934">
     <span class='ocr_line' id='line_1_33' title="bbox 537 3850 1235 3934; baseline -0.003 -17"><span class='ocrx_word' id='word_1_252' title='bbox 537 3874 594 3917; x_wconf 87' lang='lat' dir='ltr'>cus</span> <span class='ocrx_word' id='word_1_253' title='bbox 611 3859 746 3922; x_wconf 89' lang='grc'><strong>611116</strong></span> <span class='ocrx_word' id='word_1_254' title='bbox 766 3852 938 3917; x_wconf 88' lang='lat' dir='ltr'>coadiutor</span> <span class='ocrx_word' id='word_1_255' title='bbox 953 3850 1080 3934; x_wconf 87' lang='lat' dir='ltr'>providi</span> <span class='ocrx_word' id='word_1_256' title='bbox 1106 3851 1167 3916; x_wconf 84' lang='lat' dir='ltr'>viri</span> <span class='ocrx_word' id='word_1_257' title='bbox 1184 3873 1235 3915; x_wconf 85' lang='lat' dir='ltr'>ser</span> 
     </span>
    </p>

    <p class='ocr_par' dir='ltr' id='par_1_17' title="bbox 537 3957 1233 4041">
     <span class='ocr_line' id='line_1_34' title="bbox 537 3957 1233 4041; baseline -0.006 -13"><span class='ocrx_word' id='word_1_258' title='bbox 537 3960 669 4028; x_wconf 82' lang='lat' dir='ltr'>Viviani</span> <span class='ocrx_word' id='word_1_259' title='bbox 687 3959 782 4024; x_wconf 88' lang='lat' dir='ltr'>Nerii</span> <span class='ocrx_word' id='word_1_260' title='bbox 799 3957 941 4039; x_wconf 84' lang='lat' dir='ltr'>Viviani,</span> <span class='ocrx_word' id='word_1_261' title='bbox 956 3957 1107 4041; x_wconf 86' lang='lat' dir='ltr'>predicta</span> <span class='ocrx_word' id='word_1_262' title='bbox 1123 3957 1233 4024; x_wconf 90' lang='lat' dir='ltr'>omnia</span> 
     </span>
    </p>

    <p class='ocr_par' dir='ltr' id='par_1_18' title="bbox 536 4065 1237 4150">
     <span class='ocr_line' id='line_1_35' title="bbox 536 4065 1237 4150; baseline -0.004 -17"><span class='ocrx_word' id='word_1_263' title='bbox 536 4074 568 4133; x_wconf 91' lang='lat' dir='ltr'>et</span> <span class='ocrx_word' id='word_1_264' title='bbox 585 4066 713 4150; x_wconf 85' lang='lat' dir='ltr'>singula</span> <span class='ocrx_word' id='word_1_265' title='bbox 736 4067 771 4132; x_wconf 92' lang='lat' dir='ltr'>in</span> <span class='ocrx_word' id='word_1_266' title='bbox 792 4065 1032 4132; x_wconf 85' lang='lat' dir='ltr'>imbreviaturis</span> <span class='ocrx_word' id='word_1_267' title='bbox 1048 4071 1082 4129; x_wconf 92' lang='lat' dir='ltr'>et</span> <span class='ocrx_word' id='word_1_268' title='bbox 1097 4065 1237 4146; x_wconf 84' lang='lat' dir='ltr'>rogatio·</span> 
     </span>
    </p>

    <p class='ocr_par' dir='ltr' id='par_1_19' title="bbox 96 4170 1237 4259">
     <span class='ocr_line' id='line_1_36' title="bbox 96 4170 1237 4259; baseline -0.009 -13"><span class='ocrx_word' id='word_1_269' title='bbox 96 4179 197 4246; x_wconf 90' lang='lat' dir='ltr'>nibus</span> <span class='ocrx_word' id='word_1_270' title='bbox 216 4177 297 4243; x_wconf 87' lang='lat' dir='ltr'>dicti</span> <span class='ocrx_word' id='word_1_271' title='bbox 322 4197 374 4242; x_wconf 89' lang='lat' dir='ltr'>ser</span> <span class='ocrx_word' id='word_1_272' title='bbox 400 4175 542 4256; x_wconf 75' lang='grc'><strong>17111111,</strong></span> <span class='ocrx_word' id='word_1_273' title='bbox 559 4175 636 4258; x_wconf 88' lang='lat' dir='ltr'>quia</span> <span class='ocrx_word' id='word_1_274' title='bbox 652 4197 710 4259; x_wconf 91' lang='lat' dir='ltr'>per</span> <span class='ocrx_word' id='word_1_275' title='bbox 727 4176 832 4258; x_wconf 89' lang='lat' dir='ltr'>ipsum</span> <span class='ocrx_word' id='word_1_276' title='bbox 849 4179 967 4256; x_wconf 85' lang='lat' dir='ltr'>rogata</span> <span class='ocrx_word' id='word_1_277' title='bbox 984 4179 1018 4238; x_wconf 89' lang='lat' dir='ltr'>et</span> <span class='ocrx_word' id='word_1_278' title='bbox 1043 4170 1237 4237; x_wconf 88' lang='lat' dir='ltr'>imbreviata</span> 
     </span>
    </p>

    <p class='ocr_par' dir='ltr' id='par_1_20' title="bbox 95 4278 1237 4368">
     <span class='ocr_line' id='line_1_37' title="bbox 95 4278 1237 4368; baseline -0.009 -15"><span class='ocrx_word' id='word_1_279' title='bbox 95 4287 243 4367; x_wconf 82' lang='lat' dir='ltr'>fuerunt,</span> <span class='ocrx_word' id='word_1_280' title='bbox 260 4285 382 4368; x_wconf 88' lang='lat' dir='ltr'>sumpsi</span> <span class='ocrx_word' id='word_1_281' title='bbox 400 4284 509 4368; x_wconf 86' lang='lat' dir='ltr'>vigore</span> <span class='ocrx_word' id='word_1_282' title='bbox 526 4283 762 4350; x_wconf 87' lang='lat' dir='ltr'>commissionis</span> <span class='ocrx_word' id='word_1_283' title='bbox 778 4279 876 4347; x_wconf 90' lang='lat' dir='ltr'>michi</span> <span class='ocrx_word' id='word_1_284' title='bbox 892 4280 934 4346; x_wconf 86' lang='lat' dir='ltr'>ab</span> <span class='ocrx_word' id='word_1_285' title='bbox 953 4300 991 4344; x_wconf 90' lang='grc'>66</span> <span class='ocrx_word' id='word_1_286' title='bbox 1008 4278 1103 4360; x_wconf 83' lang='grc'><strong>16616,</strong></span> <span class='ocrx_word' id='word_1_287' title='bbox 1129 4285 1161 4343; x_wconf 86' lang='grc'>61</span> <span class='ocrx_word' id='word_1_288' title='bbox 1185 4278 1237 4343; x_wconf 86' lang='lat' dir='ltr'>hic</span> 
     </span>
    </p>

    <p class='ocr_par' dir='ltr' id='par_1_21' title="bbox 1 4387 1236 4474">
     <span class='ocr_line' id='line_1_38' title="bbox 1 4387 1236 4474; baseline -0.007 -15"><span class='ocrx_word' id='word_1_289' title='bbox 1 4388 2 4392; x_wconf 60' lang='grc'>’</span> <span class='ocrx_word' id='word_1_290' title='bbox 97 4393 245 4460; x_wconf 86' lang='lat' dir='ltr'>fideliter</span> <span class='ocrx_word' id='word_1_291' title='bbox 271 4393 385 4474; x_wconf 87' lang='lat' dir='ltr'>scripsi</span> <span class='ocrx_word' id='word_1_292' title='bbox 402 4399 436 4456; x_wconf 89' lang='grc'>61</span> <span class='ocrx_word' id='word_1_293' title='bbox 451 4391 623 4474; x_wconf 86' lang='lat' dir='ltr'>publicavi,</span> <span class='ocrx_word' id='word_1_294' title='bbox 649 4389 787 4474; x_wconf 89' lang='lat' dir='ltr'>ideoque</span> <span class='ocrx_word' id='word_1_295' title='bbox 813 4409 864 4454; x_wconf 87' lang='lat' dir='ltr'>me</span> <span class='ocrx_word' id='word_1_296' title='bbox 892 4387 1068 4472; x_wconf 86' lang='lat' dir='ltr'>subscripsi</span> <span class='ocrx_word' id='word_1_297' title='bbox 1094 4387 1236 4471; x_wconf 86' lang='lat' dir='ltr'>signum·</span> 
     </span>
    </p>

    <p class='ocr_par' dir='ltr' id='par_1_22' title="bbox 96 4501 613 4590">
     <span class='ocr_line' id='line_1_39' title="bbox 96 4501 613 4590; baseline 0 -24"><span class='ocrx_word' id='word_1_298' title='bbox 96 4523 163 4590; x_wconf 88' lang='lat' dir='ltr'>qne</span> <span class='ocrx_word' id='word_1_299' title='bbox 181 4522 287 4566; x_wconf 89' lang='lat' dir='ltr'>meum</span> <span class='ocrx_word' id='word_1_300' title='bbox 304 4501 398 4588; x_wconf 85' lang='lat' dir='ltr'>posui</span> <span class='ocrx_word' id='word_1_301' title='bbox 415 4506 613 4568; x_wconf 88' lang='lat' dir='ltr'>consuetum.</span> 
     </span>
    </p>
   </div>
   <div class='ocr_carea' id='block_1_10' title="bbox 0 0 1600 5252">
    <p class='ocr_par' dir='ltr' id='par_1_23' title="bbox 0 0 1600 5252">
     <span class='ocr_line' id='line_1_40' title="bbox 0 0 1600 5252; baseline 0 7"><span class='ocrx_word' id='word_1_302' title='bbox 0 0 1600 5252; x_wconf 95' lang='lat' dir='ltr'> </span> 
     </span>
    </p>
   </div>
  </div>
 </body>
</html>
