3210 5252
736 331 967 377 orrionnczmr
986 317 1157 376 ausimne.

922 621 973 681 52.

381 784 406 846 I.
424 785 523 866 Lay'os
539 801 680 867 maggior
696 781 878 866 kirdlyock
903 779 1056 844 cridiensis
1073 803 1094 842 α
1112 781 1221 843 tharai
1238 775 1432 840 kercskedb'lr
1448 780 1518 839 aad·

399 927 402 934 -
835 893 941 952 nistra.
967 889 1061 952 1373.

487 1049 673 1116 Lodovicus
697 1049 763 1115 Dei
789 1051 901 1134 gracia
927 1048 999 1114 Rex
1023 1043 1518 1129 Hunga1·ie,Polonie,Dalma·

382 1161 430 1226 cie
447 1165 506 1226 etc.
522 1157 673 1223 fidelibus
690 1157 757 1222 suis
774 1157 932 1223 universis
943 1154 1098 1236 Prolatis,
1108 1152 1304 1235 Beronibus,
1314 1153 1518 1238 (lapitensis,

383 1249 592 1349 Castellanis,
617 1266 790 1348 Militibus,
815 1264 991 1334 Nobilibus
1017 1269 1051 1329 et
1075 1263 1298 1346 Teolouiariie
1319 1263 1394 1330 aliis
1410 1267 1516 1332 eciam

384 1376 523 1440 cuiusvis
538 1380 644 1440 status
662 1381 694 1438 et
710 1373 969 1458 preheminencie
985 1371 1095 1456 Regni
1111 1371 1514 1453 suiPoloniehominibus,

381 1483 522 1565 Regiam
548 1483 692 1564 graciam
718 1504 792 1547 cum
817 1482 937 1548 favore.
963 1478 1046 1546 Cum
1067 1501 1125 1546 nos
1142 1479 1256 1547 habita
1276 1479 1516 1546 deliberacione

382 1611 454 1654 cum
480 1591 613 1654 domina
638 1588 767 1673 Regina
793 1589 957 1672 genetrice
978 1593 1091 1654 nostra
1106 1588 1282 1654 karissima
1299 1590 1516 1668 annuerimus,

382 1703 419 1762 ut
444 1701 641 1762 mercatores
665 1696 706 1762 de
732 1696 846 1764 Torua
870 1697 913 1762 ad
937 1697 1094 1762 Rusciam
1113 1717 1173 1779 per
1193 1701 1332 1760 stratam
1348 1694 1517 1778 publicam

381 1810 527 1887 tempore
552 1802 630 1868 olim
647 1803 770 1868 domini
789 1803 891 1887 Regis
907 1802 1046 1868 Polonie
1062 1803 1178 1868 fratris
1194 1803 1298 1867 nostri
1314 1808 1515 1892 consuetam,

383 1911 499 1977 solutis
525 1912 620 1976 iustis
646 1910 779 1976 tributis
806 1911 983 1994 procedere
1002 1909 1128 1993 possint
1144 1915 1177 1974 et
1192 1909 1313 1975 abhinc
1328 1909 1437 1974 redire
1455 1909 1517 1978 sal·

381 2020 428 2084 vis
453 2018 521 2084 suis
547 2018 644 2084 rebus
668 2025 701 2083 et
725 2018 883 2101 personis,
902 2019 951 2083 ita
966 2025 1003 2084 ut
1020 2017 1095 2082 dum
1111 2016 1241 2083 eosdem
1257 2024 1459 2082 mercatores
1475 2019 1516 2085 ab

381 2126 531 2212 ingressu
555 2123 656 2208 ipsius
673 2123 780 2207 Regni
797 2125 918 2190 Ruscie
933 2125 1105 2209 prohibere
1121 2124 1326 2207 voluerimus,
1342 2132 1422 2192 tunc
1437 2129 1516 2190 ante

381 2255 438 2299 sex
464 2254 591 2299 menses
616 2233 660 2297 eis
675 2234 813 2316 presciri
829 2233 943 2299 damus
960 2239 1104 2298 nostram
1120 2234 1155 2297 in
1170 2232 1234 2298 hac
1249 2238 1343 2316 parte
1359 2234 1515 2299 intencio

383 2364 465 2426 nem,
491 2348 528 2408 ut
552 2365 612 2426 per
632 2345 720 2427 ipsos
737 2363 793 2408 sex
810 2365 936 2408 menses
954 2343 994 2408 de
1009 2343 1083 2426 ipsa
1098 2342 1224 2409 Ruscie
1240 2343 1413 2408 extrahere
1429 2342 1515 2410 vale·

381 2456 439 2514 ant
465 2471 524 2514 sua
548 2450 634 2516 bona
651 2450 721 2514 sine
737 2448 887 2532 dampno
904 2449 1102 2516 Mandemus
1119 2451 1221 2534 igitur
1236 2449 1390 2516 fidelitati
1408 2456 1514 2518 vestre

380 2580 439 2642 per
454 2565 630 2641 presentes,
647 2563 806 2643 quatenus
824 2558 956 2624 amodo
973 2566 1006 2624 et
1022 2558 1174 2643 deinceps
1191 2558 1297 2624 dictos
1315 2567 1514 2626 mercatores

381 2665 422 2730 de
448 2665 560 2730 Torun
584 2667 678 2732 iuxta
705 2665 897 2748 premissam
917 2673 1066 2732 nostram
1082 2665 1338 2732 commissionem
1355 2686 1430 2732 cum
1448 2667 1514 2731 suis

380 2771 571 2837 mercanciis
596 2770 639 2837 ad
663 2772 829 2854 Rosciam,
844 2775 984 2857 receptis
1001 2775 1096 2839 iustis
1112 2773 1264 2840 teoloniis
1280 2773 1328 2838 ire
1344 2775 1513 2858 permitta-

380 2881 422 2945 tis
435 2878 575 2964 ¹semper
601 2885 635 2944 et
659 2879 766 2946 redire
785 2880 887 2946 libere
903 2888 936 2946 et
952 2881 1110 2966 expedite,
1126 2887 1160 2948 et
1175 2882 1253 2947 dum
1269 2903 1325 2950 eos
1344 2882 1386 2948 ab
1403 2882 1512 2948 huius·

382 2988 472 3052 modi
495 2987 549 3052 ria
573 2987 712 3053 forsitan
737 2989 849 3073 aliqua
864 2991 995 3056 racione
1011 2989 1255 3074 prohibueritis,
1270 2994 1350 3056 tunc
1366 2991 1413 3056 eis
1429 2991 1512 3057 detis

379 3096 526 3162 inducias
547 3118 602 3162 sex
619 3097 785 3179 mensium,
801 3118 861 3181 per
877 3119 960 3180 quos
975 3098 1073 3163 iidem
1089 3098 1129 3164 de
1146 3099 1232 3164 dicto
1249 3099 1366 3181 Regno
1381 3099 1513 3179 Ruscie,

379 3206 527 3287 excipere
553 3206 681 3289 possint
707 3227 782 3270 suas
798 3227 851 3270 res
868 3206 936 3270 sine
952 3206 1102 3271 molestia
1119 3205 1265 3289 aliquali.
1282 3207 1330 3272 Et
1346 3205 1438 3272 aliud
1455 3228 1512 3290 pro

378 3315 492 3375 nostra
518 3312 631 3393 gracia
656 3312 878 3377 consociatis.
903 3313 1027 3378 Datum
1053 3300 1210 3378 Caesonis
1236 3312 1271 3377 in
1296 3318 1414 3380 octava
1436 3314 1511 3380 festi

381 3417 478 3482 Beati
490 3417 663 3483 Michaelis
673 3418 877 3502 Archangeli
889 3441 974 3486 anno
985 3418 1107 3485 domiui
1123 3418 1384 3487 Mccouxx.
1400 3423 1508 3488 tercio.

661 3563 800 3622 (Eredetie
814 3564 909 3616 Thorn
923 3565 1004 3616 vetros
1016 3565 1228 3629 levtltaraiban.)

865 3706 1025 3716 —.—.--—-n

921 3879 972 3940 53.

375 4033 520 4119 LLcjos
544 4057 684 4121 mapyar
711 4038 743 4101 c's
768 4036 888 4124 lenpyel
914 4038 1029 4124 cisely
1056 4037 1388 4125 Lenqyelorsza'gban.
1416 4039 1508 4104 1373.

483 4192 668 4260 [rudovicus
696 4195 757 4262 stb.
783 4194 937 4280 Capitulc
962 4197 1109 4264 Ecclesia
1134 4194 1310 4281 Agriensis
1337 4199 1401 4264 stb.
1418 4197 1505 4266 Dicit

247 4347 253 4356 .
375 4299 465 4367 nobis
482 4301 638 4368 Nicolaus
653 4302 738 4370 filius
764 4303 898 4390 Georgij
916 4305 957 4372 de
977 4305 1118 4372 Telehus
1135 4303 1221 4372 Aule
1238 4313 1351 4373 nostre
1363 4308 1501 4393 juuenis,

375 4409 465 4491 quod
489 4410 629 4493 quedam
654 4409 816 4478 litteralia
831 4415 1050 4481 instrumenta
1076 4436 1174 4498 super
1199 4415 1271 4499 ipsa
1300 4416 1503 4500 possessione

373 4536 434 4581 sua
459 4515 600 4583 Telehus
625 4525 740 4589 vocata
764 4521 912 4589 coniecta
936 4522 997 4588 stb.
1032 4521 1310 4608 (level-herestetb
1341 4521 1502 4608 parancs).
