3134 5254
568 431 664 498 1379.

7 611 9 614 ’
71 625 175 692 roccus,
186 607 368 678 Zacharias
380 611 567 679 Centareno
583 618 616 678 et
631 609 800 678 Johaunes
813 611 1180 700 G1·adouico,significa·

70 721 153 783 rimus
168 718 392 786 Dominatioui
412 727 519 786 nostre
546 721 766 787 conditionem
792 743 1005 805 personarum
1031 729 1179 790 nostrum

7 915 9 920 ι
68 827 209 894 Zaclrarie
226 837 259 896 et
275 827 449 910 consonis,
465 835 601 914 propter
618 831 696 913 quid
713 828 893 897 dominatio
913 838 1025 899 nostra
1050 853 1115 898 nou
1131 835 1179 897 iu-

68 938 193 1019 teudens,
212 939 299 1019 quod
315 939 382 1003 ista
407 939 496 1004 lacta
523 961 582 1023 pro
606 945 702 1024 parte
727 960 787 1004 sua
812 941 974 1006 ducantur
990 941 1022 1006 iu
1038 943 1180 1026 longum,

7 1031 9 1042 ’
67 1047 160 1110 statim
178 1047 320 1129 providit
336 1047 400 1112 huc
416 1049 547 1112 mittere
564 1047 688 1114 nobiles
699 1051 784 1114 viros
796 1049 943 1114 dominos
959 1047 1122 1116 Jacobum
1139 1051 1179 1116 de

66 1151 169 1220 Priolis
186 1163 219 1222 et
235 1155 431 1222 Michaclem
448 1158 648 1224 Macroceuo
660 1158 913 1226 Procuratorem
931 1157 1045 1225 Sancti
1061 1159 1178 1225 Marci.

66 1260 256 1348 Quapropter
272 1261 428 1334 Vestram
450 1263 683 1332 Oelsitudiuem
695 1267 845 1332 duximu
855 1273 968 1332 tenore
978 1269 1178 1351 presentium

7 1419 8 1424 η
65 1373 254 1454 exorandam,
272 1381 433 1458 quatenus
455 1375 609 1458 dignetur
634 1375 728 1440 nobis
755 1398 813 1460 per
842 1382 1022 1459 presentem
1050 1375 1179 1442 cabala-

63 1481 134 1546 rium
156 1483 289 1546 mittere
314 1482 458 1548 litteram
485 1483 566 1548 salvi
592 1485 771 1549 conductus
796 1485 829 1548 iu
855 1484 1003 1568 personis
1034 1485 1176 1550 omnium

7 1623 8 1626 =
63 1595 194 1656 nocuum
211 1590 364 1674 quinque,
380 1592 457 1674 quia
474 1613 532 1674 pro
559 1591 669 1658 dando
686 1591 782 1657 finem
809 1591 906 1657 lactis
933 1614 1042 1660 sumus
1067 1593 1175 1678 parati

63 1699 157 1764 uenire
172 1697 216 1764 ad
233 1701 433 1783 presentiam
450 1699 671 1766 sublimitatis
696 1699 816 1768 Vestro
843 1702 941 1766 etiarn
959 1723 1068 1767 omues
1085 1701 1176 1785 quiu-

63 1823 124 1888 que,
139 1809 164 1873 ai
180 1829 241 1873 uos
255 1808 436 1874 Zacharias
453 1814 485 1873 et
500 1809 671 1875 Johaunes
689 1810 809 1874 erimus
828 1811 862 1873 iu
878 1810 937 1875 tali
954 1811 1176 1877 couvalescen-

61 1913 106 1996 tia,
121 1916 196 1997 quid
213 1916 283 1981 ullo
301 1915 395 1981 modo
412 1917 519 1981 venire
535 1936 713 1999 possumus,
730 1917 988 2000 quandocunque
1005 1918 1176 1986 Excellen-

60 2021 96 2088 tie
110 2020 223 2089 Vestre
240 2025 363 2106 placuit
378 2025 507 2089 mittere
524 2023 617 2088 uobis
629 2030 779 2089 scortam.
796 2024 886 2090 Data
896 2025 1020 2091 Mestre
1037 2026 1088 2093 die
1105 2027 1173 2094 III.

62 2128 210 2214 Octobris,
226 2131 404 2197 indictione
420 2131 486 2196 ΠΙ.
575 2169 581 2180 ·

173 2331 234 2414 40)
257 2329 292 2396 A
317 2331 547 2396 velenoaei
572 2331 774 2412 dogenek
798 2355 818 2397 a
841 2332 1042 2400 kttvetelr.

153 2455 350 2522 Serenisime
375 2455 517 2521 Domine
543 2462 662 2522 noster.
679 2456 764 2522 Heri
780 2459 812 2522 in
830 2479 924 2523 mane
951 2463 1061 2527 scorta
1088 2460 1174 2525 veuit

7 2567 8 2570 ’
58 2581 109 2644 pro
123 2565 223 2646 nobis,
240 2563 330 2648 quod
347 2565 467 2630 iremus
485 2566 527 2630 ad
544 2587 702 2649 campum.
719 2565 763 2630 Ει
791 2566 900 2632 statim
918 2564 990 2631 Nos
1014 2565 1173 2633 Nicotaus

7 2689 9 2712 ι
57 2669 253 2756 Manroccno,
277 2671 423 2738 Jacobus
449 2673 488 2737 de
512 2673 650 2754 Priolis‚
679 2672 823 2738 Michael
849 2672 1056 2753 Mauroceno‚
1074 2674 1171 2739 simul

56 2800 116 2846 cum
133 2783 264 2850 domiuo
282 2777 436 2847 Geuerali
451 2782 569 2847 ivimus
585 2782 627 2849 ad
645 2803 803 2866 campum,
818 2805 882 2847 non
899 2781 1104 2866 possentibus
1117 2803 1171 2846 no·

7 2905 9 2968 ῑ
55 2886 96 2956 bis
109 2891 271 2957 Zacharia
288 2888 475 2957 Contarcuo
493 2895 526 2954 et
541 2889 565 2956 J
567 2889 694 2956 ohanne
711 2888 899 2956 Gredonico
926 2896 1060 2974 propter
1086 2889 1167 2954 infir·

54 2999 190 3066 nitatem
205 3020 420 3086 personarum
444 3003 632 3064 nostrarum
662 2999 708 3062 ire
736 3020 809 3063 cum
835 2998 898 3078 eis3
924 2998 1038 3064 habita
1063 3004 1171 3064 tamen

7 3089 9 3128 ³
53 3107 132 3184 prius
146 3109 233 3175 inter
251 3129 362 3174 omnes
377 3108 410 3172 in
427 3106 522 3173 simul
539 3106 712 3171 collatione
739 3111 772 3170 et
796 3104 1031 3172 deliberatione
1048 3105 1088 3170 de
1105 3126 1171 3171 mo·

7 3203 9 3254 i
53 3213 94 3281 dis
108 3216 322 3285 observandis
339 3239 398 3301 per
412 3237 471 3282 noa
488 3221 601 3282 euntes
617 3215 660 3281 ad
670 3235 829 3299 campum,
844 3221 877 3280 et
894 3215 933 3279 de
951 3215 1088 3300 pecunia
1098 3235 1171 3299 pro·

52 3320 180 3391 ferenda.
196 3327 245 3393 Et
260 3331 437 3408 antequam
453 3325 573 3390 iremus
589 3323 631 3390 ad
647 3324 846 3407 presentiam
863 3321 985 3388 domini
1002 3321 1121 3388 Karcli
1138 3330 1171 3391 et

7 3497 9 3522 ι
52 3433 176 3499 aliorum
190 3435 371 3515 Beronum,
387 3430 648 3513 deliberavimus,
665 3430 751 3514 quod
768 3429 918 3496 domiuus
936 3427 1108 3495 Generalis
1124 3436 1170 3495 te-

7 3543 9 3628 ξ
51 3547 130 3608 neret
145 3543 277 3609 modum
293 3542 472 3625 lcuqueudi
488 3562 561 3606 cum
578 3539 690 3606 codem
717 3538 848 3604 dominc
865 3537 1004 3619 Karolo‚
1021 3543 1054 3602 et
1070 3537 1169 3604 sciret

7 3681 9 3688 ·
51 3645 144 3730 abeo,
159 3651 187 3718 si
203 3653 276 3735 ipse
293 3647 433 3732 volebat,
450 3647 538 3731 quod
554 3647 594 3712 de
610 3647 668 3713 illo
685 3646 790 3728 modo,
810 3667 905 3728 quem
922 3645 974 3711 die
991 3644 1170 3711 Domanico
1272 3673 1273 3676 ¹

49 3758 175 3824 secundo
192 3755 350 3824 Octobris
370 3755 597 3823 dixeratdicto
609 3754 737 3822 domiuo
748 3752 1074 3836 Generali,videlioet
1085 3752 1171 3837 quod

50 3861 110 3943 ipse
125 3874 155 3931 et
172 3867 324 3933 Berones
335 3866 518 3951 acciperent
531 3885 611 3931 onus
623 3887 719 3949 super
729 3887 763 3930 se
773 3863 813 3929 de
825 3862 996 3930 concordio
1012 3862 1169 3928 Domina·

48 3970 159 4038 donum
175 3973 374 4042 Vestrarum
391 3979 424 4040 et
439 3996 513 4040 cum
528 3973 660 4040 domino
681 3972 771 4056 Rege
787 3978 819 4037 et
835 3993 907 4036 cum
923 3971 948 4037 J
950 3969 1166 4051 acuensibus3

7 4111 9 4118 ·
49 4087 78 4144 ct
91 4083 173 4165 quod
190 4081 386 4149 Domiuatio
402 4081 524 4151 Vestra
540 4081 634 4148 daret
650 4081 711 4148 sibi
736 4086 859 4146 certam
876 4078 1094 4164 quantitatem
1110 4098 1165 4160 pe·

7 4209 9 4234 ι
50 4197 142 4275 cunis,
158 4194 337 4260 secuudum
354 4192 442 4276 quod
458 4189 580 4259 Vestre
595 4189 823 4258 Dorrinatioui
840 4188 1029 4272 scripsimus
1045 4208 1104 4271 per
1118 4184 1168 4251 lit·

7 4353 9 4392 :
48 4304 126 4366 teras
142 4308 275 4369 nostras
292 4301 387 4366 datas
404 4299 456 4366 die
481 4299 547 4365 ΙΠ.
566 4298 727 4385 ejusdem,
750 4319 809 4362 nos
835 4295 1027 4361 deberemus
1044 4297 1078 4358 iu
1094 4314 1168 4358 con·

7 4415 9 4424 ’
47 4415 149 4488 spectu
163 4409 335 4476 Barouum
352 4408 459 4474 dicere
475 4409 535 4474 illa
549 4405 650 4473 verbo
674 4407 764 4472 dicta
789 4425 845 4488 per
870 4404 977 4487 ipsum
1003 4401 1167 4467 domiuum

7 4507 10 4590 l
49 4507 202 4584 Karolum
220 4518 326 4584 eidem
344 4516 474 4590 domiuo
501 4512 666 4594 Generali,
683 4520 740 4579 aut
766 4514 793 4578 si
819 4510 959 4591 volebat,
985 4509 1072 4592 quod
1097 4511 1167 4594 ipse
1207 4500 1213 4512 '

7 4647 9 4718 p
50 4616 190 4690 dominus
209 4621 383 4691 Generalis
399 4623 523 4690 diceret
538 4643 584 4704 ea,
600 4622 650 4687 vel
676 4641 771 4705 quem
788 4620 886 4685 alium
912 4618 1043 4684 modum
1069 4615 1168 4682 vellet

998 4728 1058 4800 19*
