3248 5242
399 413 467 489 tm
757 438 991 488 ontousozmr
1008 415 1174 488 suntsed.

410 601 560 666 villarum
578 602 724 666 volumus
742 600 907 681 obtinere;
931 601 1163 684 superioritate
1180 600 1310 684 quidem
1332 607 1367 664 et
1386 601 1533 664 fidelitate

411 716 533 793 nostra,
550 710 775 793 predictisque
786 709 1060 792 recognitionibus
1077 715 1108 773 et
1126 709 1270 792 seruitijs
1285 731 1346 793 pro
1362 707 1458 774 dictis
1472 729 1535 790 pos

411 817 611 884 sessionibus
628 825 659 883 et
676 819 762 883 villis
778 816 877 885 Curis
893 826 1004 884 nostre
1015 817 1145 894 debitis,
1161 817 1283 882 nostris
1299 817 1375 900 alijs
1392 823 1423 882 et
1440 816 1534 880 cuius

286 940 291 948 '
407 927 488 993 libet
502 927 638 993 alterius
661 926 789 1011 juribus
815 949 941 1011 semper
957 927 1065 992 saluis.
1093 926 1134 990 In
1152 927 1243 990 cuius
1258 925 1306 1008 rej
1322 925 1537 990 testimonium

409 1042 578 1120 presentes
604 1035 737 1100 lieteras
764 1035 879 1100 exinde
894 1035 963 1119 tierj
982 1041 1016 1100 st
1031 1033 1186 1118 pendenti
1212 1033 1405 1099 Maiestatis
1421 1033 1536 1100 Nostro

409 1144 518 1229 sigillo
531 1144 689 1229 jussimus
715 1144 916 1227 communirj.
941 1143 1030 1208 Data
1056 1140 1184 1227 Gayete
1210 1143 1245 1206 in
1271 1142 1423 1208 absentia
1440 1142 1537 1226 Iogo-

306 1265 308 1272 ‘
406 1252 498 1318 thete
524 1257 585 1318 etc.
614 1273 672 1335 per
698 1253 800 1317 virum
827 1250 967 1316 nobilem
999 1249 1162 1315 Donatum
1179 1249 1218 1314 de
1237 1247 1356 1315 Aretio
1373 1255 1435 1314 etc.
1460 1272 1537 1316 anno

412 1359 545 1426 Domini
572 1357 931 1425 MCOCLXXXXII.
958 1358 1011 1422 die
1027 1357 1133 1422 XIX.
1151 1355 1306 1423 Octobris
1322 1359 1428 1441 prime
1445 1359 1538 1423 indic-

403 1469 512 1550 tionis,
529 1468 721 1552 Regnorum
737 1473 886 1532 nostrum
904 1487 990 1531 anno
1008 1470 1109 1530 sexto.

403 1580 438 1641 (A
464 1579 601 1644 »Registri
624 1579 775 1643 Angioinic
791 1581 851 1630 363.
865 1593 901 1628 sz.
915 1593 949 1638 a,
963 1578 1030 1640 Reg.
1045 1577 1167 1626 hadislai
1180 1577 1263 1640 Regis
1277 1576 1423 1626 kotetebcl
1443 1580 1499 1626 167.
1510 1577 1534 1638 l.‚

671 1683 702 1717 ez
717 1670 793 1718 olasz
808 1668 861 1718 kir.
875 1667 988 1732 nrtpolyi
1001 1681 1074 1731 nagy
1088 1667 1282 1728 levtltetrban.)

897 1811 1057 1820 ...-..—-—

939 1921 1015 1983 447.

409 2082 525 2148 Ldszlo'
548 2083 677 2147 sicilici
703 2083 816 2166 kirdly
833 2083 874 2144 'e‘s
899 2105 1040 2168 mogyor
1065 2079 1259 2165 ellenkiro'ly
1284 2083 1466 2167 megerdsr'ti
1481 2081 1539 2146 11⁷.

406 2189 491 2254 Bo'la
508 2190 691 2277 kirdlyook
711 2191 869 2274 Lipoodcz
885 2191 917 2252 ds
931 2190 1173 2254 &cot-Mortes
1185 2200 1267 2252 ccv-it
1275 2191 1466 2275 jo'szo'gokot
1476 2197 1537 2254 trir-
1611 2257 1613 2274 ἓ

405 2301 510 2384 gyezo
535 2299 736 2383 adomdnydt
761 2322 783 2359 o
809 2297 981 2361 Matieoics
998 2299 1031 2360 e's
1047 2295 1187 2360 Milesios
1214 2297 1359 2360 nentcsek
1384 2301 1539 2361 szcimdro.
1611 2311 1613 2336 ¹

931 2405 1026 2469 1392.

518 2564 695 2630 Ladizlaus
712 2564 775 2629 Dei
793 2564 902 2646 gratia
918 2559 991 2627 Rex
1011 2571 1071 2628 etc.
1086 2563 1248 2628 uniuersis
1271 2571 1440 2648 presentes
1455 2565 1541 2630 liele·
1611 2543 1613 2566 l

279 2699 281 2704 ·
410 2677 497 2738 teras
526 2671 721 2755 inspecturis
746 2679 815 2736 tam
840 2669 1047 2754 presentibus
1067 2691 1164 2753 quam
1181 2668 1309 2736 futuris.
1327 2671 1424 2737 Licet
1439 2673 1541 2738 ediec
1611 2715 1613 2732 .

411 2779 533 2844 tionem
549 2778 717 2861 plenitudo
743 2799 807 2843 non
833 2784 939 2860 egeat,
957 2799 1016 2843 nec
1040 2776 1230 2842 firmitatem
1257 2779 1376 2861 exigat,
1393 2779 1480 2863 quod
1497 2787 1543 2844 est

411 2887 537 2953 firmum
551 2913 559 2969 ;
576 2887 789 2954 confirmatur
813 2894 924 2951 tamen
940 2887 1102 2951 interdum
1113 2889 1202 2971 quod
1218 2887 1319 2954 robur
1334 2888 1470 2970 obtinet,
1481 2909 1542 2954 non
1610 2926 1613 2988 ἱ

414 2994 501 3078 quod
518 2995 551 3060 id
569 2997 743 3062 necessitas
760 2995 878 3078 exigat,
896 2994 951 3059 sed
969 3000 1005 3060 vt
1021 2993 1211 3078 suffragium
1221 2994 1270 3080 illj
1283 2997 1410 3062 cautele
1423 2997 1543 3081 plenio

411 3104 457 3168 ris
473 3104 617 3170 accedat.
647 3101 735 3168 Sane
760 3124 820 3186 pro
844 3110 939 3186 parte
964 3104 1109 3168 virorum
1134 3103 1293 3168 nobilium
1322 3105 1456 3170 Herebo
1474 3106 1543 3172 Ma·
1611 3177 1613 3196 ι

412 3211 533 3277 tieuich
558 3219 589 3277 et
615 3213 764 3294 fratrum,
791 3232 915 3277 necnon
943 3211 1096 3277 Ladizlai
1113 3218 1147 3276 et
1164 3212 1312 3294 Hostoye
1331 3213 1497 3280 Michuich
1514 3222 1544 3280 et

413 3320 553 3386 fratrum
570 3321 713 3388 fidelium
729 3331 914 3386 nostrorum
941 3319 1145 3402 dilectorum,
1160 3318 1223 3384 luit
1237 3319 1410 3387 Maiestati
1425 3321 1547 3388 Nostro
1611 3361 1613 3400 ἶ

414 3429 542 3494 nouiter
566 3429 784 3514 supplicatum
813 3428 991 3509 humiliter,
1017 3433 1051 3492 vt
1077 3449 1150 3492 cum
1176 3427 1254 3510 ipsis
1280 3449 1320 3493 ex
1344 3432 1547 3496 successione
1611 3497 1613 3526 ὦ

417 3537 662 3620 progenitorum
680 3545 712 3603 et
728 3543 901 3621 parentum
921 3556 1032 3602 eorum
1049 3557 1088 3600 ac
1104 3535 1200 3600 titulo
1224 3536 1411 3603 donationis
1427 3546 1459 3604 et
1477 3562 1549 3604 con·
1611 3545 1613 3638 1

417 3645 571 3712 cessionis
598 3645 639 3711 ab
661 3645 737 3712 olim
762 3644 848 3710 lacte
866 3645 964 3710 dictis
981 3665 1092 3709 eorum
1111 3645 1376 3728 progenitoribus
1391 3669 1451 3730 per
1467 3648 1550 3712 bone
1611 3639 1613 3706 ἶ

414 3753 569 3819 memorie
596 3753 760 3820 dominum
794 3752 909 3819 Belam
938 3754 1061 3837 Regem
1089 3753 1261 3835 Hungarie
1285 3755 1549 3837 predecessorem

415 3868 573 3944 nostrum,
599 3861 682 3928 sicut
701 3863 734 3926 in
752 3862 935 3945 priuilegijs
958 3861 1037 3927 dicti
1054 3861 1156 3945 Regis
1172 3861 1267 3926 factis
1284 3861 1401 3926 exinde
1417 3866 1551 3948 ponitur
1611 3847 1613 3950 l

416 3970 583 4052 contineri,
601 3969 783 4051 habuerint,
809 3971 973 4035 tenuerint
991 3977 1023 4036 et
1037 3967 1241 4054 possederint
1267 3969 1437 4054 hactenus,
1453 3993 1498 4038 ac
1513 3971 1552 4036 ad
1611 3965 1613 4012 ³

415 4099 549 4161 presens
569 4083 700 4142 teneant
717 4083 750 4142 et
765 4076 954 4162 possideant
964 4078 1071 4143 villam
1086 4075 1260 4161 Lipouacz,
1271 4084 1304 4144 et
1314 4079 1426 4144 villam
1436 4079 1552 4162 Sanctj

417 4186 558 4251 Martini
575 4186 608 4249 in
625 4185 763 4268 Borbas,
781 4206 852 4250 eum
869 4184 1063 4266 hominibus,
1084 4185 1243 4264 vassallis,
1255 4186 1384 4270 juribus
1402 4195 1437 4255 et
1453 4191 1554 4273 perti·
1610 4153 1613 4202 Ι

417 4293 539 4377 nentijs
556 4313 667 4359 earum
684 4295 843 4380 omnibus,
859 4293 1053 4361 confirmare
1063 4295 1323 4378 supplicantibus
1336 4298 1417 4380 ipsis
1432 4321 1497 4382 pro
1514 4319 1553 4374 se,
1611 4299 1613 4302 ’

416 4409 574 4468 eteorum
591 4404 768 4469 heredibus
795 4404 888 4469 uillas
904 4403 1081 4487 predictas,
1098 4408 1131 4466 et
1146 4405 1247 4488 ipsius
1264 4404 1431 4486 quondam
1448 4405 1553 4488 Regis

417 4501 497 4574 Bele
514 4509 686 4594 priuilegia
702 4520 876 4596 propterea
892 4513 956 4576 iarn
975 4511 1070 4576 dictis
1094 4513 1359 4594 progenitoribus
1375 4536 1490 4581 eorum
1507 4516 1551 4578 in·
1612 4577 1613 4608 ,

419 4616 511 4682 dulta
536 4617 708 4702 benignius
734 4619 954 4705 dignaremur.
980 4623 1050 4688 Nos
1076 4640 1153 4684 uero
1184 4617 1330 4686 fidelium
1363 4631 1549 4689 nostrorum
1611 4609 1613 4682 l
