3248 5242
559 391 657 460 1391.

474 685 478 692 '
572 706 647 768 426.

44 866 164 931 Madd
180 867 306 932 sicilia-i
321 866 435 953 ttrn'ly
450 867 483 930 e's
498 889 640 954 mappae
657 865 925 952 ellenleirc'lynale
941 863 1044 929 Vallro
1055 863 1174 950 mepyei

36 974 185 1059 juvabat
210 975 367 1062 tdrpyazd
395 973 582 1060 adomdaya
614 974 838 1060 Zarinqleoich
868 974 983 1038 Ldszld
1014 977 1179 1037 azdnidrc.

571 1084 667 1148 1391.

158 1240 336 1309 Ladizlaus
352 1241 416 1326 Dej
434 1243 632 1326 gratiaRex
653 1249 714 1308 etc.
731 1243 891 1309 uniuersis
907 1248 1073 1327 presentes
1091 1239 1181 1306 licte-

44 1369 103 1414 ras
120 1349 314 1433 inspecturis
327 1355 394 1414 tarn
410 1351 616 1434 presentibus
634 1371 732 1434 quarn
748 1349 865 1414 futuris
882 1356 943 1415 etc.
953 1347 1068 1415 Gratis
1084 1348 1182 1413 meri-

44 1459 91 1522 tis
111 1455 155 1521 ad
170 1455 332 1523 beneficas
349 1458 539 1525 collationes
550 1459 782 1542 astringimur3
798 1465 831 1524 et
849 1481 929 1542 quos
940 1458 1056 1523 militie
1066 1457 1184 1523 decoro

44 1565 274 1647 lustrauimus,
285 1565 433 1632 conferre
450 1589 592 1649 munera,
609 1566 725 1652 quibus
742 1569 845 1651 ipsam
857 1566 1030 1634 honorifice
1057 1566 1184 1650 possint
1292 1621 1294 1630 ,

50 1695 252 1740 conseruare
263 1675 426 1758 militiam,
442 1675 683 1743 rationabiliter
700 1676 893 1758 obligamur.
911 1674 996 1742 Sane
1013 1674 1182 1741 attenden-

46 1789 101 1848 tes
122 1783 243 1848 merita
259 1783 384 1850 sincere
413 1783 596 1850 deuotionis
613 1790 646 1849 et
660 1783 736 1850 fidei
762 1784 824 1849 riri
840 1784 959 1851 nobilis
976 1783 1123 1867 Ladialaj
1142 1782 1183 1847 de

47 1890 286 1975 Zeringleuich
298 1889 338 1958 de
353 1890 452 1975 Saue,
464 1893 575 1958 militis
587 1893 760 1959 familiaris
770 1900 803 1958 et
820 1891 924 1958 fidelis
940 1894 1045 1959 nostri
1061 1891 1181 1974 dilecti,

46 2005 216 2086 grataque
232 1999 323 2067 utilia
339 2008 372 2067 et
388 2009 521 2086 accepta
537 2002 680 2084 seruitia,
697 2023 759 2086 que
776 2003 865 2067 clare
881 2001 1033 2066 memorie
1050 2000 1181 2066 domino

45 2109 194 2192 genitori
209 2117 320 2176 nostro
337 2111 414 2176 dum
430 2112 519 2192 vixit,
536 2116 571 2176 ct
581 2110 673 2176 nobis
684 2111 782 2176 etiam
800 2111 943 2193 prestitit
958 2111 1116 2175 hactenus
1128 2130 1185 2174 sue

45 2237 194 2302 persone
210 2218 372 2302 periculis,
383 2220 564 2303 sumptibus
581 2226 614 2285 et
630 2219 798 2286 laboribus
809 2241 872 2286 non
890 2219 1062 2303 parcendo,
1078 2237 1183 2302 queue

46 2327 179 2394 Nostre
195 2326 362 2412 Maiestatj
380 2334 508 2412 prestat
525 2327 566 2394 ad
583 2349 725 2413 presens,
736 2336 769 2395 et
784 2350 952 2412 speramus
968 2329 1074 2412 ipsum
1083 2327 1185 2409 impo-

47 2441 182 2500 starum
199 2432 338 2500 debono
355 2435 389 2500 in
415 2435 529 2502 melius
554 2438 770 2521 prestiturum
798 2457 831 2502 se
852 2435 992 2502 reddens
1008 2439 1183 2519 propterea

47 2541 242 2626 conspectui
258 2549 369 2609 nostro
380 2549 529 2626 gratum3
547 2545 713 2611 necminus
725 2546 943 2626 aduertentes,
961 2543 1047 2627 quod
1064 2543 1187 2610 dictum

47 2647 255 2716 Ladialaum
272 2652 376 2716 virum
393 2652 503 2735 vtique
529 2652 702 2736 multiplici
727 2653 848 2718 virtute
865 2659 898 2718 et
914 2650 1076 2736 probitate
1093 2649 1192 2716 refer-

48 2767 127 2824 tum
138 2757 277 2844 militarj
295 2760 424 2844 cingulo
440 2782 543 2844 nuper
561 2761 794 2842 decorauimus,
811 2761 861 2825 cui
881 2760 976 2825 simul
986 2783 1060 2826 oum
1076 2759 1193 2824 militia

49 2887 177 2934 munus
201 2865 327 2950 aliquid
352 2875 481 2951 gratum
507 2869 702 2954 impendere,
729 2891 792 2953 quo
821 2868 940 2934 dictam
967 2866 1192 2934 honorabilius

48 2975 166 3062 possit
184 2995 380 3042 conseruare
398 2976 558 3060 militiam,
574 2977 707 3061 dignum
727 2983 759 3042 ct
775 2975 971 3042 rationabile
986 2981 1193 3060 reputamus;

50 3083 168 3150 eidem
185 3083 343 3150 ladislao
369 3093 403 3152 et
419 3087 486 3152 suis
502 3087 675 3152 heredibut
699 3085 868 3170 masculinj
887 3105 981 3150 sexus
998 3107 1037 3150 ex
1053 3107 1111 3152 suo
1128 3107 1195 3151 cor-

49 3215 141 3279 pore
158 3192 304 3276 legitime
321 3195 601 3277 descendentibus,
629 3195 715 3260 natis
731 3195 793 3260 iam
812 3199 844 3258 et
860 3195 992 3259 inantea
1008 3194 1194 3274 nascituris,

51 3305 293 3386 inperpetuum
312 3303 539 3388 infrascriptas
555 3305 781 3388 possessiones,
798 3323 861 3384 que
883 3302 1014 3368 fuerunt
1030 3302 1195 3386 quondam
1231 3374 1235 3384 ¹

52 3407 226 3496 Gregorij
245 3411 360 3478 'Photis
387 3414 426 3479 de
442 3412 604 3479 Kerestur
619 3413 742 3494 militis,
758 3433 818 3477 nec
835 3432 898 3478 non
915 3418 948 3478 et
964 3411 1113 3494 Ladinlaj
1132 3410 1196 3474 fra·

53 3521 127 3587 tris
149 3519 207 3601 sui,
224 3521 427 3587 notoriorum
452 3529 635 3588 nostrorum
662 3521 841 3604 rebellium,
868 3520 1016 3586 videlicet
1032 3520 1197 3585 Kerestur

54 3635 96 3694 et
113 3625 291 3711 Kiapcosri
308 3629 341 3693 in
359 3629 492 3695 Banatu
508 3626 616 3697 Valko
633 3632 767 3714 positas,
784 3636 900 3695 ettam
925 3649 983 3713 per
998 3629 1098 3713 ipsius
1115 3626 1197 3694 Gre-

54 3737 153 3823 gorij
171 3758 270 3819 quam
286 3737 407 3821 prefati
433 3737 581 3806 Ladirlai
607 3739 718 3806 fratris
746 3739 795 3804 sui
811 3735 1018 3804 rebellionem
1035 3737 1197 3803 notoriam

56 3853 100 3910 ot
111 3843 179 3908 lese
189 3843 222 3908 N
225 3849 311 3909 ostre
322 3845 507 3914 Maiestatis
524 3849 652 3926 crimen,
662 3845 848 3912 adherendo
859 3847 972 3913 emulis
982 3853 1014 3910 et
1025 3844 1199 3911 rebellibus

56 3953 201 4033 nostris,
210 3952 318 4037 Regni
328 3955 431 4021 nostri
443 3955 624 4040 Hungarie,
635 3955 834 4039 sequacibus,
845 3954 1077 4020 adherentibus
1088 3959 1121 4018 et
1130 3952 1200 4018 fau-

56 4060 197 4128 toribus
214 4081 325 4126 eorum
342 4062 474 4146 aliaque
492 4063 666 4147 nephanda
683 4064 853 4129 commissa
869 4070 984 4128 contra
999 4062 1153 4127 honorem
1167 4068 1200 4127 et

59 4173 195 4236 statum
222 4176 368 4235 nostrum
393 4172 503 4254 inique
530 4179 563 4238 et
579 4193 749 4255 perperam
776 4193 834 4254 per
856 4172 994 4252 eosdem,
1018 4169 1061 4235 ad
1086 4192 1200 4236 manus

59 4283 182 4344 nostre
199 4276 296 4343 Gurie
312 4280 396 4344 iuste
414 4287 447 4345 et
464 4280 702 4345 rationabilitet
719 4280 899 4363 deuolutos,
916 4302 989 4344 cum
1005 4278 1200 4364 fortollicijs,

60 4382 432 4468 hominibuspassallis,
436 4387 676 4472 jobagionibuS,
685 4387 872 4471 redditibus,
883 4387 1038 4468 censibus,
1049 4387 1202 4473 seruitijs,

62 4492 233 4575 domibus,
244 4497 510 4578 possessionibus,
520 4497 631 4580 vineis,
642 4497 778 4580 oliuetiS,
789 4497 886 4562 terris
898 4497 994 4561 cultis
1012 4502 1044 4561 et
1060 4495 1203 4579 incultis,

65 4599 250 4684 montibus,
266 4603 381 4687 planis,
397 4606 510 4688 pratia,
528 4605 627 4688 siluis,
648 4606 842 4686 nemoribus,
862 4605 999 4688 pascuis,
1024 4605 1205 4688 arboribus,
