3248 5242
648 297 742 378 lasa.
1196 303 1258 385 nl

123 506 225 566 causa
241 474 381 553 forsitan
398 487 604 570 incidissent;
622 511 681 556 nec
692 513 754 556 nou
765 490 884 557 banam
895 493 1051 560 banorum
1060 495 1134 577 jura
1146 499 1259 561 tertia·

124 594 193 659 rias
212 595 393 662 sententias
405 597 759 680 etoondempnationes
781 600 943 684 quaslibet
958 601 1040 668 alias
1057 603 1173 668 exinde
1184 605 1257 670 sub·

122 709 289 786 sequutae,
300 705 327 769 si
339 711 372 770 et
383 705 416 770 in
427 711 583 790 quantum
595 727 734 790 persona
753 715 785 774 ct
805 706 905 774 Curia
916 717 1030 777 nostra
1045 714 1193 796 tangitur
1210 713 1258 778 vel

122 811 369 894 quomodolibet
385 815 476 899 tangi
491 823 607 900 posset,
623 817 795 883 remictere
812 823 845 882 et
861 819 1088 903 inperpetuum
1098 821 1257 902 relaxare,

121 941 319 1003 omnemque
328 922 408 1006 ipsis
418 929 450 987 et
466 945 576 989 eorum
589 924 722 990 cuilibet
733 946 772 990 ex
781 927 950 1008 premissis
962 928 1067 994 causis
1078 928 1258 1012 irrogatam

121 1029 313 1097 rebellionis
329 1037 450 1114 notam,
466 1033 519 1098 uel
536 1033 685 1115 quamuis
701 1033 799 1099 aliam
815 1032 948 1100 inlamie
973 1035 1135 1100 maculam
1151 1035 1192 1100 ab
1209 1037 1257 1102 eis
1349 1073 1351 1081 ,

113 1145 158 1220 et
174 1139 319 1222 ipsorum
337 1140 483 1224 quolibet
499 1143 690 1226 abstergere
707 1149 740 1207 et
755 1143 945 1209 clementius
961 1144 1101 1224 abolere,
1118 1164 1256 1210 necnon

120 1246 212 1332 ipsos
225 1256 257 1314 et
268 1270 378 1315 corum
398 1273 658 1335 unumquemque
679 1253 852 1317 restituere
864 1258 897 1318 et
908 1253 1111 1337 reintegrare
1128 1273 1186 1336 per
1202 1252 1256 1318 be-

121 1355 275 1422 neficium
291 1359 384 1442 plene
395 1359 611 1426 restitutionis
626 1361 660 1426 in
677 1360 843 1444 integrum
859 1360 902 1426 ad
918 1359 1047 1444 famam,
1064 1362 1253 1444 dignitates,

21 1483 29 1490 ·
120 1462 265 1541 honores
281 1473 314 1530 et
330 1473 453 1533 statum
469 1469 636 1550 pristinos,
651 1465 801 1552 bonaque
817 1469 963 1552 ipsorum
981 1489 1172 1553 quecunque
1188 1490 1254 1534 mo·

120 1569 206 1638 bilia
221 1579 254 1639 et
271 1574 403 1641 stabilia
430 1571 612 1658 rbicunque
638 1575 671 1641 in
697 1576 792 1641 dictis
817 1577 941 1660 Regnis
967 1599 1142 1661 eorumque
1167 1578 1255 1658 locis,

118 1682 228 1764 terris,
252 1680 337 1748 villis
353 1690 386 1748 et
401 1684 549 1766 partibus
565 1685 673 1768 posita
690 1686 756 1749 siue
774 1685 846 1766 sita,
862 1684 997 1769 legibus,
1014 1685 1253 1751 constitutioni·

120 1787 193 1873 bus,
210 1791 495 1858 consuetudinibus
513 1798 544 1858 et
560 1793 709 1877 capitulis
726 1792 971 1878 quibuscunque
996 1794 1170 1878 contrarijs
1195 1813 1255 1858 nec

123 1916 190 1962 non
218 1900 487 1980 concessionibus,
519 1895 750 1967 donationibus
776 1906 809 1966 et
832 1901 1098 1985 promissionibus
1124 1900 1255 1981 quibus·

120 2003 205 2069 libet
222 2004 315 2071 factis
332 2007 501 2090 quibusuis
517 2009 665 2093 personis
681 2031 740 2092 per
756 2030 814 2073 nos
833 2009 884 2073 rel
910 2007 1049 2073 aliosde
1074 2008 1168 2074 bonis
1195 2008 1253 2074 eis·

119 2113 205 2194 dem,
222 2135 280 2178 nec
296 2137 358 2180 non
377 2116 569 2201 priuilegijs,
585 2117 719 2196 lioteris,
736 2116 858 2182 cedulis
883 2122 916 2180 ot
934 2116 1105 2199 scripturis
1123 2115 1253 2198 quibus·

118 2219 203 2286 libet
219 2222 380 2305 insecutis,
412 2245 492 2306 quaa
511 2229 543 2288 et
560 2244 621 2306 que
638 2230 795 2307 quantum
822 2224 864 2289 ad
890 2223 958 2307 hec,
983 2223 1023 2288 de
1050 2224 1137 2289 dicta
1162 2231 1253 2288 certa

118 2334 234 2393 nostra
250 2331 395 2412 scientia,
412 2352 450 2396 ac
466 2353 538 2396 cum
564 2351 723 2397 consensu
739 2339 771 2398 et
797 2332 993 2399 auctoritate
1010 2332 1126 2415 quibus
1143 2352 1252 2414 supra,

118 2437 275 2518 tollimuS,
293 2461 481 2506 revocamus
493 2445 526 2504 et
535 2439 660 2506 uiribus
675 2460 862 2522 uacuamos,
872 2461 937 2504 non
954 2439 1160 2504 obstantibus
1171 2460 1252 2522 quo·

118 2546 294 2629 quomodo.
320 2547 392 2613 Has
424 2550 509 2614 enim
526 2549 754 2632 indulgentias,
771 2548 1008 2632 redductioues,
1035 2548 1252 2629 remissiones,

119 2655 354 2740 relaxationes,
370 2657 596 2724 restitutiones
623 2664 656 2722 et
681 2659 964 2740 reintegrationes,
991 2679 1072 2740 quas
1097 2656 1176 2740 ipsis
1192 2677 1252 2738 per

116 2765 337 2831 instromenta
348 2766 487 2848 publica,
504 2767 571 2830 siue
589 2788 647 2849 per
662 2773 789 2832 vestras
801 2767 847 2832 eis
864 2768 898 2832 in
914 2766 1060 2850 predicto
1078 2766 1252 2830 conceden-

117 2872 181 2936 das
197 2872 327 2939 licteras
344 2873 496 2956 feceritis,
515 2881 605 2940 ratas
622 2881 655 2940 et
671 2880 784 2958 gratas
810 2874 975 2955 habentes,
1000 2873 1074 2939 illas
1101 2893 1140 2937 ex
1167 2893 1252 2936 nunc

115 2987 218 3064 prout
234 3003 272 3046 ex
289 2989 367 3047 tunc
382 2981 500 3049 harum
517 2983 599 3048 serie
616 2981 761 3048 dedicta
778 2989 868 3048 certa
893 2988 1006 3048 nostra
1023 2983 1161 3047 scientia
1178 3003 1250 3045 cum

116 3110 277 3154 consensu
294 3095 326 3155 et
342 3091 539 3156 auctoritate
555 3090 730 3174 premissis,
757 3097 916 3174 quatenus
942 3095 1051 3154 tamen
1081 3087 1162 3153 alias
1188 3088 1251 3152 rite

116 3202 152 3262 et
167 3198 300 3281 provide
317 3197 440 3278 fierent,
466 3204 680 3284 acceptamus,
697 3199 916 3282 approbamus
941 3196 1149 3278 ratificamus,
1177 3217 1251 3261 con·

115 3305 294 3389 firmamus,
309 3329 446 3392 vereque
463 3307 714 3390 ratificatitouis,
733 3307 975 3390 acceptationis,
1001 3305 1248 3389 approbationis

115 3420 152 3480 et
163 3415 418 3483 confirmationis
429 3417 604 3483 munimine
615 3415 825 3498 roboramus;
842 3435 880 3480 ac
895 3414 1112 3502 promittimus
1128 3418 1161 3478 et
1175 3412 1245 3497 pol-

115 3523 253 3589 licemur
269 3523 408 3591 firmiter
426 3532 458 3591 at
475 3546 632 3609 expresse,
651 3545 706 3590 eas
722 3530 756 3589 et
781 3524 925 3608 ipsarum
952 3521 1131 3606 quamlibet
1155 3527 1246 3586 ratas

102 3621 153 3698 ¹et
178 3639 291 3717 gratas
317 3635 404 3723 omui
431 3640 576 3718 tempore
602 3655 715 3718 gerere
740 3639 840 3716 atque
859 3653 999 3712 securas,
1024 3630 1154 3711 illisque
1180 3629 1244 3693 vllo

116 3761 261 3826 unquam
272 3750 420 3826 tempore
436 3765 501 3808 non
518 3743 752 3825 contradicere,
762 3741 869 3808 facere
880 3761 1045 3825 opponere
1055 3738 1108 3803 uel
1124 3737 1246 3818 uenire,

115 3851 227 3933 palam
243 3852 372 3935 publice
388 3851 439 3916 rel
455 3851 589 3932 occulte,
609 3849 731 3916 directe
756 3852 811 3916 uel
834 3849 1003 3928 indirecte,
1019 3868 1079 3932 per
1104 3866 1163 3911 nos
1192 3851 1250 3910 aut

115 3959 200 4024 alios
211 3961 314 4025 nostri
326 3967 436 4045 parte3
452 3961 510 4026 sed
526 3961 616 4044 ipsas
626 3959 761 4024 realiter
771 3965 804 4023 et
814 3956 1049 4023 inuiolabiliter
1066 3954 1244 4020 observare

103 4063 155 4134 'ac
173 4069 329 4134 mandare
346 4075 379 4134 ct
404 4068 511 4134 facere
538 4071 606 4134 siue
632 4066 863 4151 impedimento
889 4065 1037 4150 quolibet
1060 4062 1245 4142 observari3

115 4197 176 4241 nec
201 4195 266 4240 non
291 4183 323 4241 et
348 4177 603 4260 adpetitionem
630 4194 898 4259 quorumcunque
923 4171 1159 4256 postulantium
1186 4191 1241 4235 eas

115 4285 331 4350 corroborare
348 4303 406 4367 por
422 4305 505 4351 nova
519 4291 705 4350 nostrarum
714 4285 898 4348 litterarum
910 4279 1055 4364 sufragia
1070 4299 1142 4342 cum
1159 4276 1245 4340 clau·

116 4393 197 4458 solis
214 4398 247 4457 et
263 4390 521 4458 solemnitatibus
538 4392 715 4476 oportunis.
732 4391 805 4456 Has
822 4395 950 4454 nostras
973 4387 1103 4452 litteras
1129 4405 1247 4466 magno

114 4507 228 4568 nostro
245 4499 397 4588 pendenti
412 4501 519 4586 sigillo
536 4502 678 4567 munitas
694 4500 784 4565 vobis
803 4501 835 4564 iu
852 4498 1082 4582 premissorum
1101 4495 1249 4560 testimo·
