3226 5254
476 420 480 440 ,
593 363 687 424 raso.
1069 373 1073 378 ·
1139 360 1202 422 aaa

80 535 181 603 favore
196 539 335 620 fortune,
345 541 379 604 in
388 539 449 606 hac
458 538 561 606 hostis
582 541 681 605 vestri
700 539 898 620 confusione,
909 537 949 604 de
960 560 1039 622 paee
1051 544 1202 606 tractare.

80 643 158 710 Nam
168 647 194 710 si
203 646 509 730 malefidafortona,
520 647 602 712 sicut
614 647 705 728 solet,
715 653 857 711 mutaret
868 647 1001 730 vultum,
1012 647 1052 712 de
1063 647 1203 713 candida

81 759 247 820 verteretur
258 755 292 820 in
301 756 445 839 nigram3
461 755 503 822 ab
513 751 1083 840 inflatissuperbia¹spiritibus,ctiam
1094 757 1128 820 in
1138 758 1202 822 levi

81 865 290 947 prosperitate
308 885 522 944 successuum,
539 871 597 928 aut
607 863 698 930 nulla
708 885 772 948 pax
783 867 840 928 aut
851 864 979 929 nonnisi
992 863 1082 929 duris
1092 872 1202 948 posset

16 1041 17 1062 ἶ
81 972 308 1039 conditionibus
324 973 471 1057 reperiri.
488 971 601 1038 Niohil
617 973 700 1037 enim
719 977 835 1037 eventu
859 972 1017 1038 bellorum
1035 974 1201 1053 incertius,

80 1079 170 1146 nichil
184 1081 254 1165 ipso
265 1079 352 1147 bello
368 1079 599 1165 periculosins3
617 1101 675 1145 nec
691 1099 835 1162 unquam
846 1079 1056 1163 despicienda
1066 1088 1115 1146 est
1130 1080 1201 1146 hos·

16 1247 17 1262 ,
78 1189 115 1252 tis
131 1189 328 1273 impotentia,
355 1211 428 1254 oum
453 1189 590 1254 victoria
615 1209 680 1254 uon
705 1188 749 1253 sit
772 1187 806 1252 in
828 1187 978 1254 manibus
994 1185 1201 1255 bellatorum.

16 1281 18 1336 ἶ
79 1293 230 1363 Econtra
255 1318 332 1363 vero
358 1295 459 1362 nichil
484 1316 564 1380 pace
591 1293 724 1378 firmins,
739 1293 840 1361 nichil
855 1295 1096 1380 tranquillitate
1113 1317 1200 1362 secu·

16 1427 18 1470 J
78 1403 148 1471 rius.
173 1402 208 1470 Si
233 1426 298 1488 pax
324 1405 391 1485 fiat,
415 1404 603 1470 minuentur
620 1409 777 1488 sumptus,
794 1405 1025 1486 extinguentur
1040 1403 1200 1483 odia,'tol·

16 1499 17 1570 Ῑ
75 1512 176 1577 lentur
192 1513 398 1597 suspiciones,
415 1533 478 1595 que
495 1532 579 1577 nunc
596 1533 660 1577 non
678 1511 928 1593 dicamushclto,
940 1512 996 1580 sed
1008 1511 1200 1596 sotaexpec·

75 1621 191 1686 tatione
207 1620 296 1704 belli,
312 1621 566 1687 intolerabiliter
592 1621 771 1703 imminent,
796 1619 977 1703 perniciose
994 1625 1151 1700 crescunt,
1167 1627 1200 1685 et

16 1771 17 1776 κ
75 1729 324 1812 cogitationibus
340 1729 433 1795 vanis
451 1736 597 1814 surgunt.
612 1729 659 1795 Et
675 1727 770 1811 obid,
781 1729 864 1795 sicut
874 1729 995 1813 pluries
1007 1729 1087 1794 alias
1099 1726 1198 1811 scrip·

75 1839 176 1920 simus,
192 1839 218 1904 si
236 1839 426 1921 quidnobis
442 1837 743 1904 consiliosissimum
770 1860 840 1904 esse
865 1838 1002 1920 videtur,
1020 1837 1198 1904 decreveri-

74 1946 112 2011 tis
137 1945 175 2012 de
198 1967 278 2030 pace
303 1947 521 2029 tractandum,
547 1953 580 2012 et
605 1947 639 2011 in
664 1945 725 2012 hoo
743 1953 838 2030 putet
854 1944 976 2012 Vestra
994 1943 1198 2030 Sublimitas,

16 2053 18 2136 f
74 2060 212 2120 nostram
237 2054 441 2120 devotionem
467 2052 642 2120 efficaciter
667 2075 771 2139 posse,
787 2055 836 2121 vel
853 2054 992 2121 fideliter
1008 2055 1101 2131 velle,
1116 2056 1195 2122 totis

16 2211 17 2240 ,
72 2163 188 2228 viribus
199 2164 327 2245 operari
339 2187 345 2244 3
357 2163 511 2248 dignetur
527 2160 649 2231 Vestra
659 2163 822 2248 Majestas
840 2184 912 2228 oum
929 2162 1131 2245 benignitate
1147 2185 1196 2229 re-

16 2309 18 2338 ε
73 2269 215 2337 scribere.
233 2270 462 2338 Libentissime
478 2272 610 2355 quidem
626 2273 659 2337 in
675 2272 737 2337 hoc
753 2277 866 2338 nostra
883 2270 1023 2338 fidelitas
1033 2272 1197 2353 legatione

16 2393 18 2468 ,
76 2379 303 2444 solemnissima
328 2400 362 2444 se
386 2380 580 2463 interponet.
601 2377 779 2445 Serenitati
796 2377 923 2460 Vestro,
940 2401 1038 2462 quam
1055 2379 1196 2444 omnium

16 2539 17 2572 ,
72 2507 173 2552 rerum
199 2486 321 2571 Opifex
345 2487 487 2571 dirigere
512 2487 665 2572 dignetur
690 2489 855 2569 interris,
882 2489 928 2552 ita
944 2485 1031 2571 quod
1047 2487 1197 2552 felicitati

16 2589 19 2652 t
74 2593 175 2675 seculi,
192 2595 373 2661 cumuletur
388 2595 528 2662 felicitas
545 2595 708 2678 Paradisi,
724 2617 783 2662 nos
801 2603 833 2660 et
849 2603 996 2661 nostrum
1017 2595 1195 2660 Commune

73 2701 187 2768 devotis
212 2703 381 2768 affectibus
407 2704 678 2770 commendamus.
721 2703 812 2769 Data
836 2703 1004 2770 Florentia
1030 2702 1083 2770 die
1108 2702 1195 2769 XII.

73 2810 219 2877 Octobris
235 2809 322 2876 IIII.
340 2808 516 2879 indictione
533 2811 816 2880 MOCOLXXX.

73 2955 186 3013 (Eredeti
199 2957 416 3022 fogalmazvdny
430 2973 447 3007 a
463 2959 601 3023 »signem
615 2959 771 3025 Carteggie,
786 2959 913 3010 Missive‹
928 2960 981 3009 sth.
994 2960 1103 3023 osztaly
1116 2960 1193 3008 xlx.

235 3047 392 3111 kdtegtben
406 3053 448 3098 58.
464 3064 501 3100 sz.
515 3063 549 3111 a,
563 3065 580 3099 a
594 3050 724 3100 florenczi
738 3064 812 3115 nagy
826 3048 1019 3108 levtltdrbau.)

567 3373 639 3436 187.

18 3617 19 3620 Ἴ
109 3531 230 3619 Kdroly
240 3534 395 3598 drcrazzoi
407 3535 598 3621 berczepnelc
610 3559 632 3599 a
646 3534 796 3620 floreacai
812 3536 1033 3622 kdztdrsaea'p.
1053 3537 1147 3600 1380.
1175 3533 1181 3545 '

166 3692 357 3759 Clarissimo
373 3694 521 3777 Principi
538 3693 668 3760 domino
691 3694 818 3760 Karolo
836 3693 876 3761 de
901 3695 1069 3780 Dyrachio
1095 3695 1189 3760 bene-

18 3821 19 3826 *
73 3794 177 3865 factori
194 3807 307 3867 nostro
328 3802 597 3884 singularissimo.
844 3877 847 3882 Δ

169 3908 357 3976 Clarissima
379 3909 546 3994 Princeps.
558 3909 740 3996 Sequentes
759 3914 957 3980 voluntatem
974 3935 1013 3980 ac
1029 3913 1187 3981 delibera-

72 4012 180 4080 tionem
195 4017 365 4101 Magnifici
382 4019 514 4084 Domini
533 4019 654 4084 domini
674 4018 698 4083 J
700 4020 837 4085 ohannis
850 4021 937 4086 Bani
948 4021 1188 4089 Machoviensis

20 4179 21 4182 ,
74 4139 123 4199 pro
154 4124 387 4206 gloriosissima
414 4127 593 4213 Majestate
629 4128 749 4194 domini
783 4128 885 4214 Regis
922 4127 1067 4214 Ungarie
1084 4129 1189 4197 Gene-

74 4225 142 4292 ralis
157 4230 337 4319 Oapitauey
353 4233 565 4319 Ungarorum
581 4235 624 4300 ad
649 4257 784 4320 presens
800 4236 833 4301 in
851 4236 951 4302 Italia
978 4239 1189 4304 militantium

75 4330 257 4407 declaratam
273 4363 332 4425 per
348 4343 514 4426 publicum
531 4345 788 4425 instrumentum,
805 4367 902 4410 manu
920 4368 972 4411 ser
989 4347 1090 4412 Pauli
1101 4347 1188 4411 Pon·

75 4441 136 4507 celli
151 4445 188 4511 de
199 4447 337 4515 Gerreto
347 4451 481 4517 Notarii
492 4452 630 4535 Publici,
647 4460 758 4518 tenore
771 4457 968 4536 presentium
988 4455 1189 4522 Excellentie

76 4543 179 4618 Vestro
194 4556 412 4642 promittimus
429 4565 463 4628 et
476 4581 626 4630 cavemus
637 4561 758 4628 solvere
775 4562 953 4646 cuicunque
965 4564 1105 4628 solemne
1122 4587 1190 4631 res·
