3172 5254
566 399 660 463 rara.
1004 364 1006 374 ’
1117 397 1177 466 uli

60 577 393 658 dumsueruntsinru13
417 578 475 643 sed
491 577 579 662 quod
594 579 676 644 bene
693 599 762 642 esse
773 575 948 659 debebant,
960 586 993 643 ct
1010 579 1096 662 quod
1109 601 1181 645 crus

58 687 261 752 uobisuotum
279 685 400 752 faceret
418 686 453 752 id
470 687 558 771 quod
575 687 682 752 facere
694 681 892 752 deberemus.
907 687 1051 754 Litteras
1070 687 1182 754 Domi·

1 819 2 822 ¹
59 795 186 860 nationis
196 794 319 862 Vestre
330 794 514 880 replicatae,
526 817 598 860 cum
610 795 837 862 informatione
848 817 946 880 quam
958 797 1182 880 requisivimus

58 901 239 985 superfacto
256 905 343 985 talis,
359 904 442 970 bene
453 904 634 988 recepimus
646 902 742 968 hodie
754 905 1082 988 horaprimanoctis;
1099 905 1182 988 licet,

56 1009 238 1094 sicutsupra
254 1011 402 1094 dicimus,
414 1011 686 1096 periculosissime
703 1033 936 1097 cognoscamus
952 1014 1033 1078 istas
1051 1012 1181 1078 litteras

57 1119 96 1183 sic
112 1118 238 1200 deferri,
254 1128 288 1186 et
304 1121 339 1184 in
354 1120 627 1186 notabilissimam
650 1119 902 1187 destructionem
919 1130 950 1187 et
966 1121 1181 1206 prejudicium

57 1227 247 1308 agendorum
264 1235 455 1308 vestrorum,
473 1230 500 1292 si
517 1235 710 1313 caperentur
726 1249 786 1311 per
806 1227 958 1295 inimicos.
992 1229 1115 1296 Verum
1133 1230 1178 1294 ri-

57 1333 178 1400 deretur
188 1336 291 1415 cottis,
302 1334 466 1418 loquendo
478 1357 606 1420 semper
622 1357 694 1401 cum
713 1334 770 1399 illa
786 1339 968 1402 reverentia
980 1344 1011 1401 ct
1023 1336 1182 1403 fidelitate

56 1463 112 1524 qua
127 1465 296 1528 possumus
313 1453 345 1510 et
365 1443 529 1526 debemus
545 1443 632 1528 quod
650 1445 676 1508 si
693 1442 855 1509 Dominus
874 1443 987 1511 Padue
1003 1445 1106 1511 habet
1123 1446 1178 1512 bo·

1 1549 2 1628 ξ
54 1572 118 1616 uam
134 1553 358 1637 intentionem,
374 1551 426 1617 hic
443 1553 558 1618 modus
569 1551 692 1618 servari
707 1561 819 1634 posset
835 1553 867 1616 in
885 1551 972 1618 iacto
989 1552 1131 1619 Tarvisii
1143 1559 1176 1618 et

57 1657 216 1726 Taruisani
229 1667 300 1742 etc,
318 1660 404 1744 quud
420 1663 488 1745 ipse
505 1667 699 1745 procuraret
715 1681 788 1724 cum
802 1659 984 1727 Beronibus
995 1660 1106 1742 Regis,
1123 1663 1178 1744 qui

1 1823 2 1848 p
55 1765 100 1832 hic
110 1774 193 1850 sunt,
206 1771 295 1852 quod
311 1771 375 1854 ipsi
391 1771 423 1834 in
440 1774 586 1834 tractatu
597 1768 687 1852 pacis
699 1772 847 1850 peterent
864 1769 1057 1848 Tarvisium,
1068 1767 1181 1833 Tarui-

1 1867 2 1936 3
55 1897 158 1941 sanum
169 1885 201 1942 et
218 1875 386 1960 Ceuetam,
397 1883 454 1942 aut
463 1877 593 1941 nominc
607 1897 674 1954 suo,
684 1897 743 1960 pro
754 1876 862 1943 dando
873 1876 944 1959 ipsu
955 1875 1027 1942 loca
1036 1875 1177 1941 Domino

1 1979 2 2060 ᾗ
56 1982 167 2066 Padus,
193 1993 252 2050 aut
278 1987 406 2052 nomine
424 1984 559 2050 Domini
577 1983 700 2050 Padue.
721 1980 784 2049 Cui
799 1984 952 2067 petitioni
967 2004 1027 2048 uos
1044 1983 1177 2049 condes·

1 2115 2 2184 3
55 2092 262 2173 renderemus
280 2103 313 2158 et
330 2093 417 2176 quod
435 2093 655 2176 imponeretur
673 2091 746 2156 finis
763 2091 911 2158 omuibus
928 2091 1010 2175 alijs,
1027 2112 1089 2174 que
1106 2097 1177 2154 tun-

1 2217 2 2296 }
56 2207 166 2277 guntur
181 2202 215 2266 iu
231 2201 396 2285 capitulis.
414 2199 487 2284 Quo
505 2202 567 2266 fine
593 2202 709 2284 posito,
735 2221 794 2265 uos
810 2206 926 2282 postea
943 2199 1092 2264 duremus
1109 2199 1181 2282 ipsa

1 2301 2 2349 ἐ
55 2304 119 2374 lora
141 2309 174 2373 in
200 2311 351 2376 manibus
380 2309 502 2374 domiui
518 2307 733 2388 Marehionis
754 2307 809 2390 qui
826 2309 899 2390 ipsa
915 2307 1097 2389 assignaret
1114 2305 1183 2371 Do·

1 2461 2 2490 2
56 2415 132 2481 mino
148 2416 272 2498 Padue‚
300 2418 430 2500 quando
457 2425 542 2483 esset
569 2416 749 2500 complecta
775 2435 847 2500 pax,
867 2421 898 2480 et
915 2415 1039 2498 positus
1056 2414 1127 2479 finis
1144 2413 1181 2478 il·

54 2522 95 2605 lis,
105 2547 166 2607 que
179 2527 389 2591 continentur
405 2525 437 2591 in
455 2525 551 2590 dictis
565 2523 726 2608 capitulis,
742 2523 793 2588 rel
810 2521 925 2587 saltem
952 2521 1008 2586 iiia
1024 2541 1102 2604 pars
1118 2541 1180 2603 que

56 2632 218 2699 rideretur.
234 2636 281 2700 Et
298 2635 361 2699 iste
378 2635 543 2700 videretur
559 2631 653 2696 nobis
670 2630 783 2696 modus
800 2635 962 2696 cantuset
980 2633 1131 2707 secretus,
1149 2634 1181 2692 et

2 2743 3 2812 i
56 2743 103 2822 qui
131 2750 242 2826 posset
265 2743 446 2827 producere
476 2741 595 2807 bonum
629 2738 735 2819 tinem,
765 2739 816 2802 vel
848 2736 978 2803 modum
1004 2735 1046 2802 de
1072 2734 1179 2800 dando

2 3063 4 3076 t

2 3081 3 3090 i

2 3115 3 3160 i

3 3247 6 3360 i

3 3381 5 3428 i

3 3507 5 3518 ι

3 3563 6 3584 t

3 3585 5 3596 Ι

3 3597 4 3606 i

3 3607 6 3618 r

3 3619 5 3630 t

3 3635 5 3642 v

4 3671 6 3678 r

2 2917 3 2936 χ
56 2847 174 2916 obsides
191 2873 253 2936 per
267 2849 426 2917 Vestrum
443 2848 631 2914 Domiuium
650 2851 853 2926 memoratos,
870 2845 921 2910 rel
937 2843 1068 2929 quando
1085 2843 1181 2908 alicui

56 2955 89 3020 de
111 2959 269 3040 predictis
295 2956 421 3023 duobus
449 2957 554 3022 modis
582 2956 765 3022 consentire
791 2954 900 3035 nollet,
922 2953 1008 3036 quod
1026 2951 1182 3017 darentur

55 3063 174 3132 domino
202 3066 390 3134 Marehioni
415 3067 537 3152 jocalia
560 3063 674 3131 Sancti
691 3064 809 3145 Marci,
825 3061 876 3128 uel
892 3061 949 3126 illa
965 3081 1042 3144 pars
1059 3081 1121 3144 que
1137 3060 1182 3123 vi·

55 3169 187 3258 deretur,
204 3183 243 3241 ut
258 3176 291 3240 in
309 3197 384 3241 casu
403 3196 468 3258 quo
485 3176 554 3258 ipse
570 3173 729 3240 Dominus
747 3171 864 3237 Padue
881 3168 1059 3253 compleret
1073 3168 1108 3232 in
1125 3187 1177 3230 ca-

56 3282 156 3363 pitulis
172 3291 338 3366 contenta,
356 3283 493 3349 haberet
519 3281 702 3347 Terrisium
719 3286 798 3361 etc.;
825 3284 857 3345 et
871 3276 958 3362 quod
974 3297 1033 3362 pro
1050 3277 1118 3360 ejus
1135 3295 1180 3340 se·

3 3459 6 3478 ‚
55 3393 184 3459 curitatc
211 3392 286 3477 ipsa
308 3393 429 3478 jocalia
456 3397 584 3457 starent
608 3391 640 3455 iu
666 3389 814 3455 manibus
831 3386 953 3452 domiui
970 3384 1180 3462 Marchionis,

3 3525 5 3540 =
56 3495 147 3565 ‹lunec
162 3501 301 3566 daretur
326 3499 508 3566 Tarvisium
534 3505 568 3564 et
594 3496 808 3563 Terrisanum
825 3495 859 3559 in
874 3492 1022 3561 manibus
1048 3491 1181 3558 Domini

56 3603 168 3674 Pudue.
194 3609 241 3674 Et
266 3607 328 3673 iste
354 3605 467 3674 modus
489 3607 586 3674 etiam
605 3611 750 3671 secretus
766 3608 861 3683 esset,
877 3607 910 3667 et
926 3601 1080 3666 redderet
1096 3620 1183 3666 secu·

4 3689 8 3796 i
56 3735 118 3780 rum
134 3715 318 3784 Dominum
335 3716 460 3798 Padue,
472 3717 518 3782 sie
535 3721 585 3781 est
601 3715 684 3780 bene
701 3713 885 3797 dispositus.
903 3708 1042 3793 Terrisij
1060 3710 1111 3775 die
1128 3730 1182 3792 pe·

55 3823 182 3890 unitimo
199 3825 356 3909 Augusti.
374 3825 454 3892 hora
473 3824 607 3891 dimidie
626 3823 739 3888 noctis.

177 4025 235 4108 19)
259 4021 295 4088 Α
318 4023 552 4089 velenczei
577 4020 777 4103 dogeuck
800 4041 820 4083 a
845 4015 1043 4083 kdretek.

154 4147 373 4216 Serenissime
399 4149 540 4216 Domine
556 4155 674 4215 noster.
697 4145 859 4212 Tenemur
875 4166 915 4209 ex
930 4142 1043 4209 debito
1060 4146 1182 4219 nostro,

5 4251 15 4302 ἕ*
56 4275 238 4342 quecunque
266 4259 424 4326 scutimus
449 4259 658 4345 respicientia
682 4257 840 4322 honorem
857 4252 1101 4320 Dominatiouis
1117 4248 1183 4316 Ve-

5 4367 6 4372 ’
58 4367 126 4448 stre,
149 4365 242 4432 robis
268 4366 376 4432 facere
403 4369 587 4449 manifesta,
613 4374 643 4432 et
669 4387 728 4452 pro
744 4369 837 4430 tanto
854 4361 1047 4426 denotamus
1064 4356 1180 4438 eidem,

57 4473 133 4552 quud
153 4475 230 4540 dum
246 4475 300 4541 dic
318 4476 393 4542 lune
411 4480 627 4544 transiremus
644 4475 771 4540 Plarim
789 4472 832 4539 ad
854 4469 1007 4536 Guadum
1018 4466 1184 4548 Verresic,

57 4579 210 4664 Egregius
236 4584 285 4648 vir
311 4584 471 4651 domiuus.
503 4585 712 4652 Hensidisius
738 4583 777 4647 de
804 4578 935 4645 Oolalto
962 4577 1049 4640 veuit
1066 4574 1106 4640 nd
1125 4595 1183 4638 uos

1017 4685 1075 4756 14*
