3134 5254
399 311 464 370 232
755 321 989 368 nienouncarar
1009 308 1177 366 anrrhuau.

400 487 531 566 iremus,
548 509 606 551 nos
624 484 761 568 predicti
778 482 938 548 Nicolaus
955 481 1155 548 Mauroceno
1171 487 1202 545 ct
1218 481 1241 546 J
1245 481 1387 546 ohannes
1404 478 1509 545 Grado

400 595 473 660 nico
490 591 648 658 voluimus
665 591 810 658 conferre
827 613 899 657 eum
916 590 1005 656 dicto
1020 589 1151 656 domino
1177 588 1344 656 Zacharia
1360 589 1438 654 socio
1452 609 1509 654 nos

402 708 478 781 stro,
496 720 591 785 super
607 699 714 780 modo,
740 720 835 782 quern
860 705 970 764 tenere
996 696 1192 765 debebamus
1211 697 1254 764 ad
1270 696 1509 781 respondendum

399 812 441 877 ad
457 810 620 893 terminos,
637 810 670 875 in
687 808 805 894 quibus
821 829 1098 889 remanseramus3
1118 807 1277 890 uidelicet,
1295 805 1384 891 quod
1397 803 1455 890 ipsi
1467 804 1508 868 de

399 917 523 985 bebunt
538 939 677 1003 pensare
693 926 726 984 et
742 939 801 986 nos
826 937 929 1004 usque
945 917 988 984 ad
1005 915 1090 982 diem
1115 916 1306 983 hodiernam
1324 912 1364 980 de
1380 935 1473 992 mane,
1486 918 1511 978 et

399 1031 548 1110 presente
573 1025 702 1091 domiuo
729 1023 886 1092 Generali
903 1029 938 1090 et
953 1022 1116 1091 Gulielmo
1141 1021 1283 1089 Notario
1315 1029 1427 1104 restro,
1441 1022 1511 1087 inter

399 1155 458 1200 nos
483 1133 616 1199 fuerunt
647 1132 827 1200 deliberate
861 1131 1086 1217 responsiones
1117 1139 1151 1197 et
1180 1130 1402 1198 conclusiones
1431 1129 1512 1196 inho

399 1244 528 1327 scripte,
554 1263 635 1326 quas
660 1242 853 1308 Dominatio
879 1242 1000 1310 Vestra
1024 1240 1146 1308 videbit
1170 1241 1205 1306 in
1229 1261 1385 1325 processu
1410 1261 1511 1318 eorum,

399 1372 463 1434 que
478 1351 541 1416 isto
557 1372 651 1417 mane
666 1350 887 1418 tractavimus.
913 1349 960 1414 ut
977 1351 1025 1416 sic
1041 1371 1114 1415 curn
1135 1348 1253 1415 luimus
1270 1348 1312 1414 ad
1331 1347 1510 1433 presentiam

399 1459 521 1525 domini
547 1457 675 1540 Karoli,
701 1459 770 1543 ipse
795 1480 854 1523 nos
880 1458 1027 1542 quesivit,
1054 1456 1134 1541 quid
1158 1477 1407 1542 pensareramus
1432 1475 1512 1540 super

399 1567 494 1632 lactis
511 1568 630 1632 nostris
646 1566 690 1633 ad
704 1567 861 1633 terminos
876 1567 910 1631 in
928 1564 1046 1648 quibus
1062 1564 1133 1632 heri
1148 1565 1371 1631 remansimus.
1395 1566 1461 1632 Nos
1475 1561 1512 1628 di·

400 1676 516 1756 ximus,
532 1674 619 1758 quod
636 1676 719 1740 sicut
735 1674 941 1740 Excellentia
960 1672 1028 1741 Sua
1045 1673 1177 1758 sciebat,
1187 1676 1400 1740 remansimus
1416 1673 1448 1736 in
1462 1673 1513 1737 ista
1561 1655 1562 1660 ἵ

401 1780 615 1863 conclusione,
640 1782 729 1867 qnod
754 1784 817 1868 ipsi
843 1783 990 1865 cogitare
1016 1782 1181 1849 debebant
1195 1789 1227 1847 et
1243 1803 1301 1847 nos
1327 1803 1428 1866 usque
1443 1781 1513 1845 dien
1560 1765 1562 1850 f

400 1890 602 1974 hodiernam,
627 1898 660 1958 et
685 1891 773 1975 quod
798 1898 979 1976 propterea,
1004 1892 1030 1956 si
1055 1891 1199 1975 placeret
1228 1890 1430 1958 Excellentie
1453 1888 1514 1970 Sne,

399 1999 539 2065 libenter
556 1998 742 2066 audiremus
758 2001 837 2085 quid
864 2000 1097 2085 cogitaverunt.
1123 1998 1215 2066 Tunc
1232 1998 1382 2065 dominus
1396 2000 1513 2082 Episoo·
1560 2009 1563 2092 '3

399 2130 460 2193 pus
475 2107 499 2174 J
502 2107 661 2174 auriensis
678 2108 856 2193 respondit,
882 2109 969 2194 quod
994 2129 1131 2193 pensare
1148 2110 1337 2176 nesciebant
1352 2108 1447 2174 alium
1463 2127 1514 2170 me·
1562 2169 1563 2176 ,

400 2218 514 2284 liorem
531 2217 662 2282 niodum
687 2240 747 2303 pro
773 2217 876 2300 nobis,
902 2239 1000 2303 quam
1016 2218 1146 2284 modum
1165 2240 1260 2302 quem
1277 2219 1340 2303 ipsi
1357 2217 1425 2283 heri
1441 2216 1513 2281 dixe·
1561 2201 1563 2254 i

399 2330 493 2407 rant3
516 2324 674 2406 videlicet,
699 2326 786 2410 quod
812 2327 962 2391 daremus
987 2347 1046 2392 nos
1062 2326 1162 2392 libere
1179 2326 1213 2392 in
1232 2325 1383 2392 manibus
1407 2323 1512 2391 domini
1562 2329 1563 2334 ’

400 2433 513 2516 Regis,
530 2455 602 2499 cum
628 2433 694 2500 illis
718 2433 1024 2515 modificationibus,
1045 2433 1204 2517 videlicet,
1220 2443 1386 2501 reservato
1402 2433 1512 2500 Ducato
1561 2433 1563 2492 ἑ

402 2548 435 2605 et
451 2539 596 2607 Consilio
613 2548 691 2623 etc.;
714 2548 747 2607 et
763 2544 849 2625 quod
875 2549 988 2627 postea
1004 2549 1154 2610 tenerent
1168 2542 1298 2609 modum
1315 2544 1356 2610 de
1372 2541 1510 2620 faciendo,

401 2649 488 2731 quicd
505 2649 628 2716 inimici
656 2651 768 2734 nostri,
784 2657 818 2718 et
833 2651 980 2734 colligati
998 2651 1046 2718 sui
1072 2650 1368 2718 condescenderent
1385 2651 1425 2716 ad
1439 2651 1511 2714 iusta
1562 2643 1564 2728 ζ

401 2765 434 2822 et
451 2758 670 2842 rationabilia,
695 2767 728 2824 et
753 2759 786 2824 in
812 2780 889 2825 casu
914 2781 978 2844 quo
1004 2758 1131 2827 nollent
1146 2762 1329 2827 contentari
1346 2759 1385 2825 de
1401 2759 1509 2841 hisque

400 2869 506 2934 forent
518 2867 611 2953 justa
626 2875 658 2932 et
675 2866 894 2950 rationabilia,
919 2867 980 2952 ipsi
1005 2869 1221 2952 procederent
1245 2876 1362 2934 contra
1386 2890 1437 2934 eos
1456 2873 1510 2929 tau·

401 2997 499 3060 quam
524 2981 638 3041 contra
664 2975 823 3059 inimicos
848 2982 881 3040 et
905 2984 1065 3060 ponerent
1089 2999 1244 3062 personas
1261 2983 1294 3043 et
1310 2978 1394 3043 vitas
1418 2992 1509 3042 eoruui
1560 2973 1564 3054 ἦ

401 3105 460 3166 pro
478 3082 590 3164 nobis;
615 3082 655 3148 de
672 3104 736 3166 quo
753 3084 816 3168 ipsi
833 3087 942 3169 parati
968 3092 1064 3152 erant
1080 3087 1186 3153 facere
1203 3109 1330 3154 omnem
1346 3083 1511 3170 promissio

400 3213 473 3256 nem
490 3199 525 3257 et
539 3211 634 3257 omne
651 3200 902 3275 sacramentum,
927 3201 961 3259 et
988 3195 1177 3278 scripturas,
1204 3202 1236 3262 et
1257 3193 1365 3260 adhuc
1381 3193 1456 3259 dare
1468 3190 1510 3256 lit·

401 3307 490 3365 teras
506 3297 628 3383 Regias
653 3300 693 3366 de
718 3299 918 3385 obligatione
944 3302 1099 3386 predicta
1126 3300 1196 3368 Nos
1211 3308 1322 3368 autem
1339 3303 1391 3368 his
1406 3299 1511 3368 audilis

400 3408 547 3491 diximus,
565 3408 651 3492 quod
668 3410 910 3476 contuleramus
927 3410 1057 3477 domino
1074 3410 1237 3477 Zacharia
1253 3411 1340 3476 socio
1360 3417 1465 3476 nostro
1480 3407 1510 3472 tle

400 3516 571 3583 excessivis
588 3524 618 3582 et
636 3516 821 3584 enormibus
837 3519 1059 3604 petitionibus,
1077 3541 1157 3603 quas
1182 3518 1347 3586 faciebant
1363 3519 1422 3604 ipsi
1438 3515 1510 3583 mlli-

401 3626 480 3709 gati,
497 3633 715 3693 memorantes
737 3629 798 3712 ipsi
825 3626 955 3695 domiuo
972 3629 1133 3695 Zacharie
1151 3627 1367 3696 effectualiter
1382 3629 1449 3712 ipsa
1471 3647 1511 3690 ca

401 3733 517 3818 pitula,
541 3734 718 3801 secundum
744 3735 832 3820 quod
857 3758 896 3802 ex
921 3737 1046 3803 lectura
1070 3737 1215 3821 ipsorum
1238 3737 1408 3822 percipere
1424 3731 1511 3820 potui·

402 3863 482 3923 rnus,
498 3849 529 3908 et
546 3844 635 3926 quod
651 3843 721 3928 ipse
739 3843 887 3911 dominus
904 3845 1084 3912 Zacharias
1100 3867 1163 3911 non
1180 3845 1285 3912 minus
1298 3869 1395 3932 quam
1412 3869 1473 3926 uos,
1487 3852 1512 3906 ot

401 3952 576 4033 merito,de
586 3952 666 4042 ipsis
682 3953 868 4022 enormibus
884 3961 917 4020 et
933 3955 1103 4021 excessivis
1119 3955 1332 4040 petitionibus
1348 3957 1515 4024 admiratus

403 4065 436 4124 et
451 4060 603 4127 turbatus
633 4061 703 4127 snit.
727 4061 812 4129 Nam
840 4069 878 4130 ut
902 4064 964 4148 ipsi
991 4063 1139 4130 Barones
1165 4065 1236 4130 heri
1257 4065 1350 4132 nobis
1369 4067 1514 4136 dixerunt

401 4167 453 4232 vix
469 4175 539 4234 tota
554 4169 653 4236 Italia
669 4170 845 4256 adimplere
878 4179 995 4257 posset,
1014 4195 1076 4256 que
1093 4175 1126 4239 in
1144 4174 1240 4240 dictis
1258 4177 1411 4260 capitulis
1426 4175 1513 4242 conti·

400 4283 536 4358 nentur3
561 4286 594 4343 et
610 4279 817 4347 considerata
843 4303 966 4347 summa
978 4282 1111 4367 justicia
1126 4282 1249 4348 domini
1266 4285 1377 4369 Regis,
1392 4293 1425 4351 et
1439 4281 1513 4368 quod

401 4405 527 4469 semper
543 4385 619 4453 odio
636 4387 795 4455 habuerat
820 4389 998 4475 injustitias
1014 4397 1048 4456 et
1072 4390 1243 4475 petitiones
1263 4413 1418 4475 enormes,
1441 4391 1514 4457 ride·

401 4491 498 4561 batur
523 4495 624 4576 nobis,
652 4497 737 4583 quod
765 4520 824 4586 pro
852 4501 1093 4568 consensuum
1118 4499 1250 4570 lionoris
1276 4500 1372 4588 Regij
1400 4501 1512 4588 atejus
