3172 5254
555 409 647 484 tave.
1101 419 1159 486 tat

1 614 2 688 ᾗ
59 595 235 661 basciatcres
253 620 328 660 suns
345 599 527 680 solempnes
544 622 605 682 pro
622 602 765 664 transitu
784 601 907 664 viarum
919 622 1032 665 securo
1049 607 1080 664 et
1097 621 1168 686 per-

1 709 2 729 *
58 704 132 786 lecto,
147 707 241 770 modo
268 712 302 770 et
327 707 558 771 cousuetudine
584 709 755 775 recolende
776 709 928 775 memorie
944 706 1095 774 avunculi
1112 728 1166 772 no-

1 843 9 888 .·
58 813 105 875 stri
119 815 255 896 preclari
272 815 304 877 in
323 813 438 895 Regno
456 823 568 879 nostro
586 815 722 880 Polonie
739 815 926 895 obtinendo,
943 815 1166 898 multipliciter

56 917 158 984 Nostro
174 921 354 1004 Mayestati
370 923 571 1006 supplicavit.
592 925 663 989 Nos
679 925 789 1006 itaque
807 924 915 1007 dignis
932 930 965 987 et
982 924 1062 988 satis
1079 922 1167 1006 aptis

56 1029 251 1108 peticionibus
277 1029 378 1111 ipsius
405 1030 562 1112 Magistri
587 1031 811 1097 favorabiliter
836 1038 1026 1108 annuentes,
1044 1050 1169 1095 exnunc

55 1135 182 1200 erunibus
199 1136 329 1218 civibus
356 1137 608 1202 mercatorribus
626 1161 664 1202 ac
680 1161 791 1204 eorum
809 1137 994 1204 homiuibus
1016 1133 1169 1202 Civitatis

55 1241 255 1308 lboruneosis
283 1242 322 1306 de
348 1253 463 1309 nostra
488 1245 605 1328 Regali
633 1246 856 1310 munificencia
888 1244 1094 1310 concedimus
1125 1245 1167 1309 ab

1 1427 2 1438 .
54 1353 111 1432 ipsa
135 1350 275 1418 Civitate
301 1352 446 1418 Thorum
474 1375 574 1435 usque
594 1353 768 1419 Saudcmir
785 1362 930 1419 nostram
947 1351 1166 1432 Civitatem,a

56 1457 211 1524 Sandonrir
226 1483 338 1526 versus
355 1461 509 1526 Russiam
528 1469 559 1526 et
577 1461 757 1543 Vagariam
769 1483 827 1544 per
844 1461 1038 1546 Bardnyovv‚
1056 1461 1114 1525 viis
1131 1466 1163 1523 et

1 1582 2 1660 ᾗ
54 1569 148 1633 stratis
172 1567 311 1652 publicis
338 1570 500 1634 consuetis
525 1569 621 1634 eundi
648 1574 679 1633 et
698 1569 853 1634 redeundi
869 1569 999 1652 plenam
1015 1575 1048 1632 et
1064 1567 1164 1632 omui-

55 1675 173 1756 uodam,
190 1677 289 1741 salvis
307 1675 547 1740 michilcminus
562 1677 690 1759 juribus
707 1684 739 1740 et
756 1675 915 1742 theloneis
931 1675 1049 1740 nostris
1060 1673 1168 1756 Rega-

1 1791 2 1858 j
53 1781 129 1861 lbos,
143 1783 342 1866 libertatem,
358 1785 616 1868 facultatemque
641 1784 810 1868 largimur.
831 1783 940 1866 Igitur
958 1781 1047 1848 vobis
1064 1783 1165 1846 omni-

1 1918 2 1942 r
53 1889 99 1953 bus
121 1892 328 1972 prenarratis,
364 1912 401 1955 ac
428 1891 600 1974 regnicolis
635 1891 843 1974 quibuslibet,
875 1892 931 1972 qui
961 1887 1165 1972 presentibus

53 1995 163 2062 iveritis
180 1998 339 2080 requisiti,
356 1998 493 2080 Regalis
509 2006 619 2065 nostre
640 1998 855 2064 (lelsitudiuis
872 1997 930 2063 sub
947 1997 1052 2060 edicto
1069 1995 1166 2060 firmi·

1 2099 2 2180 ζ
52 2109 93 2168 ter
107 2105 298 2170 comittimus
325 2111 356 2168 et
382 2104 584 2186 mandamus
610 2113 772 2190 quatenus
790 2108 957 2171 tniuersos
973 2107 1066 2183 civia,
1084 2125 1165 2168 mer-

1 2235 2 2292 }
52 2219 161 2276 catores
177 2234 213 2276 ac
231 2235 342 2278 eorum
357 2211 512 2292 homines
529 2234 652 2278 necnon
669 2211 790 2278 incolas
808 2214 894 2278 vlicte
911 2211 1063 2278 Civitatis
1079 2209 1164 2276 Tho·

1 2318 2 2398 }
53 2321 202 2398 raniensis,
229 2343 286 2404 per
311 2321 380 2384 vias
407 2329 611 2402 expressatas
644 2320 772 2387 habetis
796 2321 940 2402 integros
966 2327 997 2384 et
1024 2318 1163 2384 aliorum

53 2449 173 2507 [quorum
198 2429 337 2493 interest
362 2429 523 2494 theloneis
549 2430 674 2511 absque
702 2431 788 2494 omni
815 2431 965 2495 molestia
982 2435 1013 2494 et
1032 2430 1165 2512 impedi·

1 2542 2 2588 t
52 2547 154 2616 mento,
182 2557 239 2620 per
265 2542 392 2602 vestras
410 2543 539 2602 tenutas
565 2539 667 2603 libere
693 2540 833 2603 transire
853 2539 1052 2621 permittatis
1068 2547 1101 2603 et
1118 2560 1164 2602 se-

1 2643 2 2676 *
50 2663 126 2724 enre3
150 2647 183 2708 in
208 2667 245 2709 eo
271 2653 381 2708 nostre
406 2645 544 2728 Regalis
570 2647 793 2730 conpleta-utic
819 2647 983 2730 singulare
1008 2645 1162 2711 indicium

1 2751 2 2818 t
50 2753 203 2815 ostensuri.
231 2753 355 2818 Datum
380 2760 411 2818 et
438 2761 548 2819 actum
575 2753 749 2819 Sarrvlomir
776 2754 914 2820 sabbato
950 2757 983 2820 iu
1018 2755 1162 2819 crastino

50 2854 242 2922 Couersionis
269 2860 364 2924 Beati
390 2859 547 2942 Apostoli
573 2859 727 2939 Gloriosi,
754 2884 839 2926 arvno
864 2860 997 2926 Domini
1024 2861 1069 2926 M.
1096 2851 1173 2926 nes

49 2966 199 3030 cautisime
216 2967 454 3050 septuagesimo
471 2976 571 3034 sexto.

311 3114 449 3172 (Erevletie
463 3114 558 3164 Tlrorn
574 3115 653 3164 varos
668 3113 876 3175 levelteirvtban.)

569 3403 639 3462 117.

49 3553 228 3642 rljloreaczi
250 3561 528 3645 biiztvirsasaeipaule
554 3561 722 3646 kerse'aye,
738 3563 818 3647 impp
846 3563 870 3623 I.
900 3561 998 3643 Lajos
1022 3583 1162 3647 neogym·

1 3675 9 3760 j'
47 3664 202 3752 islenpycl
229 3671 343 3754 kv'rvtlp
372 3693 390 3731 u
412 3668 568 3754 floccaczi
594 3668 814 3732 ltereslcevlttlret
830 3671 1044 3756 orszcipoibavt
1072 3693 1093 3733 a·
1116 3693 1165 3755 ge·

1 3771 3 3856 t
49 3775 163 3838 reteniat·
179 3775 492 3860 prvicilepivvncibca
511 3775 543 3838 vis
559 3776 852 3860 kedcezme'npeiben
875 3779 1043 3840 ve'szmitae.
1070 3778 1164 3840 1376.

1 3866 2 3900 l

141 3935 226 4020 Regi
244 3935 425 4018 Huagarie.

142 4042 355 4109 Screvrissime
372 4051 471 4124 atque
498 4041 707 4108 invictissime
726 4041 897 4128 Princeps.
913 4043 1055 4109 Tantam
1074 4064 1165 4127 spem

1 4139 2 4228 ᾗ
46 4142 220 4215 Maiestatis
235 4147 358 4218 Vestre
375 4151 595 4215 devotissimis
612 4150 687 4216 filiis
705 4153 875 4216 clementia
895 4163 999 4217 vestre
1022 4151 1165 4234 benigni-

1 4262 2 4344 }
44 4256 112 4319 tatis
127 4259 294 4342 impendit,
306 4258 394 4340 quod
405 4265 473 4324 tam
484 4280 543 4340 pro
555 4258 647 4323 nobis
659 4281 755 4342 quam
774 4281 832 4342 pro
843 4258 967 4324 ciuibus
985 4257 1106 4324 nostrie
1122 4258 1164 4322 at

1 4402 2 4448 3
44 4359 271 4445 impetrandam
297 4369 438 4450 gratiam
457 4365 589 4432 'Phrono
604 4365 718 4448 Nostri
742 4365 900 4433 Oulnrinis
917 4368 1085 4450 porrigere
1102 4387 1163 4430 uon

1 4483 2 4569 p
46 4487 187 4538 veremur.
215 4473 298 4540 Cum
323 4479 419 4538 tauta
443 4473 486 4539 sit
511 4475 558 4540 vis
574 4480 673 4556 atque
690 4476 823 4557 antique
840 4475 1025 4540 douotionis
1042 4495 1165 4540 nonren.

1 4571 2 4663 i
46 4577 121 4656 quod
147 4581 302 4664 quicquid
329 4583 422 4646 nobis
449 4604 506 4664 per
534 4583 770 4648 Celsitudinem
787 4583 942 4652 Vestram
959 4583 1161 4664 contingeret

1 4694 2 4708 .
1022 4686 1059 4752 9*
