3214 5250
595 349 689 413 1387.
1145 352 1207 414 623

72 547 185 609 agera,
199 525 306 593 faeere
322 535 356 592 et
372 525 533 611 complere
550 526 703 611 adjutore
715 525 795 604 Deo,
809 545 872 609 que
882 525 1006 592 felicem
1018 533 1142 594 statum
1159 531 1207 612 ip-

73 635 143 700 sius
164 633 293 702 Corone
309 637 496 719 respiciunt,
512 640 545 700 et
562 635 631 720 ejus
647 636 774 701 culmen
791 635 983 719 propensius
999 642 1129 720 augent

184 742 313 810 Idcirco
330 763 388 809 nos
405 741 539 823 Prolati,
556 741 703 809 Berones
719 749 752 808 et
769 741 905 808 Nobiles
916 744 1106 828 supradicti,
1124 744 1209 828 ejus·

73 848 152 913 dem
170 849 294 916 domini
310 849 514 916 Marchionis
532 847 707 933 Oapitanei
723 857 756 916 et
782 849 1012 917 Antecessoris
1038 855 1152 918 nostri.
1171 889 1207 902 —-

74 1085 150 1147 (XV.
174 1085 284 1136 ataui
306 1085 426 1136 ktrirati
439 1086 584 1148 oodsxbol,
607 1101 624 1136 a
646 1087 763 1152 herezeg
787 1086 1034 1151 Schwarzsnbsrgl
1061 1086 1212 1138 esaltdnak

70 1175 252 1242 Witttngaui
265 1174 465 1226 levtltstrdban.
480 1177 630 1241 Zsigmond
644 1176 893 1228 korontztatdsdra
907 1177 993 1229 neure
1016 1178 1034 1228 l.
1047 1176 1127 1242 sttr
1143 1177 1209 1229 uod.

455 1265 523 1330 Dipl
535 1266 569 1316 X.
584 1266 642 1316 kot.
656 1266 678 1316 1.
693 1279 714 1315 r.
736 1269 797 1317 327.
810 1267 827 1316 1.

607 1429 647 1434 ...-
666 1427 725 1436 —u-

611 1555 685 1618 356.

79 1716 230 1782 Vincenti
254 1715 413 1782 Galeotae
438 1715 581 1782 usitandi
597 1716 830 1802 fejedelemaelc
862 1716 966 1781 kdoetu
1001 1716 1144 1784 Tuartlto
1168 1717 1211 1782 ΙΙ.

282 1825 390 1890 tumn
400 1826 489 1889 saerd
506 1827 539 1889 ts
553 1848 693 1912 mappas·
708 1823 889 1910 kirdlyudl.
908 1827 1004 1890 1387.

190 1982 289 2050 Anno
314 1983 667 2052 MCCOLXXXVIL
695 1985 747 2049 die
773 1983 893 2052 XXX.
909 1983 1035 2050 Martii.
1052 1985 1211 2070 Capta:

74 2091 181 2177 Quod
208 2093 341 2176 quidam
365 2095 501 2160 nuncius
526 2093 696 2178 Magnifioi
721 2093 842 2159 domini
869 2093 1006 2160 Comitis
1031 2091 1213 2177 Virtutum,

77 2201 215 2267 nomine
233 2197 396 2267 Guidotus
421 2201 532 2285 Plato,
558 2205 612 2285 qui
637 2203 780 2268 mittitur
796 2201 838 2266 ad
855 2208 967 2284 partes
985 2201 1093 2284 Rusio,
1108 2205 1213 2286 possit

73 2310 182 2376 levari
209 2330 305 2393 super
331 2310 436 2394 galeis
461 2311 535 2376 culfi
562 2333 636 2377 oum
660 2310 790 2377 famulis
817 2318 851 2376 et
878 2312 1014 2376 arnesiis
1029 2310 1163 2394 levibus,
1179 2317 1213 2376 et

72 2419 218 2494 conduci
245 2417 287 2484 od
312 2427 424 2503 partes
452 2419 621 2486 Solaronie
647 2422 679 2485 in
706 2420 762 2485 illo
787 2420 867 2504 looo,
884 2421 941 2504 qni
958 2420 1132 2502 videbitur,
1148 2442 1213 2487 non

74 2526 284 2592 sinistrando
302 2533 471 2593 armatam.

174 2653 209 2714 (n
225 2653 335 2703 »mrsu«
351 2654 441 2702 ezrmu
454 2653 593 2704 venustet
607 2637 787 2718 etiamnulyv
800 2654 859 2705 nir.
873 2654 1017 2705 intersum
1032 2657 1073 2706 ss.
1086 2656 1117 2718 ι.)

72 3109 131 3174 De
150 3105 301 3172 Menoeis
327 3105 464 3170 minoz
488 3103 639 3168 oslenczei
664 3105 837 3170 titlcdrnak
855 3106 1007 3192 jeleutdse
1024 3130 1044 3172 a
1063 3107 1213 3172 ueleucaei

73 3217 290 3302 napytoudcs
306 3211 378 3278 etta
395 3212 507 3277 Bardo
525 3211 704 3276 Pantaleon
721 3236 742 3276 a
758 3213 1037 3300 kdztdrsasctpualt
1055 3215 1214 3302 Μαργαν-

362 3319 543 3407 orszdpdan
559 3319 819 3385 hepsematum.
842 3322 940 3386 1387.

192 3483 325 3551 Relatio
343 3479 515 3548 Laurentii
541 3479 581 3544 de
606 3479 756 3546 Mouaois
780 3478 913 3546 Notarii
929 3480 1028 3548 Ourie
1044 3502 1103 3566 pro
1118 3489 1214 3566 parte

75 3593 203 3664 nobilis
227 3593 288 3658 viri
314 3613 367 3658 ser
392 3588 608 3657 Pantaleouis
633 3587 745 3654 Barbo
770 3589 1018 3656 Ambaxiatoris
1043 3591 1213 3674 adportes

75 3707 266 3789 Hungarie‚
292 3706 326 3770 in
351 3706 509 3787 quantum
536 3701 643 3785 tangit
668 3706 699 3764 et
725 3705 851 3783 spectat
876 3701 918 3766 ad
933 3700 1022 3768 faeta
1037 3703 1165 3768 unionis
1182 3711 1214 3768 et

77 3815 222 3882 subsidii
248 3811 414 3900 postulati.

192 3921 423 3990 serenissimus
441 3917 589 3983 dominus
605 3914 833 3998 Sigismundus
853 3916 927 3984 Rex
942 3919 1115 4004 Hungarie
1132 3920 1216 3986 dixit

78 4039 116 4102 in
147 4032 252 4099 Pasce
278 4032 312 4095 in
338 4027 493 4096 viridario
525 4045 583 4090 suo
609 4025 739 4090 domino
764 4024 983 4093 Ambaxatori
1008 4030 1214 4111 presentibus

76 4141 272 4210 Batonibus
306 4146 338 4203 et
374 4135 520 4202 Prolatis
537 4159 544 4199 :
562 4129 725 4196 »Domine
757 4130 984 4216 Ambaxiator,
1015 4157 1074 4202 nos
1105 4158 1214 4203 sumus

77 4250 227 4318 contenti
254 4253 288 4312 et
310 4244 508 4328 requirimus
533 4239 655 4305 habere
679 4239 780 4322 ligem
808 4261 882 4306 cum
908 4240 1037 4308 domino
1063 4243 1155 4310 Duce
1181 4253 1215 4311 et

78 4358 266 4426 Commune
282 4352 504 4430 Venetiarum,
519 4348 602 4413 sicut
618 4346 794 4412 voluerunt
809 4355 843 4414 et
858 4351 1095 4433 requisivenmt
1109 4361 1215 4419 mater

75 4473 199 4537 nostra
214 4472 248 4531 et
263 4485 344 4530 uxor
360 4467 489 4541 nostra;
514 4462 547 4522 et
562 4455 635 4522 ideo
650 4477 803 4540 rogamus
818 4477 884 4537 vos,
899 4466 937 4524 ut
953 4461 1092 4557 mittatis
1110 4460 1215 4528 Nota·
1340 4453 1345 4460 '

74 4581 166 4646 rium
184 4572 424 4639 Dominetionis
452 4566 607 4637 Venetias
625 4573 760 4650 propter
776 4565 845 4648 hoo,
862 4575 895 4631 et
913 4589 967 4632 vos
984 4571 1212 4636 remaneatis«.
