3248 5242
764 386 1001 434 nmuouaczrnu
1016 374 1185 432 nucinas.

933 673 1009 737 477.

536 837 715 924 Zsipmoud
730 836 913 922 kirdlynok
929 836 1048 900 biiuctsi
1070 834 1281 900 Velencze'ben.
1302 838 1396 900 1395.

515 996 615 1064 Anno
641 995 995 1065 MOOOLXXXXV.
1022 995 1198 1062 indictione
1225 996 1337 1076 tercia,
1362 996 1402 1062 de
1427 997 1528 1078 quinto

410 1107 538 1174 Marcii.
563 1105 710 1190 Capta
726 1132 733 1173 ι
751 1104 839 1190 Quia
853 1105 1108 1170 Ambasiatores
1119 1103 1290 1186 Hungarie
1300 1105 1387 1170 ultra
1401 1104 1528 1188 primam

411 1215 648 1300 esposicionem
680 1211 874 1278 Ambasiate
899 1233 965 1293 sue,
989 1233 1051 1294 que
1076 1210 1140 1277 fuit
1165 1211 1198 1275 in
1225 1209 1351 1292 effectu,
1376 1212 1458 1294 tpuod
1480 1232 1530 1294 per

411 1324 513 1392 Suam
529 1321 749 1390 Serenitatem
766 1322 874 1386 fuerat
890 1319 1107 1386 deliberatum
1118 1319 1157 1385 de
1174 1318 1309 1385 volendo
1327 1320 1404 1386 totis
1418 1319 1530 1385 viribus

413 1455 446 1500 se
462 1453 591 1496 movere
608 1435 724 1495 contra
740 1428 905 1510 Turohos3
923 1435 1056 1512 propter
1072 1448 1171 1511 quam
1186 1448 1316 1493 causam
1333 1429 1533 1495 mittebantur

411 1540 454 1606 ad
469 1539 616 1606 diversas
632 1536 744 1602 mnndi
758 1541 879 1620 partes,
896 1534 953 1600 sed
971 1535 1077 1618 primo
1094 1535 1137 1600 ad
1153 1556 1212 1599 uos
1222 1542 1394 1618 tamquam
1410 1536 1452 1602 ad
1467 1558 1529 1619 spe

413 1648 512 1714 ciales
528 1652 562 1712 et
577 1645 758 1728 singulares
774 1644 904 1727 amieos,
920 1642 961 1706 ad
972 1641 1202 1726 requirendum
1219 1643 1392 1708 consilium
1407 1649 1441 1710 et
1456 1644 1535 1708 iaro-

416 1778 486 1821 rem
503 1759 669 1832 nostrnm;
685 1751 870 1816 habuerunt
886 1749 993 1815 dicere
1009 1750 1129 1815 nostris
1155 1751 1329 1832 nobilibus,
1355 1773 1436 1835 quos
1460 1751 1537 1815 misi·

415 1885 488 1928 mus
506 1860 547 1928 ad
564 1883 627 1942 eos,
643 1861 677 1924 in
703 1858 888 1925 substantia
904 1863 937 1926 et
953 1857 1079 1938 effectu,
1099 1858 1187 1942 quod
1213 1857 1411 1925 Ambasiata
1435 1882 1536 1925 eorum

415 1971 600 2056 ponderosa
616 1974 688 2034 erat
705 1973 738 2032 et
752 1987 925 2050 pregnans,
942 1972 975 2031 et
991 1965 1079 2049 quod
1095 1967 1201 2032 multa
1212 1967 1299 2033 bona
1312 1975 1445 2051 possent
1460 1975 1538 2033 trac·

416 2081 483 2145 tari
507 2078 568 2144 snb
585 2078 649 2144 ista
665 2076 821 2157 materia,
841 2079 874 2139 et
889 2081 1067 2158 propterea
1082 2074 1354 2160 quandocumque
1380 2076 1540 2156 sentirent,
1563 2123 1564 2128 η

417 2185 505 2273 qnod
521 2184 712 2252 Dominatio
730 2189 842 2249 nostra
857 2182 1042 2248 attenderet
1057 2184 1101 2249 ad
1125 2185 1214 2249 istud
1238 2185 1370 2267 factum,
1394 2185 1457 2269 ipsi
1474 2207 1539 2268 ape·
1596 2181 1599 2190 ’

418 2297 523 2362 rireut
539 2293 633 2360 nobis
650 2297 776 2358 secreta
792 2291 898 2358 cordis
908 2291 1041 2358 Domini
1053 2292 1103 2357 sui
1113 2291 1236 2357 domini
1246 2292 1365 2376 Regis;
1383 2301 1416 2358 et
1431 2294 1472 2358 sit
1481 2293 1542 2357 lau-

420 2402 539 2469 dabilis
556 2407 589 2466 et
604 2400 734 2484 sapiens
749 2422 811 2480 res,
828 2403 1004 2482 antequam
1022 2399 1088 2468 alia
1103 2401 1272 2484 responsio
1289 2401 1336 2466 eis
1352 2400 1542 2482 distendito

420 2516 452 2577 et
470 2509 591 2575 sentire
608 2507 726 2588 omnia,
743 2528 806 2590 que
821 2508 885 2592 ipsi
900 2506 1007 2573 dicere
1023 2515 1056 2574 et
1070 2510 1221 2592 apperire
1237 2507 1332 2573 nobis
1348 2510 1480 2589 volunt;
1496 2531 1543 2574 ra·

420 2619 469 2684 dit
483 2639 570 2701 pars,
587 2616 674 2699 quod
690 2613 755 2680 dici
771 2618 874 2700 possit
889 2613 1176 2683 Ambasiatoribus
1193 2617 1357 2702 predictis,
1375 2619 1465 2702 quod
1479 2640 1545 2684 nos·

419 2734 473 2793 tra
487 2724 688 2807 Dominatio,
705 2724 912 2790 considerans
938 2732 1089 2792 naturam
1114 2732 1148 2791 et
1172 2727 1392 2792 conditionem
1419 2728 1545 2792 istorum

420 2833 632 2919 agendorum,
647 2837 680 2897 et
695 2832 818 2898 habens
834 2833 994 2899 sinceram
1011 2835 1256 2917 dispositionem
1283 2832 1327 2898 ad
1342 2840 1463 2900 cuncta
1478 2855 1544 2900 oon·

421 2941 590 3010 cernentia
607 2941 762 3004 honorem
788 2948 820 3034 et
843 2942 1076 3034 exaltationem
1091 2941 1167 3006 fidei
1193 2941 1366 3008 Catholiee
1391 2949 1425 3008 et
1449 2944 1545 3027 ipsius

421 3050 529 3134 Regio
545 3049 743 3132 Maiestatis,
758 3055 809 3114 est
825 3055 944 3133 parata
960 3051 1130 3116 attendere
1147 3057 1181 3116 et
1198 3052 1325 3116 intrare
1340 3052 1376 3115 in
1391 3052 1455 3117 isto
1470 3058 1547 3116 trac

422 3168 497 3227 tatu
512 3182 570 3245 per
586 3159 661 3224 illas
676 3159 754 3241 viae,
768 3158 890 3226 formas
908 3167 941 3226 et
966 3160 1088 3240 modos,
1105 3160 1162 3243 qui
1187 3161 1254 3224 sint
1280 3159 1497 3226 rationabiles
1519 3165 1547 3224 et

422 3268 556 3350 honesti,
572 3271 621 3333 ita
638 3267 727 3349 quod
741 3268 806 3350 ipsi
823 3274 958 3351 possunt
983 3268 1089 3352 ample
1105 3268 1197 3350 loqui
1214 3267 1392 3348 nobiscum,
1410 3275 1443 3334 et
1459 3289 1549 3353 appe-

422 3379 488 3443 rire
504 3376 597 3442 nobis
613 3376 825 3440 intentionem
842 3375 976 3442 Domini
994 3377 1053 3456 sui,
1071 3383 1104 3440 ut
1124 3380 1284 3460 possimus
1301 3377 1396 3461 large
1422 3399 1548 3460 respon·

423 3484 499 3550 dere
516 3484 573 3566 eis,
583 3489 617 3548 et
633 3483 800 3549 declarare
816 3490 955 3549 mentem
973 3491 1126 3550 nostram.
1143 3485 1188 3550 Et
1198 3508 1238 3562 ex
1255 3507 1341 3550 nune
1356 3485 1400 3550 sit
1416 3491 1550 3569 captum

424 3591 512 3677 quod
528 3589 712 3675 Collegium
731 3589 875 3673 Domini,
894 3589 1121 3676 Consiliorum,
1143 3591 1298 3677 Capitum
1319 3591 1548 3677 etSapientum

424 3700 594 3783 utriusque
609 3721 724 3765 manns
739 3699 882 3766 habeant
897 3700 1095 3783 libertatem,
1110 3723 1183 3767 cum
1193 3700 1352 3785 predictis
1363 3708 1396 3768 et
1407 3704 1480 3769 aliis
1490 3723 1549 3768 ver·

425 3807 484 3890 bis,
500 3827 563 3891 que
580 3805 675 3871 utilia
690 3805 898 3889 videbuntur,
915 3809 1039 3874 intrare
1055 3809 1089 3872 in
1114 3813 1261 3874 tractatu
1275 3831 1350 3874 cnm
1366 3809 1463 3877 dictis
1480 3809 1549 3876 Am·
1613 3883 1614 3886 Ἴ

425 3913 656 3996 basiatoribns,
674 3913 787 3980 audire
804 3922 838 3980 et
854 3917 1058 4000 respondere,
1075 3918 1255 3982 secundum
1273 3918 1364 4000 quod
1387 3941 1448 4002 pro
1474 3920 1548 3984 bono
1613 3911 1614 3976 Ῐ

423 4023 624 4106 agendorum
640 4029 826 4089 nostrorum
842 4024 983 4091 viderint
1000 4025 1162 4110 expedire,
1171 4048 1237 4092 non
1252 4025 1417 4110 possendo
1434 4025 1548 4112 aliquid
1613 4007 1614 4012 ἵ

426 4130 617 4197 concludere
634 4152 695 4196 nec
711 4128 842 4198 firmare
852 4132 1064 4199 sinelieentia
1075 4140 1108 4198 et
1119 4135 1286 4201 voluntate
1303 4136 1396 4201 istius
1413 4134 1547 4202 Consilli.

425 4275 463 4335 (Α
478 4275 608 4326 »Secreta
618 4275 736 4327 Consilii
749 4277 942 4342 Rogatorum«
957 4279 1049 4329 ozimit
1068 4279 1208 4330 velenczei
1223 4281 1442 4331 allamakttkbbl
1457 4281 1488 4331 B.
1498 4281 1546 4330 ker.

917 4375 977 4422 107.
992 4384 1029 4419 az.
1042 4373 1079 4434 a.)
