3190 5252
591 385 685 446 1381.
1000 443 1002 448 ,
1134 381 1200 443 425

1 571 2 574 ’
78 579 157 623 mam
183 557 400 625 Statutorum.
416 558 540 626 Eodem
557 560 610 624 die
626 559 740 625 rotulit
755 561 866 626 Juano
883 557 1032 640 Prosticy
1049 558 1193 624 cridnsse

79 666 195 732 dictem
210 674 333 733 terram
350 667 525 734 secundum
543 669 681 734 sormam
699 667 917 734 Stntutorum.

178 775 251 856 Ego
281 773 487 860 Augustinus
519 775 558 841 de
583 773 692 842 Auria
730 775 882 844 Vicerius
921 774 1095 840 Brucensis
1136 795 1201 839 ma·

1 901 2 975 }
78 903 149 948 num
165 883 245 950 misi.

606 992 654 1058 Et
684 1013 743 1076 ego
776 991 928 1074 Dragota
957 987 1080 1056 Rudini
1117 989 1198 1055 ciuis

500 1096 1203 1183 Sibunicensis‚ImperialisuctoritatePub-

498 1207 580 1273 licus
605 1205 764 1273 Notarius
790 1213 824 1273 et
848 1205 959 1272 Judex
993 1204 1197 1286 Ordinsrius‚

146 1314 297 1400 (Jegyzoi
310 1313 410 1401 jegy.)
502 1321 536 1380 et
553 1337 637 1381 nunc
654 1313 843 1382 Communis
858 1314 1034 1380 Braccnsis
1060 1312 1085 1379 J
1087 1319 1200 1378 unctus

502 1422 726 1490 Cancellarius
742 1424 934 1507 premissum
943 1423 1202 1500 instrumentum,

504 1537 602 1614 prout
617 1531 651 1596 in
667 1538 827 1615 quaterno
839 1531 973 1597 Ulwen'i
989 1531 1126 1597 condam
1143 1532 1166 1597 J
1169 1553 1201 1596 u·

502 1639 574 1704 cobi
599 1637 796 1706 cancellarii
818 1639 1005 1706 Communis
1022 1637 1139 1704 Brucie
1155 1638 1201 1703 in·

501 1747 584 1828 ueni,
601 1747 655 1812 hic
671 1749 847 1832 conscripsi
869 1769 1039 1831 meumque
1070 1748 1197 1831 siguum

502 1863 691 1922 consuetum
708 1857 844 1941 apposui
870 1856 913 1922 ad
938 1857 1098 1922 cautelam
1124 1876 1197 1940 pre·

502 1966 683 2030 missorum.

226 2109 343 2171 (niteles
356 2109 476 2162 mtsolct
488 2125 505 2160 s
517 2110 591 2162 becsi
604 2109 726 2160 essszsrs
740 2109 828 2160 titkos
841 2107 1037 2170 levtlttrbun.)

73 2559 97 2622 Ι.
113 2561 213 2646 Lajos
229 2584 368 2648 mappae
384 2563 417 2626 e's
433 2561 556 2649 leruyyel
582 2559 695 2648 kiroty
720 2559 891 2627 Zovicsius
907 2559 1028 2626 krckoi
1037 2558 1199 2646 pospokot
1218 2563 1221 2570 '

1 2668 3 2738 i
204 2669 379 2756 Petczyska
396 2669 522 2756 helyscq
538 2669 728 2734 birtokdbcn
745 2669 858 2733 croniti
872 2692 950 2754 moy.
977 2671 1071 2736 1381.

176 2827 219 2893 In
236 2828 364 2895 nominc
389 2828 524 2894 Domini
550 2827 666 2894 Amen.
690 2826 762 2894 Nos
788 2827 972 2895 Lodouicus
1000 2827 1063 2894 Dei
1089 2832 1201 2913 gracia

74 2935 231 3021 Vnguis,
248 2935 397 3019 Potonie,
414 2936 593 3020 Dulmscie,
618 2934 765 3017 Uruncis,
781 2934 895 3018 Rame,
912 2936 1036 3020 Seruie,
1052 2937 1203 3018 Gallicic,

73 3045 274 3126 Innumeris,
291 3043 459 3127 Cumanis,
474 3045 696 3129 Bulgarieqnc
705 3045 778 3111 Rex
795 3053 906 3112 notum
923 3049 1059 3114 facimus
1075 3046 1201 3112 uniuer-

74 3153 201 3220 sistam
217 3155 423 3238 presentibus
450 3175 547 3236 quam
572 3153 699 3237 futuris,
724 3155 811 3238 quod
828 3156 862 3221 in
877 3161 990 3221 nostra
1007 3156 1201 3222 constitutus

74 3261 242 3342 presencia
267 3259 482 3326 Reuerendus
507 3262 541 3327 in
564 3259 699 3328 Christo
724 3259 826 3328 Pater
850 3262 1000 3327 dominus
1032 3261 1201 3328 Zuuissius

73 3367 195 3434 Dinina
210 3376 244 3436 et
260 3367 454 3453 Apostolice
471 3367 566 3435 Sedis
582 3370 792 3453 prouidoncis
815 3371 996 3455 Episcopus
1007 3368 1201 3436 Crscouien-

1 3461 2 3476 ³
74 3477 115 3540 sis
131 3474 193 3541 stb.
224 3476 387 3558 (ktrtscre
404 3477 590 3560 megerttsiti
607 3478 703 3563 anyja
718 3478 877 3544 Erzsebct
893 3477 1109 3563 kirtlyneusk
1125 3474 1202 3542 Pct-

74 3583 189 3668 czyska
204 3583 374 3668 helystgre
390 3585 569 3652 vonatkozo
585 3585 836 3670 privilegiumtt
867 3586 950 3652 mint
973 3584 1106 3653 seutebb
1128 3589 1201 3650 148.

74 3711 114 3756 sn.
131 3691 243 3778 olstt.)
268 3691 390 3759 Datum
417 3691 450 3756 in
475 3692 634 3778 Wyslicis
651 3699 773 3775 quarta
789 3693 871 3758 feris
887 3693 1100 3762 Pentecosten
1116 3714 1201 3761 anno

74 3796 201 3864 Domini
218 3799 390 3866 millesimo
406 3802 634 3870 tercentesimo
652 3802 875 3887 octuagesimo
891 3803 1007 3887 primo.

74 3943 210 4002 (Eredstie
225 3945 400 4010 bcrhsrcysn
413 3961 430 3995 u
442 3945 592 4012 kirsttynak
606 3946 694 4013 fiiggtt
714 3947 832 4013 pecse'tje
845 3949 925 4012 slutt,
941 3947 1089 3998 akrakkoi
1103 3948 1201 4013 ktpts·

74 4032 174 4085 tsnnsk
188 4035 371 4086 leveltuirbun.
383 4036 521 4087 stissius
543 4038 659 4088 krskkoi
673 4039 780 4102 ptispsrk
794 4038 928 4088 nrzsebet
940 4038 1200 4104 anyakimilyntnek

74 4122 164 4176 hultlu
186 4125 256 4176 utin
277 4126 329 4177 lett
350 4126 373 4176 Ι.
395 4125 478 4191 Lujos
500 4127 648 4192 kirttynsk
670 4129 950 4196 Lengyelorszrigban
973 4127 1195 4194 kormtnyztjs.)

557 4399 610 4407 ’.η-
