3134 5254
371 351 386 373 s
403 347 466 407 2311
748 365 981 410 nrrnounczmr
1000 351 1167 410 auribnus.

403 545 465 586 non
502 523 547 588 Et
575 526 682 607 primo
707 524 851 590 venimus
876 523 917 589 ad
945 525 1120 608 capitulum
1149 525 1291 611 Tarvisij
1308 533 1340 592 et
1357 527 1510 592 Tarnisane

402 638 474 711 etc,
500 632 580 717 qnid
605 633 691 717 petit
715 630 876 699 Dominus
902 632 1026 716 Padue,
1052 639 1083 698 et
1105 633 1147 700 ud
1164 635 1233 718 ejus
1250 632 1511 715 modificationem,

402 763 464 824 que
481 745 539 821 est,
555 739 644 824 quod
659 745 764 805 stetur
776 739 895 824 juditio
912 740 1034 806 domini
1045 740 1156 825 Regis.
1173 739 1326 807 Diximus
1336 741 1427 824 eninr,
1440 740 1510 825 quod

402 850 441 915 de
467 849 526 915 tali
552 847 787 914 reformatione
815 855 848 914 et
872 848 1112 914 modificatione
1130 871 1194 916 non
1211 849 1373 916 modicum
1392 849 1510 916 admira-
1561 837 1562 882 3

400 958 526 1038 barnur,
543 966 575 1023 et
592 956 727 1036 merito;
752 978 823 1022 cunr
848 958 918 1041 ipse
938 957 1100 1024 Dominus
1117 959 1240 1040 Padus,
1258 981 1317 1026 nec
1333 961 1400 1044 ejus
1415 981 1512 1043 proge-

403 1068 526 1133 nitores
543 1087 708 1149 nunquam
725 1066 851 1150 aliquid
868 1066 976 1132 facere
994 1068 1180 1135 babuerunt
1195 1070 1229 1134 in
1246 1069 1396 1138 Tarvisio
1409 1078 1437 1134 et
1447 1068 1512 1134 Tac

400 1177 513 1241 visana
531 1183 608 1257 oto.;
633 1196 692 1241 nec
707 1174 747 1240 de
764 1173 860 1240 dictis
876 1173 956 1240 locis
972 1176 1058 1242 inter
1075 1177 1181 1260 ipsum
1193 1183 1294 1242 etnos
1311 1199 1449 1260 unquam
1462 1176 1512 1242 luit

400 1283 441 1350 lis
469 1285 519 1349 vel
547 1285 713 1348 contentio
744 1282 865 1366 aliqua,
891 1284 947 1350 sed
971 1285 1043 1368 ipsa
1066 1285 1139 1351 loca
1166 1285 1345 1352 Tarvisane
1361 1293 1394 1352 et
1410 1284 1512 1352 Cencte
1560 1369 1562 1376 Α

401 1392 604 1476 possedimus
630 1397 722 1457 tanto
748 1399 896 1476 tempore
922 1392 1045 1476 absque
1071 1394 1176 1479 litigio
1208 1401 1242 1460 et
1274 1394 1513 1483 contremuimus
1560 1473 1561 1478 ἵ

400 1500 511 1584 aliqua
527 1501 630 1585 ipsius
646 1500 780 1566 Domini
797 1500 909 1566 Padus
927 1502 977 1566 vel
994 1505 1238 1586 progenitorum
1250 1525 1389 1587 sucrum,
1406 1511 1437 1568 et
1451 1502 1512 1568 idco

400 1632 464 1674 non
481 1615 551 1674 erat
568 1608 773 1690 rationabile,
790 1631 894 1692 neque
916 1609 1049 1693 justum,
1067 1611 1152 1694 quod
1168 1611 1209 1676 de
1226 1612 1305 1695 ipsis
1321 1612 1401 1678 locis
1417 1609 1512 1676 Terri-

401 1739 479 1782 sane
496 1724 529 1782 et
545 1715 669 1782 Cenete
692 1717 851 1799 possessis
877 1738 935 1800 per
957 1739 1016 1782 nos
1033 1723 1126 1784 tanto
1142 1724 1294 1803 tempore,
1312 1725 1346 1785 et
1362 1742 1422 1804 que
1438 1717 1513 1784 nullo

399 1825 496 1891 modo
524 1827 752 1910 pertinuerunt
776 1845 835 1889 nec
860 1824 1072 1908 pertinebant
1089 1826 1149 1910 ipsi
1165 1826 1309 1894 Domino
1327 1828 1446 1908 Padus,
1466 1848 1513 1891 nec
1561 1845 1562 1850 ¹

401 1934 666 2019 progenitoribus
693 1933 769 2017 suis,
793 1953 853 1998 nec
878 1933 912 1997 in
937 1932 1015 2017 ipsis
1033 1932 1111 1998 locis
1124 1935 1178 2018 jus
1194 1921 1320 2018 aliquid
1336 1935 1511 2019 pretendere

398 2050 529 2128 poterut
555 2044 625 2128 ipse
651 2041 810 2108 Dominus
837 2040 961 2122 Padus,
986 2041 1079 2107 nobis
1105 2049 1289 2109 moreretur
1321 2045 1459 2128 questio,
1487 2051 1511 2109 et

399 2152 488 2234 quod
506 2152 695 2218 deberemus
721 2172 780 2217 nos
805 2172 925 2234 ponere
948 2151 982 2215 in
1003 2150 1127 2235 judicio
1153 2151 1276 2217 domini
1299 2153 1400 2236 Regis
1425 2153 1460 2218 de
1483 2173 1510 2215 re
1561 2183 1562 2188 κ

398 2270 463 2328 tarn
483 2262 570 2326 clara
591 2267 623 2324 et
639 2265 772 2344 aperta3
796 2259 859 2324 imo
875 2260 938 2342 ipsi
955 2261 1084 2325 nomine
1103 2261 1224 2326 domini
1235 2260 1338 2345 Regis
1355 2263 1402 2328 sni
1416 2259 1510 2346 justis·

398 2372 478 2452 simi,
495 2391 554 2453 pro
571 2368 693 2434 bonore
710 2367 816 2452 Regio
832 2372 866 2432 et
882 2367 951 2451 ejus
968 2367 1065 2448 lama,
1075 2389 1148 2432 cum
1158 2371 1344 2436 reverentia
1355 2368 1508 2455 loquendo,

398 2478 554 2544 deberent
570 2477 755 2562 hujusmodi
783 2477 972 2560 petitionem
998 2477 1183 2543 nullomodo
1200 2485 1358 2561 tunquam
1374 2480 1509 2562 injustam

397 2593 429 2652 et
445 2584 733 2670 reprehensibilem
748 2585 929 2650 admittere.
946 2584 1046 2651 Circa
1057 2591 1167 2650 autem
1179 2587 1287 2651 omniu
1298 2584 1511 2669 aliacapitulu,
1561 2665 1562 2668 Ἴ

398 2695 475 2780 quia
491 2694 615 2760 suntin
632 2692 746 2758 ultima
771 2713 851 2777 pace
879 2693 971 2775 quasi
988 2694 1096 2758 onmia
1112 2693 1239 2758 inclusa
1254 2702 1286 2758 et
1304 2701 1458 2774 contenta,
1473 2693 1511 2757 di·

396 2804 524 2868 ximus:
542 2801 628 2884 quod
655 2801 806 2866 obstante
832 2820 912 2884 pace
937 2801 1093 2884 predicta,
1120 2822 1181 2884 qne
1207 2801 1388 2868 voluntarie
1404 2809 1434 2867 et
1448 2821 1511 2867 con·

297 2941 300 2954 ·
398 2934 494 2978 sensu
520 2911 661 2994 partium
688 2910 797 2974 suerat
822 2909 951 2974 firmata
976 2929 1014 2974 ac
1040 2916 1244 2975 sacramento
1269 2910 1509 2990 roboratarum

396 3019 548 3087 omnibus
565 3018 721 3084 clausulis
738 3023 769 3082 et
786 3016 1049 3084 solemnitatibus
1074 3018 1255 3101 oportunis,
1282 3019 1352 3102 ipse
1367 3018 1510 3084 Dominus
1560 3027 1562 3078 i

400 3127 513 3195 Padue
531 3126 628 3193 nichil
646 3125 685 3192 de
703 3125 864 3191 contentis
881 3126 913 3190 in
930 3125 1084 3210 capitulis
1101 3126 1253 3210 predictis
1273 3133 1384 3211 petere
1395 3133 1511 3210 poterut

398 3237 439 3302 de
454 3237 535 3320 jure.
552 3233 623 3299 Nec
639 3232 702 3300 dici
719 3239 852 3318 poterat
867 3255 940 3299 cum
956 3256 1043 3315 nero,
1059 3233 1146 3318 quod
1162 3234 1231 3318 ipse
1242 3234 1401 3300 Dominus
1413 3233 1511 3300 Padus

397 3352 553 3428 tanquam
572 3345 705 3410 strictus
723 3350 757 3409 et
773 3345 965 3409 necessitate
982 3351 1112 3409 coactus
1128 3344 1170 3409 ad
1188 3346 1291 3429 ipsam
1309 3343 1509 3428 pacemdero-

396 3455 465 3535 nit3
489 3474 563 3518 nam
585 3459 730 3536 tempore
746 3454 836 3536 pacis
854 3452 998 3536 predicte
1014 3452 1133 3518 fortior
1149 3460 1219 3518 erat
1237 3454 1269 3518 in
1286 3455 1411 3537 campis
1426 3473 1509 3536 quam

394 3562 586 3628 Domininm
611 3560 776 3642 Vestrum,
802 3559 946 3627 babebat
970 3562 1056 3626 enim
1082 3561 1227 3628 favorem
1244 3571 1277 3627 et
1293 3563 1448 3628 auxilium
1465 3561 1510 3626 do·

395 3671 473 3735 mini
490 3668 600 3753 Regis,
616 3675 649 3734 et
665 3668 809 3735 habebat
825 3670 858 3733 in
874 3691 987 3753 campo
1004 3669 1093 3735 ultra
1114 3667 1324 3754 Vngarorum
1341 3671 1418 3737 IIII
1434 3667 1508 3736 millo

395 3777 527 3862 equites,
545 3799 683 3860 quornm
700 3783 795 3842 erant
811 3775 984 3861 Capitonei
1002 3776 1123 3842 domini
1148 3776 1347 3843 Benedictus
1365 3777 1470 3843 Bauus
1484 3781 1511 3838 et

395 3885 501 3952 Suder
527 3885 645 3951 Petrus
673 3886 785 3951 Banus
812 3885 991 3969 Sclavonie,
1016 3886 1088 3950 istis
1114 3885 1222 3950 verbis
1249 3894 1413 3968 presentes
1436 3892 1467 3949 et
1480 3904 1511 3948 en

396 3994 576 4061 audientes·
603 3995 744 4080 Insuper
770 3995 869 4060 eliam
894 3993 1043 4076 diximus,
1071 3992 1159 4077 quod
1175 3995 1201 4058 si
1217 3993 1295 4060 talis
1311 3996 1453 4079 exceptio
1467 3991 1510 4056 de·

395 4101 487 4168 beret
506 4101 647 4184 admitti,
665 4102 753 4170 nulla
769 4108 853 4168 esset
868 4125 930 4187 pax
948 4102 1117 4169 inmundo
1134 4103 1231 4186 facta,
1247 4102 1298 4168 rel
1315 4125 1378 4186 que
1391 4103 1424 4168 in
1439 4101 1511 4166 lutu-

394 4232 464 4275 rum
480 4210 552 4275 fieri
568 4217 687 4294 posset,
704 4231 767 4295 que
777 4233 833 4295 per
851 4208 1035 4296 hujusmodi
1051 4212 1272 4294 exceptionem
1289 4232 1352 4276 non
1368 4209 1510 4290 infringo·

393 4325 502 4399 retur3
519 4341 600 4399 cum,
616 4326 654 4384 nt
671 4319 845 4403 plurimum
857 4321 890 4384 in
901 4321 1049 4386 omnibus
1060 4319 1203 4403 pacibus,
1215 4315 1510 4404 unaparsamatd)

395 4426 502 4508 aliam,
528 4433 662 4510 propter
688 4449 786 4511 quam
812 4431 1047 4513 superationem
1065 4429 1171 4494 altera
1186 4451 1265 4512 pars
1282 4429 1324 4495 ad
1341 4451 1450 4514 pacem
1464 4425 1509 4491 dc·

395 4532 535 4599 ducitur.
560 4536 652 4602 Licet
668 4539 751 4602 enim
769 4560 878 4604 remim
897 4546 990 4619 esset,
1012 4539 1098 4624 quod
1115 4545 1254 4624 propter
1270 4561 1379 4624 pacem
1399 4534 1509 4624 predio·
