3210 5252
389 403 411 460 ’ἵ
417 404 436 460 0
747 414 983 462 oreaoaraozrar
1000 401 1169 458 amaruan.

393 575 498 653 cedas,
515 595 574 638 nec
589 573 632 639 sd
649 574 773 640 dictum
789 574 922 656 Galeas,
939 595 998 640 nec
1014 574 1056 640 ed
1073 595 1156 652 suos,
1173 596 1233 639 nec
1244 576 1342 639 ctiam
1359 573 1402 638 ad
1418 578 1528 638 terras

394 705 476 767 quas
501 687 591 748 tenet
615 682 771 763 accedas3
795 691 828 749 et
856 684 883 749 si
909 682 1083 762 accessisti,
1100 687 1134 746 et
1150 683 1185 746 in
1202 681 1247 748 eis
1263 682 1394 762 existas,
1409 679 1529 758 abinde

393 794 620 856 incunctanter
635 787 802 856 abscedas.
818 789 977 875 Alioquin
994 796 1027 854 te
1043 787 1386 855 excommunicationis
1399 786 1529 853 viuculo

394 896 597 978 innodamus,
614 903 647 960 et
662 918 774 963 omnes
791 903 865 962 tuas
882 903 989 963 terras
1015 897 1229 980 supponimus
1245 893 1466 961 ecclesiastico
1482 894 1530 959 iu·

395 1005 541 1072 terdicto.
567 1003 614 1069 Et
640 1005 667 1069 si
692 1009 738 1087 tu,
763 1007 877 1089 tuique
903 1005 1135 1088 consanguinei
1162 1008 1194 1067 et
1219 1000 1413 1068 Consiliarii
1432 1023 1530 1085 super

395 1113 458 1178 hiis
474 1115 659 1178 iuramenta
684 1111 822 1179 forsitan
851 1113 1035 1197 prestitisti,
1051 1119 1084 1178 et
1101 1112 1331 1197 promissiones
1350 1134 1389 1178 ac
1404 1111 1530 1195 obliga·

396 1222 500 1285 tiones
515 1219 638 1286 lecistis
656 1246 662 1286 :
679 1220 737 1286 illa
764 1227 797 1288 et
821 1221 896 1288 illas
921 1225 1080 1304 tunquam
1105 1220 1220 1303 iniqua
1244 1220 1442 1286 auctoritate
1458 1240 1531 1303 pre-

396 1329 486 1394 dicta
502 1329 695 1410 relaxamus,
720 1335 753 1394 et
777 1351 834 1395 ros
859 1329 1061 1395 absoluimus
1087 1328 1129 1394 ab
1155 1327 1286 1394 eisdem.
1304 1327 1429 1393 Datum
1449 1324 1531 1394 Aui-

397 1437 493 1501 nione
508 1435 550 1502 V.
567 1435 641 1500 idus
657 1434 795 1520 Aprilis,
812 1436 1029 1502 Pontificatus
1046 1438 1150 1504 nostri
1167 1442 1253 1501 tuno
1270 1441 1400 1519 quarto.

398 1581 459 1642 (XI.
473 1581 592 1648 Gergely
602 1583 734 1646 papanak
747 1599 764 1632 a
778 1583 906 1634 lentebbi
916 1581 1042 1632 levtlnelr
1054 1582 1134 1645 sitire,
1149 1581 1178 1631 es
1192 1581 1284 1634 anmals
1296 1583 1445 1632 turtalmtt
1457 1598 1529 1647 meg·

399 1669 471 1734 ujito
488 1673 565 1722 1374.
581 1672 677 1737 junius
692 1673 768 1722 ae-ki
791 1673 936 1734 leveltbtll,
958 1674 1031 1723 mint
1053 1673 1136 1722 altbb
1160 1673 1532 1738 70.sz.a1att.Ugyanazon

400 1761 569 1812 ertslemben
591 1762 641 1812 XI.
656 1763 775 1828 Gergely
800 1765 862 1813 matr
874 1777 1040 1829 ugyanazon
1056 1766 1132 1814 1374.
1145 1762 1190 1813 6νί
1201 1762 1318 1812 martius
1339 1762 1420 1814 wem
1434 1763 1475 1812 irt
1489 1761 1533 1811 Al·

401 1852 463 1900 bert
476 1851 608 1901 curatriai
631 1851 813 1917 herczegnek,
835 1853 912 1916 mely
924 1851 1054 1902 levtlnek
1067 1852 1189 1902 credetis
1202 1851 1345 1902 taltltatik
1358 1866 1375 1901 a
1388 1852 1464 1902 becsi
1478 1851 1533 1900 cut·

771 1942 845 1992 cetri
859 1943 947 1993 niteas
960 1941 1155 2004 levtlttrban.)

941 2231 995 2293 64.

404 2391 582 2456 coarat-ina·
600 2391 707 2456 Endre
733 2392 886 2458 velencaer‘
911 2393 1051 2479 doptnelt
1069 2391 1274 2478 Franpcpa‘a
1292 2393 1405 2457 laeda
1421 2418 1443 2456 α
1459 2395 1531 2478 Sep·

464 2499 586 2563 nidhart
598 2497 817 2580 scldllc'taadd
836 2501 987 2566 oclenczei
1003 2500 1188 2565 consulates
1204 2500 1352 2586 ttppc'bcn.
1381 2501 1490 2564 1374.

512 2657 724 2727 serenissimo
741 2660 889 2745 Principi
905 2667 939 2726 et
952 2659 1105 2743 Domino,
1116 2658 1247 2727 domino
1264 2657 1399 2726 Andree
1415 2657 1534 2725 Conta-

403 2787 482 2832 reno
497 2764 562 2831 Dei
587 2767 696 2849 gretia
720 2767 832 2833 inclito
857 2767 942 2834 Duei
968 2765 1185 2834 Venetiarum
1211 2774 1270 2834 etc.
1296 2773 1409 2834 nostro
1430 2769 1533 2834 amieo

404 2871 606 2940 honorando.

513 2979 726 3048 Sereuissime
752 2982 910 3067 Princeps
932 2990 966 3048 et
982 2983 1131 3051 Domine.
1149 2981 1367 3049 salutationis
1384 2981 1536 3052 honorifi-

405 3090 512 3156 centia
536 3083 746 3174 promittente
771 3085 892 3156 Vestre
910 3089 1154 3175 Magnificentie
1175 3090 1304 3171 Duoali,
1332 3111 1432 3174 quam
1457 3111 1537 3174 erga

406 3220 464 3262 nos
488 3217 614 3282 semper
629 3199 809 3281 reperimus
826 3200 1014 3281 gratiosam,
1031 3198 1180 3264 duximus
1206 3204 1320 3263 tenore
1335 3198 1537 3281 presentium

406 3304 648 3389 declarandum,
665 3304 751 3389 quod
769 3307 853 3371 sicut
868 3307 1023 3390 providus
1039 3308 1088 3371 vir
1104 3306 1254 3372 dominus
1265 3303 1460 3388 Guilelmus,
1470 3307 1502 3372 N
1503 3327 1537 3370 o·

405 3411 509 3477 terius
530 3420 563 3477 et
586 3409 807 3479 Ambaniator
831 3421 946 3495 vester,
963 3414 1027 3480 huc
1042 3414 1085 3479 ad
1102 3413 1207 3479 nostri
1233 3415 1434 3497 presentiam
1450 3433 1539 3478 acoe-

407 3518 495 3600 dens,
519 3518 612 3589 nobis
637 3541 696 3604 pro
712 3522 812 3587 vestri
828 3528 922 3606 parte
938 3521 978 3587 de
994 3520 1083 3586 facto
1109 3518 1308 3587 Consulatus
1324 3527 1357 3586 et
1373 3521 1538 3587 erectione

409 3648 465 3692 seu
497 3628 673 3695 elevatione
706 3629 815 3696 vexilli
847 3637 998 3696 oretenus
1029 3629 1195 3713 exposuit3
1220 3630 1267 3694 ita
1298 3631 1398 3695 vestri
1421 3628 1542 3695 intuitu

409 3734 529 3800 amoris
554 3741 586 3800 et
603 3737 827 3819 requisitionis
852 3737 894 3804 ad
911 3737 972 3803 hoc
992 3738 1219 3819 consensimus,
1236 3743 1270 3802 st
1285 3737 1381 3822 plene
1398 3737 1542 3816 lecimus,

408 3849 445 3908 ut
460 3841 547 3909 idem
562 3841 783 3911 Ambaxiator
798 3851 906 3914 vester
922 3846 1014 3912 vobis
1031 3846 1072 3911 de
1088 3847 1150 3911 hoc
1166 3846 1288 3929 poterit
1305 3865 1461 3911 enarrare
1475 3843 1545 3910 dis-

409 3949 532 4032 tintius,
548 3958 683 4034 paratos
699 3973 759 4016 nos
775 3974 836 4037 pro
852 3973 947 4037 posse
973 3954 1076 4019 nostri
1092 3951 1225 4018 honoris
1242 3974 1369 4036 semper
1386 3949 1547 4018 habentes

409 4059 462 4142 (ad
479 4079 604 4146 queque
620 4060 711 4128 vobis
729 4070 831 4147 grata.
848 4061 972 4128 Datum
989 4061 1110 4146 Segnis
1126 4059 1265 4128 XXVI.
1282 4061 1421 4146 Aprilis.

772 4168 958 4255 Stephanus
976 4169 1093 4236 Comes
1110 4169 1225 4253 Vegle,
1241 4171 1416 4236 Modrusse
1432 4176 1494 4236 etc.

417 4309 442 4361 A
455 4311 560 4376 »Copia
587 4313 620 4363 de
645 4313 884 4367 Commemorialr'‹
906 4317 996 4368 czimtl
1010 4315 1148 4367 velenczei
1162 4315 1394 4380 allamkonyrbtl
1406 4315 1467 4365 vn.
1482 4315 1544 4366 ket.

909 4411 966 4457 195.
982 4407 1048 4471 lap.)

899 4555 1055 4578 -ι-ιΙ-ι-
