3190 5252
396 365 462 427 440
754 383 988 427 nrenounczrnr
1007 370 1172 427 nunnnnu.

397 544 576 629 Quaruarii
600 565 705 626 usque
730 542 773 610 ad
798 545 940 608 contines
965 543 1102 608 Duracii
1134 548 1294 625 tanquam
1319 540 1361 604 ab
1392 540 1512 621 antiquo

397 654 436 717 de
462 654 535 738 jure
560 652 675 735 Regno
692 659 724 717 et
750 649 877 717 Corone
902 649 1074 734 Huugarie
1098 647 1259 734 spectanti
1290 655 1321 714 61
1346 647 1515 731 pertinenti.

399 761 484 824 Item
502 757 564 824 11111
581 765 690 824 actum
707 759 792 823 inter
817 757 921 823 dictas
937 767 1059 840 partes,
1087 755 1174 838 quod
1202 777 1300 840 super
1325 755 1410 821 lacto
1435 753 1515 820 Sten-

398 869 483 933 dalis
509 866 620 934 Sancti
646 867 753 934 Marci
780 867 821 932 de
853 864 963 950 Segne
988 871 1020 930 et
1050 864 1291 950 jurisdiccionis
1324 863 1507 930 Consulatus

399 997 499 1058 quam
516 973 696 1041 Commune
712 974 931 1043 Veneciarum
946 973 979 1037 in
996 973 1068 1039 loco
1086 970 1194 1056 Segne
1210 972 1347 1052 obtinet,
1362 971 1404 1036 sit
1415 979 1445 1036 et
1453 991 1513 1036 esse

399 1084 518 1149 debeat
537 1084 571 1147 111
597 1082 757 1148 eleccione
774 1080 982 1148 Sereuissimi
997 1080 1120 1146 domini
1137 1080 1240 1164 Regis
1266 1087 1299 1144 et
1323 1080 1512 1145 dominomm

399 1191 564 1257 Comitum
581 1189 687 1274 Segne
705 1191 800 1255 simul
816 1191 850 1254 in
866 1191 927 1255 hac
944 1189 1046 1254 forme
1075 1188 1226 1254 videlicet
1242 1215 1249 1253 ε
1266 1185 1361 1271 Quod
1378 1189 1404 1251 si
1421 1187 1514 1270 dispo·

401 1301 528 1366 suerint
544 1300 593 1364 vel
613 1298 771 1380 elegerint
799 1296 956 1363 Stendale
972 1303 1005 1362 et
1022 1295 1237 1363 Consulatum
1262 1295 1302 1361 de
1328 1295 1513 1379 Segnatolli,

400 1406 489 1489 quod
505 1405 567 1471 hoc
582 1428 660 1471 casu
678 1405 754 1470 dicti
773 1405 893 1470 domini
921 1405 1065 1471 Comites
1082 1406 1122 1470 de
1139 1403 1248 1488 chna
1264 1425 1375 1470 carere
1390 1403 1513 1469 debeant

400 1513 550 1580 omnibus
566 1519 598 1578 et
615 1515 751 1598 singulis
767 1512 941 1594 beneficiis
969 1513 1154 1596 honoribus
1171 1514 1360 1598 privilegiis,
1377 1515 1474 1600 pactis
1489 1518 1515 1576 et

400 1622 680 1705 convencionibus,
697 1643 760 1706 qne
772 1622 933 1688 haberent
949 1623 983 1685 in
994 1621 1146 1690 Veneciis
1157 1629 1190 1687 et
1201 1644 1273 1686 cum
1285 1619 1452 1687 Communi
1464 1621 1516 1689 Ve-

401 1731 577 1810 neciarum,
593 1731 656 1796 uisi
672 1736 783 1795 tamen
800 1730 863 1813 ipsi
877 1729 999 1796 domini
1009 1727 1156 1796 Comites
1169 1727 1275 1812 Segne
1286 1730 1479 1796 ostenderint
1488 1747 1515 1790 se

399 1840 433 1904 in
450 1838 601 1903 Veneciis
618 1843 651 1904 et
668 1860 741 1903 eum
758 1836 1000 1903 Communitate
1018 1835 1238 1904 Veneciarum
1254 1837 1374 1905 habere
1390 1836 1514 1920 aliapri·

399 1945 528 2029 vilegia,
545 1945 691 2028 honoros,
707 1945 865 2011 beneficia
889 1951 987 2029 pacta
1003 1952 1035 2009 et
1060 1946 1292 2011 convencioues
1308 1947 1376 2011 alia
1391 1945 1514 2011 occasio·

399 2077 449 2138 ne,
477 2076 575 2137 quam
601 2054 772 2120 occasione
799 2053 958 2118 dictorum
984 2052 1152 2120 Stendalis
1178 2061 1211 2119 et
1236 2053 1438 2136 Consulatus,
1463 2073 1514 2136 que

399 2162 481 2228 dicti
497 2161 537 2226 de
554 2161 707 2230 Veneciis
724 2160 890 2227 habentin
906 2162 978 2226 loco
995 2161 1114 2245 Segne.
1126 2160 1200 2247 Quo
1217 2184 1296 2228 casu
1312 2163 1371 2229 illa
1386 2163 1456 2242 alia,
1466 2181 1515 2243 que

400 2270 466 2337 alia
482 2271 654 2335 occasione
671 2268 883 2336 ostenderent
898 2291 931 2335 se
953 2270 1083 2352 babere,
1100 2277 1134 2336 et
1149 2272 1182 2335 in
1207 2279 1373 2355 posterum
1389 2271 1514 2336 habeant
1579 2305 1580 2312 .

403 2400 468 2444 non
485 2377 634 2444 obstante
645 2379 821 2444 remotione
832 2379 995 2443 dictorum
1007 2377 1175 2445 Stendalis
1185 2386 1217 2444 61
1227 2377 1432 2446 Consulatus.
1442 2377 1514 2443 Item

402 2487 465 2552 fuit
481 2491 591 2551 actum
608 2492 640 2552 61
656 2487 844 2552 solemniter
859 2493 1050 2552 conventum
1078 2489 1162 2552 inter
1179 2487 1284 2553 dictas
1309 2494 1426 2572 partes,
1441 2483 1513 2568 qnod

399 2616 509 2660 omnes
527 2593 648 2660 subditi
665 2595 826 2679 Regis,et
835 2595 989 2679 precipue
999 2593 1023 2658 J
1025 2594 1260 2676 adratini,tam
1270 2597 1303 2660 in
1315 2594 1452 2660 Ciuitate
1461 2591 1512 2658 Vc

400 2704 577 2786 nesiorum,
594 2723 690 2788 qnam
707 2706 741 2768 iu
758 2704 1008 2788 quibuscunque
1023 2706 1121 2770 terris
1138 2711 1171 2769 et
1185 2705 1267 2769 locis
1292 2705 1356 2769 sibi
1381 2701 1509 2778 subditis,

399 2813 525 2896 possint
541 2819 574 2877 et
599 2812 730 2878 ualeant
740 2818 810 2876 tute
827 2819 859 2876 ct
871 2832 982 2878 secure
993 2812 1131 2878 mercari
1142 2819 1173 2877 et
1189 2815 1404 2879 mercaciones
1415 2810 1512 2886 lacere,

399 2926 432 2984 et
457 2919 522 2984 alia
547 2941 748 3004 quecunque,
776 2941 838 3002 que
867 2926 900 2984 61
925 2927 1023 3002 prout
1054 2925 1130 2986 ante
1161 2926 1346 3004 presentem
1378 2934 1508 3005 guerram

397 3025 504 3091 facere
519 3035 680 3110 poterant.
698 3027 743 3092 Et
758 3026 845 3112 quod
855 3027 935 3091 dicti
946 3026 1070 3092 subditi
1082 3027 1187 3111 Regii,
1198 3035 1229 3092 et
1245 3029 1396 3111 precipue
1407 3023 1509 3094 Jadra·

398 3133 469 3213 tini,
485 3155 544 3217 per
561 3134 740 3201 Commune
757 3135 974 3202 Veneeiarum
986 3141 1018 3200 et
1029 3137 1098 3219 ejus
1114 3135 1271 3200 officiales
1288 3136 1423 3218 benigne
1440 3131 1510 3198 61111-
1578 3193 1579 3198 ,

398 3241 587 3308 vorabiliter
603 3249 793 3322 tractentur,
804 3243 872 3308 sine
883 3243 994 3325 aliqua
1004 3243 1132 3326 injuria,
1144 3245 1194 3307 vel
1205 3244 1339 3311 offensa.
1355 3243 1437 3310 Sane
1447 3260 1509 3306 sem·
1578 3249 1579 3278 ³

398 3371 457 3433 per
473 3350 692 3433 intelligendo,
719 3351 807 3432 quod
830 3373 889 3435 per
915 3373 1047 3434 presens
1073 3351 1268 3434 capitulum,
1289 3373 1348 3417 nec
1373 3351 1472 3434 aliqua
1484 3347 1510 3408 iu

397 3451 468 3540 ipso
484 3463 645 3540 contenta,
661 3480 726 3523 non
741 3458 968 3541 intelligantur
986 3455 1064 3523 dicti
1083 3458 1204 3524 subditi
1227 3458 1325 3542 Regii
1342 3481 1397 3524 seu
1412 3455 1509 3525 Jadro·

398 3565 459 3629 tini
475 3565 632 3647 navigare
649 3587 704 3630 seu
720 3569 859 3632 mercari
876 3585 968 3650 posse
986 3567 1020 3630 in
1037 3566 1133 3631 dictis
1155 3566 1307 3646 buechiS,
1324 3589 1383 3632 nec
1398 3565 1464 3631 aliis
1475 3561 1509 3625 lo
1577 3629 1578 3640 ,

398 3674 446 3738 cis
461 3673 496 3736 in
511 3675 654 3756 presenti
670 3674 886 3739 instrumento
901 3675 1079 3757 prohibitis·
1099 3675 1144 3740 Et
1171 3695 1224 3738 ver
1234 3696 1272 3739 sa
1289 3675 1358 3740 uice
1375 3673 1448 3740 dicti
1462 3667 1508 3736 ’16
1577 3703 1578 3706 ¹

399 3782 465 3846 11611
482 3788 514 3847 61
530 3780 650 3845 subditi
667 3802 777 3847 eorum
794 3783 827 3846 in
837 3783 953 3866 Regno
965 3783 1105 3866 Hungar
1113 3784 1155 3863 ie,
1172 3789 1202 3847 et
1220 3783 1318 3847 terris
1335 3789 1368 3847 et
1383 3781 1454 3847 locis
1462 3775 1505 3842 1111Ι
1577 3819 1578 3822 κ

400 3887 549 3971 subditis,
565 3891 693 3973 possint
710 3897 742 3953 et
759 3891 889 3955 valeant
904 3897 975 3956 tute
988 3897 1021 3956 et
1032 3910 1144 3956 secure
1161 3891 1298 3955 mercari
1314 3897 1348 3955 et
1364 3885 1507 3955 mercacio

399 4019 456 4063 nes
472 3996 588 4079 facere,
605 4006 638 4062 et
658 3999 723 4062 alia
748 4018 950 4080 quecunque,
979 4021 1041 4083 que
1067 4005 1098 4064 et
1125 4005 1223 4083 prout
1250 4005 1325 4064 ante
1351 4005 1506 4083 presentem

399 4127 552 4192 guerram
570 4105 677 4172 facere
693 4112 855 4190 poterant.
872 4109 917 4172 Et
935 4108 1023 4191 qnod
1039 4107 1118 4172 dieti
1146 4107 1267 4174 Veneti
1284 4113 1317 4171 et
1334 4127 1438 4172 eornm
1452 4098 1506 4166 sub·
1576 4095 1578 4160 Ϊ

399 4213 460 4279 (liti
476 4219 535 4298 por
551 4214 714 4298 prefatum
731 4213 983 4281 Serenissimum
1008 4216 1134 4299 Regem
1160 4220 1193 4279 et
1210 4215 1278 4299 ejus
1305 4214 1453 4280 officiales
1467 4209 1506 4271 br·
1577 4267 1578 4276 ,

399 4322 496 4404 nigne
514 4329 546 4386 et
563 4322 790 4390 favorabiliter
806 4330 991 4391 tractentur
1002 4326 1070 4390 sine
1081 4324 1195 4407 aliqua
1205 4323 1327 4408 injuria
1341 4324 1390 4388 vel
1400 4319 1504 4386 offensa

399 4431 445 4495 Et
461 4430 550 4495 ultra
566 4431 723 4513 predicta,
740 4433 830 4517 quod
846 4433 925 4499 dicti
940 4435 965 4500 J
967 4433 1110 4499 adratini
1121 4453 1224 4515 usque
1240 4431 1283 4498 ad
1300 4420 1503 4509 annosviginti

405 4536 542 4625 singulis
560 4539 654 4606 annis
671 4546 704 4604 et
720 4539 867 4628 quolibet
878 4562 972 4621 anuo,
989 4547 1021 4606 et
1032 4541 1088 4608 alii
1101 4539 1284 4609 Dalmatini
1295 4559 1394 4628 usqne
1409 4530 1502 4602 addic-
