3226 5258
404 389 446 459 40
758 405 993 454 niruonacznn
1009 390 1176 452 suessan.
1253 469 1256 474 ι

403 569 666 655 responsionibus
684 591 780 652 super
798 568 885 651 ipsis,
902 588 941 632 ea
956 590 1018 651 que
1034 561 1128 634 nobis
1145 589 1241 651 super
1266 567 1330 633 illis
1356 567 1529 636 seeundum

405 679 519 758 Deum,
544 678 711 760 dictosque
737 681 812 742 tuos
838 675 976 740 salutem
993 681 1027 739 et
1043 675 1210 758 honorem,
1226 698 1265 741 ac
1281 674 1389 759 Regni
1411 677 1529 760 prefati

405 788 545 870 quietern
571 784 768 850 videbuntur
786 783 888 864 utilia,
906 784 1074 850 Maiestati
1092 783 1162 854 Tuc
1178 806 1237 867 per
1257 783 1412 852 dilectum
1428 785 1528 851 filium

406 892 639 963 Galvanumde
656 892 805 958 Bononia
822 889 1038 955 Decretorum
1055 891 1240 972 Doctorem,
1261 891 1533 958 Ambaxialorem

406 1013 497 1069 tuum
522 1002 564 1066 ad
589 1022 647 1066 nos
673 1021 733 1084 pro
759 999 833 1064 aliis
859 999 1010 1081 megotiis
1042 999 1252 1076 destinatum,
1279 999 1429 1064 duximus
1456 1023 1535 1066 rese-
1586 1007 1590 1016 “

406 1110 526 1189 randa;
552 1109 607 1174 sed
628 1107 671 1174 ad
697 1106 921 1189 exponendum
947 1127 987 1170 aa
1012 1107 1139 1189 plenius
1167 1106 1385 1172 venerabilem
1401 1107 1533 1174 hatreur

407 1227 552 1285 nostrum
563 1217 744 1300 Agapitum
755 1216 953 1299 Episcopum
965 1214 1224 1296 Ulixhoneusem‚
1238 1215 1429 1298 Apostolice
1442 1213 1535 1282 Sedis

408 1327 581 1408 Nunnium,
606 1325 722 1390 harum
747 1323 895 1404 laterem,
921 1321 962 1386 ad
988 1323 1188 1404 presenciam
1205 1321 1277 1388 Tuo
1294 1322 1535 1405 Magnitudinis

408 1439 543 1516 paterne
560 1432 706 1498 caritatis
724 1431 895 1497 affectibus
913 1429 1133 1509 destinamus3
1159 1429 1243 1494 Eam
1260 1435 1416 1514 rogantes
1432 1437 1467 1495 et
1480 1429 1532 1495 ob·

407 1545 572 1605 secrantes
589 1540 758 1620 atterimus,
774 1545 934 1621 quatenus
951 1537 1074 1602 dictum
1091 1539 1255 1603 Nunnium
1264 1537 1305 1602 oh
1319 1539 1534 1602 reverenciam

408 1648 535 1732 prefate
552 1646 647 1712 Sedis
665 1651 699 1710 et
715 1652 861 1710 nostram
877 1645 1021 1727 digneris
1044 1645 1182 1728 benigne
1201 1645 1357 1726 recipere,
1375 1650 1409 1710 et
1425 1645 1488 1712 sibi
1504 1647 1533 1708 in

411 1756 481 1835 hiis,
506 1753 625 1836 quade
652 1752 817 1836 premissis
843 1752 903 1816 tibi
921 1756 1066 1834 exparte
1092 1757 1206 1818 nostra
1233 1752 1423 1831 narraverit,
1440 1752 1531 1818 tidem

410 1862 576 1927 credulam
593 1860 759 1940 adhibere,
784 1881 822 1924 ac
848 1881 992 1924 annuere
1009 1858 1212 1942 benignitate
1231 1859 1337 1943 Regia
1354 1866 1387 1924 et
1406 1860 1536 1944 promti·

410 1971 525 2036 tudine
540 1969 641 2034 filiah.
659 1968 781 2032 Datum
796 1965 955 2032 Asinione
973 1965 1034 2033 IV.
1051 1965 1206 2032 kalendas
1233 1965 1437 2048 Novembris,
1454 1969 1537 2034 Pon·

412 2077 552 2142 tifioatus
568 2076 671 2140 nostri
688 2097 774 2140 anno
791 2073 940 2140 secunde.

733 2217 794 2286 (XI.
809 2219 927 2284 Ge1·gely
941 2218 1013 2283 papa
1026 2215 1214 2281 regesttibtl.)

1000 2382 1003 2386 .
1013 2379 1056 2386 -ι

951 2526 1001 2584 38.

415 2688 444 2749 Ι.
462 2687 560 2772 Lajos
576 2709 715 2772 rnupyor
730 2687 763 2750 e‘s
778 2687 901 2771 lenpyel
919 2686 1097 2771 lrirmtynale
1115 2685 1172 2750 XI.
1190 2687 1326 2773 Gerpely
1339 2692 1446 2772 papa,
1461 2692 1540 2776 bopy

414 2797 484 2857 iacis
500 2793 594 2856 kelrti
619 2794 889 2878 kereemye'neklcel
907 2819 927 2858 a
945 2793 1075 2858 teretes
1101 2793 1182 2860 olleo
1197 2795 1419 2860 szbnetkezzdlo.
1447 2800 1541 2862 1372.

522 2951 702 3036 Gregorius
727 2953 910 3036 Episcopus
936 2957 993 3016 etc.
1011 2955 1179 3018 carissimo
1195 2955 1228 3017 in
1246 2951 1378 3020 Christo
1394 2955 1462 3021 filio
1479 2957 1542 3021 Lu-

416 3061 528 3126 dcvico
544 3059 630 3144 Regi
646 3060 793 3144 Vngarie
809 3059 940 3140 illustri,
967 3061 1105 3125 salutem
1122 3068 1183 3125 etc.
1200 3059 1334 3126 Dudum
1349 3083 1408 3145 per
1422 3085 1481 3129 nos
1497 3064 1542 3127 in·

416 3169 545 3234 telleoto
562 3191 635 3233 cum
651 3168 755 3233 multa
771 3169 991 3234 amaritudine
1001 3170 1109 3234 cordis
1120 3169 1233 3250 nostri,
1250 3170 1336 3252 quod
1353 3171 1445 3254 impii
1461 3171 1544 3236 Tur·

416 3277 477 3357 ehi,
492 3275 601 3342 hostes
627 3275 719 3340 Sacri
745 3276 895 3341 Nominis
922 3275 1110 3356 Christiani,
1131 3286 1245 3343 contra
1261 3279 1432 3343 nonnullos
1449 3279 1544 3361 hisg-

418 3388 508 3448 nates
525 3389 557 3445 et
573 3385 710 3465 populos
736 3383 887 3447 Parcinnr
914 3382 1040 3462 Grecis,
1066 3385 1238 3450 Walachie
1254 3391 1287 3449 et
1301 3385 1410 3468 Regni
1425 3385 1544 3452 Rescie

418 3490 625 3556 obtinuerant
651 3489 807 3570 grandem
833 3491 1012 3571 victoriam,
1044 3497 1076 3554 ct
1107 3491 1204 3558 terris
1236 3491 1378 3558 fidelium
1410 3494 1544 3558 nimium
1602 3519 1603 3524 ¹

418 3596 722 3680 apropinqnabant;
747 3593 960 3660 Serenitatem
971 3597 1076 3663 Tuam
1087 3599 1271 3665 cordialiter
1279 3621 1443 3684 rogamus,
1458 3602 1546 3684 quod

419 3727 477 3788 pro
495 3707 679 3768 reverencia
703 3703 767 3767 Dei
793 3711 826 3767 et
851 3703 1020 3769 Catholicc
1045 3707 1118 3771 fidei
1135 3708 1177 3772 ad
1193 3709 1405 3775 resistendum
1427 3710 1547 3774 eisdem
1601 3775 1603 3784 ¹

419 3813 558 3878 Turchis
583 3811 752 3876 brachium
778 3819 832 3876 tue
859 3814 1004 3894 potencie
1031 3835 1191 3895 apponere
1207 3836 1407 3897 procurares
1433 3817 1549 3899 Nuper

299 3999 304 4008 ι
419 3928 526 3986 surtcm
543 3918 740 3984 lacrimabili
755 3918 955 4001 expositione
982 3919 1173 3984 venerabilis
1190 3920 1304 3986 fratris
1321 3923 1425 3988 nostri
1442 3923 1550 3987 Fran·

419 4029 495 4093 cisci
512 4025 762 4109 Archiepiscopi
787 4025 1030 4108 Neopatrensis,
1054 4027 1168 4093 latoris
1184 4029 1392 4110 presenoimn,
1408 4030 1551 4113 publice·
1601 4013 1602 4040 ³

384 4173 386 4176 ·
421 4158 482 4218 quc
499 4132 810 4200 same'attestacione
827 4134 999 4200 admodum
1026 4135 1174 4200 dolenter
1190 4134 1381 4216 audivimus,
1398 4138 1490 4219 quod
1505 4141 1552 4222 ip

421 4266 527 4308 sorum
556 4241 758 4307 Turchorum
784 4247 878 4306 tauta
905 4242 998 4325 copia
1025 4242 1063 4305 de
1080 4242 1147 4306 suis
1163 4241 1281 4307 finibus
1298 4249 1347 4308 est
1362 4265 1505 4328 egressa,
1520 4255 1553 4309 et
1600 4247 1602 4306 ῗ

423 4352 565 4434 peccatis
591 4351 800 4433 exigentibus,
827 4352 889 4432 ipsi
921 4349 1043 4414 Turchi
1075 4349 1199 4413 noviter
1233 4352 1278 4414 sic
1308 4353 1554 4432 prevalucrnmt,
1600 4383 1601 4410 r

422 4459 507 4542 qnod
526 4459 696 4522 nonnullos
713 4460 849 4540 populos
866 4457 1027 4522 dictarum
1045 4459 1187 4540 partium
1203 4457 1410 4524 Christianos
1428 4459 1553 4540 profes-
1594 4437 1601 4542 ,i

421 4567 518 4650 sione,
535 4567 606 4632 licet
626 4566 785 4630 scismatis
803 4566 955 4631 scissione
966 4587 986 4628 a
997 4565 1163 4630 Catholiee
1179 4573 1211 4630 et
1229 4564 1420 4649 Apostolice
1435 4567 1553 4633 Eccle
1599 4551 1601 4568 ⁵
