3210 5252
390 303 432 362 82
743 315 982 363 orenonaoamr
998 309 1168 362 nncnnnn.

387 475 556 561 Magnifici
583 483 616 542 et
633 473 837 562 spectabiles
853 477 913 542 riri
939 477 1061 543 domini
1090 475 1350 560 Anguemannus
1366 475 1524 544 Dominus

375 585 430 651 de
449 583 635 668 Coussiaco,
660 583 780 651 Petrus
807 583 847 652 de
876 582 1098 652 Ordeomonte
1124 584 1346 652 Cancellarius
1372 586 1524 668 Francis,

392 692 506 759 Simon
522 693 562 758 de
579 693 700 760 Roussi
727 690 846 760 Comes
871 693 910 759 de
938 693 1057 775 Brena,
1085 691 1282 778 Radulphus
1297 692 1461 762 Dominus
1488 695 1525 760 de

394 800 558 867 Raineoal
583 801 726 884 Magnus
752 799 949 867 Panctarius
975 799 1125 884 Francis,
1140 801 1293 868 Burellus
1309 801 1473 868 Dominus
1489 802 1526 868 dc

393 907 533 994 Riparia
560 911 685 994 primus
716 908 956 992 Oambellanus,
987 907 1108 976 Petrus
1139 910 1269 977 Dauoir
1294 908 1458 978 Dominus
1488 911 1525 977 de

395 1015 680 1084 Castroiromondi
697 1014 938 1098 Gambellanus,
964 1015 1120 1085 Galiotus
1144 1017 1185 1083 da
1201 1015 1279 1084 Oois
1294 1025 1329 1084 ct
1346 1019 1469 1085 Petrus
1490 1019 1527 1084 de

394 1121 556 1206 Oernesel,
572 1125 698 1192 Milites
715 1131 748 1191 et
764 1124 951 1192 Consiliarii
967 1126 1107 1210 predicti
1119 1126 1240 1192 domini
1257 1127 1361 1211 Regis
1377 1127 1527 1208 Francis,

397 1255 436 1299 ac
461 1235 560 1298 etiam
577 1231 845 1301 Ambassiatores
865 1236 1080 1319 suprascripti
1096 1234 1280 1301 nominbius
1296 1236 1364 1300 suis
1379 1235 1527 1318 priuatis,

397 1340 440 1406 ad
467 1345 655 1425 requestam
680 1342 759 1407 dicti
779 1342 901 1408 domini
916 1341 1021 1428 Regis
1037 1341 1177 1408 Francia
1192 1343 1415 1426 promiserunt
1431 1348 1465 1408 et
1485 1344 1528 1406 iu·

395 1457 551 1515 recerunt
575 1451 800 1534 suprascripta
825 1452 923 1517 tactis
950 1449 1178 1517 Sacrosanctis
1204 1450 1406 1534 Euangeliis,
1422 1458 1461 1516 nt
1475 1472 1536 1516 su·-

396 1560 506 1640 perius
523 1566 572 1624 est
588 1559 717 1625 dictum.
749 1559 800 1625 De
826 1558 982 1643 predictis
1000 1581 1075 1625 vero
1092 1559 1241 1626 omnibus
1257 1565 1292 1624 et
1307 1558 1447 1644 singulis
1478 1580 1528 1624 vo·

394 1667 528 1733 luerunt
544 1675 577 1733 et
591 1669 754 1753 petierunt
769 1667 855 1734 dicte
871 1675 992 1754 partes,
1008 1673 1043 1734 et
1068 1666 1213 1752 quelibet
1239 1689 1360 1749 earum,
1386 1688 1445 1752 per
1470 1687 1526 1732 nos

396 1771 556 1840 Notarios
572 1776 823 1859 suprascriptos,
840 1775 902 1841 sibi
918 1756 988 1841 fieri
1006 1783 1038 1840 et
1053 1775 1142 1841 tradi
1157 1774 1323 1859 publicum
1338 1777 1528 1842 instrumen-

396 1887 467 1947 tum
476 1882 527 1947 rel
543 1883 675 1969 publica
690 1884 917 1966 instrumenta,
932 1883 1057 1950 scilicet
1073 1881 1146 1964 duo,
1161 1884 1235 1964 tria,
1252 1882 1302 1948 vel
1313 1885 1418 1967 plura,
1433 1889 1467 1948 ct
1483 1889 1531 1948 tot

399 1994 481 2072 quot
504 1987 627 2055 habere
655 1990 826 2070 voluerint,
852 1990 997 2057 eiusdem
1023 1996 1134 2058 tamen
1149 1991 1331 2058 substantie
1349 1996 1383 2055 et
1397 1991 1528 2056 tenoris

399 2095 508 2162 Tener
523 2117 599 2163 vero
616 2097 785 2164 literarum
802 2099 976 2182 potestatis
993 2099 1154 2166 dictorum
1169 2099 1372 2166 dominorum
1388 2096 1532 2164 Nuncio-

400 2226 481 2286 rum,
507 2202 795 2273 Ambassiatorum
811 2212 846 2272 et
863 2212 1115 2291 procuratorum
1132 2228 1207 2291 sepe
1223 2206 1303 2273 dicti
1329 2206 1452 2273 domini
1468 2205 1532 2272 Rs

401 2313 452 2395 gis
469 2313 652 2398 Hungarie,
668 2314 709 2381 de
725 2314 842 2399 quibus
852 2317 999 2400 superius
1015 2314 1053 2381 fit
1067 2317 1196 2398 mentio,
1212 2317 1359 2402 sequitur
1372 2321 1405 2380 ct
1420 2320 1472 2381 est
1487 2321 1533 2380 ta-

402 2420 461 2485 lis:
485 2420 556 2486 Nos
572 2423 756 2490 Lodovicus
771 2421 837 2490 Dei
853 2424 962 2507 gratia
986 2423 1059 2489 Rex
1075 2423 1258 2506 Hungarie,
1289 2421 1436 2504 Polonie,
1455 2420 1533 2486 Dal·

402 2531 500 2595 matie
527 2536 586 2596 etc.
611 2535 726 2598 notum
753 2528 890 2596 iacimus
905 2531 1076 2612 uniuersis,
1093 2530 1181 2614 quod
1196 2551 1256 2596 nos
1272 2528 1533 2596 confidentesad

402 2637 533 2720 plenum
550 2638 590 2704 de
606 2638 803 2706 discretione
819 2644 852 2704 et
866 2638 1027 2705 fidelitate
1043 2638 1237 2704 dilectorum
1254 2645 1288 2703 et
1302 2637 1449 2703 fidelium
1463 2657 1535 2704 nos·

404 2751 533 2810 trorum
558 2746 835 2813 Reuerendissimi
860 2749 894 2811 in
920 2743 1055 2812 Ohristo
1079 2743 1192 2812 Patris
1226 2744 1349 2810 domini
1377 2742 1535 2828 Stephani

404 2850 518 2918 eadem
544 2860 577 2919 et
593 2852 780 2937 Apostclice
798 2851 893 2919 Sedis
910 2855 1019 2938 gratia
1034 2853 1191 2937 Episcopi
1206 2852 1357 2918 Ecclesia
1373 2848 1533 2934 Zagrabi-

404 2961 499 3045 ensis,
523 2967 557 3025 et
582 2960 750 3045 blagnifici
781 2962 843 3025 viri
873 2959 996 3026 domini
1026 2957 1119 3025 Petri
1145 2959 1258 3026 Zodar
1290 2959 1399 3043 Regni
1431 2960 1535 3025 nostri

405 3065 577 3135 Sclauonie
602 3069 697 3150 Bani,
721 3089 869 3134 necnon
895 3069 1020 3135 strenui
1039 3068 1159 3134 Militis
1185 3067 1308 3134 domini
1334 3065 1479 3134 Simonis
1495 3067 1536 3133 de

405 3175 518 3258 Podio,
542 3178 631 3262 ipsos
657 3177 700 3244 ad
724 3175 987 3244 illustrissimum
1011 3176 1200 3260 Principem
1216 3174 1373 3242 carolum
1397 3175 1538 3241 Francis

406 3284 541 3368 Regem,
555 3283 693 3352 fratrem
707 3290 855 3351 nostrum
869 3283 1103 3368 charissimum,
1112 3280 1378 3352 Ambassiatcres
1395 3303 1431 3349 es
1445 3279 1539 3348 Nun·

408 3394 473 3458 cios
498 3391 742 3476 destinauimus,
760 3399 794 3458 et
813 3392 855 3459 ad
880 3392 1091 3477 infrascripta
1114 3397 1346 3476 procuratores
1372 3391 1539 3456 constitui·

408 3520 479 3567 mus
495 3506 529 3566 et
546 3497 692 3565 Nuncics
717 3498 893 3588 specialem
923 3501 1038 3566 dantes
1064 3498 1187 3565 eisdem
1201 3500 1333 3582 plenam
1349 3503 1383 3564 et
1398 3497 1536 3564 liberam

366 3641 370 3646 ¹
409 3612 602 3694 potestatem
628 3614 661 3673 et
685 3607 864 3692 principale
893 3607 1084 3674 mandatnm
1109 3606 1542 3691 tractandi,·promittcndi

409 3717 540 3784 iurandi
566 3721 600 3781 et
615 3715 721 3783 modis
738 3714 927 3783 melioribus
943 3715 1060 3800 quibus
1076 3718 1198 3801 poterit
1212 3714 1292 3797 lieri,
1306 3716 1454 3787 vallaudi
1467 3717 1538 3782 vice

409 3831 443 3891 et
468 3825 596 3892 nomine
621 3829 733 3890 nostro
759 3825 924 3908 sponsalia
951 3830 984 3890 et
1007 3826 1251 3892 matrimonium
1285 3824 1435 3890 contrahi
1462 3823 1542 3891 laci·

410 3933 529 4001 endum
546 3934 633 3998 inter
648 3930 818 3998 Illustrem
829 3932 994 3998 dominum
1010 3932 1212 3999 Lodouicum
1228 3931 1370 3998 Francis
1387 3931 1541 3998 secundo-

411 4041 556 4126 genitum
579 4039 698 4122 prefati
725 4039 908 4106 charissimi
932 4039 1045 4108 fratris
1071 4042 1184 4122 nostri,
1201 4047 1233 4106 et
1250 4039 1388 4108 alteram
1415 4039 1456 4106 de
1472 4062 1546 4108 nor·

410 4152 472 4214 tris
488 4148 626 4231 filiabus,
644 4145 858 4216 Catherinam
873 4149 1032 4230 videlicet,
1049 4148 1191 4214 Mariam
1208 4153 1241 4213 et
1256 4145 1435 4231 Aduigam,
1451 4147 1546 4216 illam

412 4258 563 4324 videlicet
588 4258 628 4322 de
657 4255 752 4322 dictis
777 4255 883 4323 tribus
900 4256 1020 4321 nostris
1036 4253 1175 4336 filiabus,
1192 4275 1254 4338 que
1269 4254 1364 4320 nobis
1380 4254 1547 4322 ridebitur

413 4371 446 4430 ct
461 4365 621 4450 placebit,
637 4385 697 4429 nec
710 4384 773 4428 non
789 4371 823 4430 et
838 4385 897 4430 nos
908 4363 1120 4448 obligandum
1137 4363 1326 4448 specialiter
1342 4367 1376 4428 et
1392 4383 1548 4448 expresse

414 4474 456 4540 ad
482 4475 552 4560 ipsa
579 4473 745 4556 sponsalia
771 4479 804 4538 et
834 4474 1077 4538 matrimonium
1109 4471 1260 4539 contrahi
1285 4470 1485 4558 iaciendum,
1517 4482 1550 4540 et
