3248 5242
605 391 699 456 1395.
1153 399 1215 463 765

81 566 315 634 Serenissimns
329 567 488 652 Princeps
500 571 648 636 dominus
665 571 867 637 Wludisluus
884 574 997 638 eadem
1015 576 1128 657 gracia
1145 577 1216 641 Rex

81 677 218 744 Polonie
235 675 476 759 Lithuanieque
494 676 652 762 Princeps
670 677 845 762 Supremus
857 687 888 745 et
900 681 1007 748 Heres
1019 682 1137 748 Russie
1155 690 1215 750 etc.

81 785 246 849 Dominus
272 789 305 847 et
329 783 434 849 frater
460 791 571 849 noster
597 787 855 868 graeiosissimus
874 789 914 853 de
932 787 998 854 Sue
1014 791 1216 873 plenitudine

80 891 271 957 Maiestatis
287 894 420 977 cupiens
437 914 495 956 nos
513 894 663 977 specialis
681 896 791 978 gracie
808 897 964 979 prosequi
980 897 1214 980 munificencia,

79 1007 115 1066 vt
137 1001 242 1067 eidem
269 999 400 1066 domino
427 1001 522 1084 Regi,
550 1008 582 1066 et
608 1002 887 1070 Excellentissime
913 1005 1060 1088 Principi
1086 1005 1215 1071 domine

79 1109 227 1194 Hedvigi
243 1110 370 1194 Regino
387 1109 457 1175 eins
474 1112 618 1176 consorti
644 1112 891 1195 preclarissime,
917 1115 1048 1199 suisque
1065 1116 1212 1196 posteris,

79 1240 120 1284 ae
136 1219 256 1302 Regno
275 1241 385 1286 eorum
413 1219 561 1298 Polonie,
588 1217 793 1303 Principatui
810 1221 987 1286 Lithuanie
1003 1242 1041 1286 ac
1056 1220 1211 1288 Dominio

78 1326 202 1391 Russie
229 1329 469 1411 perseuerantis
494 1327 681 1392 constancie
716 1328 832 1392 studiis
858 1327 1032 1394 reddamur
1057 1329 1090 1392 in
1116 1336 1213 1396 antea

78 1434 308 1518 prompeiores,
333 1441 455 1498 terrum
481 1454 570 1497 suam
590 1431 812 1499 Sereriensem
829 1457 901 1501 cum
918 1435 1066 1502 omnibus
1082 1439 1211 1522 eastris,

75 1543 257 1623 fortaliciis,
283 1541 420 1624 oppidis,
446 1540 540 1624 villis,
565 1542 695 1624 prediis,
721 1543 851 1609 allodiis
878 1565 915 1610 ac
940 1545 1013 1609 allis
1030 1546 1211 1629 appendiis,

77 1651 300 1735 pertinenciis
317 1649 540 1733 prouentibm,
566 1649 758 1732 redditibus
784 1651 1046 1734 obuencionibus,
1063 1654 1213 1720 utilitati·

76 1758 139 1823 bus
159 1759 406 1842 quibuscunque
432 1758 475 1822 ad
500 1758 620 1824 dietam
637 1765 760 1824 terram
777 1758 997 1826 Severiensem
1015 1762 1212 1845 quomodoli-

75 1867 135 1932 bet
152 1866 379 1950 spectantibus
405 1866 499 1931 nobis
524 1865 745 1933 vtifruendam
762 1874 795 1932 et
810 1867 952 1934 fideliter
967 1868 1210 1952 gubernandam

76 1975 225 2060 graciose
243 1973 387 2055 eontulit,
413 1973 456 2039 ad
483 1996 538 2040 sue
564 1975 701 2059 Regalis
718 1976 889 2041 dumtaxat
905 1976 1143 2059 beneplacitum
1159 1999 1211 2042 vo-

76 2084 225 2148 luntatis.
253 2081 323 2146 Nos
348 2082 450 2165 igitur
474 2083 658 2148 huiusmodi
675 2083 834 2148 consolati
850 2086 1072 2168 prerogatina,
1089 2084 1210 2149 dictam
1262 2113 1264 2118 ’

75 2199 203 2258 terram
221 2191 440 2258 Sereriensem
460 2210 530 2256 cum
557 2191 623 2257 suis
645 2192 841 2257 adiacenciis
857 2215 917 2277 per
932 2192 1094 2277 prefatum
1110 2192 1210 2259 domi·

73 2325 155 2368 num
172 2301 296 2385 Regem
322 2301 415 2367 nobis
441 2321 625 2367 concessam
652 2300 722 2365 fore
743 2302 862 2380 taliter,
881 2308 915 2366 vt
931 2303 1141 2387 premittitur,
1157 2325 1206 2368 re·

1 2501 2 2504 Ἴ
73 2416 318 2495 cognoscentes,
335 2409 470 2476 eandem
487 2418 609 2486 terram
637 2408 857 2476 Severiensem
877 2432 947 2476 cum
966 2413 1031 2476 suis
1047 2413 1209 2494 pertinen·

73 2518 137 2586 ciis
155 2520 304 2600 fideliter,
321 2519 391 2584 sine
408 2519 484 2583 dolo
501 2525 534 2584 et
549 2517 673 2602 fraude,
689 2518 781 2584 iuxta
797 2519 966 2585 Honorem
984 2528 1128 2586 nostrum
1139 2501 1209 2584 Du·

71 2627 178 2695 uelem
210 2636 329 2710 tenere,
370 2629 562 2711 gnbernare,
601 2629 685 2693 tueri
719 2635 752 2693 et
782 2630 966 2694 omnimode
996 2651 1056 2713 pro
1088 2631 1208 2694 nostris

71 2737 198 2803 viribus
223 2733 397 2802 defendere
423 2734 465 2800 ab
491 2733 648 2816 aduersis,
673 2735 791 2800 harum
807 2743 920 2802 tenore
937 2736 1157 2820 promittimus
1175 2743 1208 2800 et

71 2845 283 2930 spondemus,
310 2843 564 2930 pollicemurque
591 2844 727 2926 prefatis
756 2843 886 2908 domino
911 2843 1004 2926 Regi,
1030 2842 1157 2926 Regine
1174 2851 1207 2908 ct

70 2975 187 3020 eorum
219 2953 345 3038 Regno,
377 2951 584 3034 Principatui
609 2958 642 3014 et
667 2950 819 3017 Dominio
851 2953 1049 3032 memoratis,
1080 2947 1203 3016 nullam

71 3083 186 3129 eorum
204 3069 332 3147 partem
350 3059 522 3126 aduersam
540 3059 637 3124 verbo
655 3057 705 3124 vel
722 3081 830 3143 opere,
851 3060 978 3144 publice
997 3064 1054 3124 aut
1070 3059 1206 3142 occulte,

70 3195 133 3257 per
149 3191 208 3236 nos
224 3171 273 3236 vel
289 3168 500 3252 interpositas
517 3186 673 3251 personas
689 3166 810 3248 fouere,
829 3188 933 3251 neque
950 3166 1047 3232 alicui
1064 3157 1222 3232 aduerso

67 3285 216 3366 ipsorum
242 3276 329 3362 parti
354 3299 426 3342 eum
452 3282 542 3341 terra
567 3273 750 3341 Seueriensi
775 3275 923 3358 predicta
940 3275 989 3340 vel
1007 3276 1075 3340 eius
1102 3277 1202 3358 perti-

66 3388 195 3454 nenciis
221 3388 254 3451 in
280 3388 426 3471 ipsorum
454 3391 670 3468 contemptum
697 3383 874 3464 adherere,
907 3383 964 3448 sed
979 3384 1058 3466 ipsis
1075 3402 1201 3467 sempor

67 3495 194 3562 auxilio
221 3495 382 3576 assistere,
409 3495 544 3559 consilio
571 3498 603 3557 et
628 3492 750 3572 fanore,
771 3489 848 3557 dum
866 3499 898 3557 ct
914 3492 1066 3576 quociens
1082 3493 1154 3556 loca
1171 3499 1204 3556 et

65 3612 221 3688 tempora
238 3600 280 3667 ad
297 3602 359 3666 hoc
376 3599 530 3666 affuerint
549 3605 740 3683 opportuna
762 3599 891 3664 Harum
909 3604 1103 3678 nostrarum,
1121 3615 1203 3680 quas

64 3713 267 3799 appensione
295 3707 394 3795 sigilli
420 3709 523 3774 nostri
550 3707 744 3796 communiri
764 3707 897 3772 fecimus
912 3707 1099 3772 testimonio
1117 3704 1203 3770 litte·

64 3842 192 3888 rarum.
218 3820 344 3886 Actum
370 3824 402 3882 et
428 3817 540 3882 datum
567 3813 706 3884 Vislicie
732 3814 814 3880 foria
838 3821 930 3881 sexta
954 3816 1103 3897 proxima
1128 3818 1202 3897 post

63 3937 217 3996 octauam
245 3927 457 3994 Ascensionis
483 3925 614 3990 Domini
641 3947 727 3989 anno
754 3923 894 3989 eiusdem
922 3921 1066 3988 Mltos.
1083 3943 1198 4005 nonge-

64 4041 151 4104 simo
167 4038 275 4102 tertio.
