3248 5242
385 417 449 476 728
740 430 973 475 nunnunczmr
989 415 1156 473 annuens

381 595 516 659 tuerent
532 610 567 654 se
584 589 731 672 precario
748 592 876 657 nomine
892 597 926 655 et
941 610 1000 674 pro
1017 595 1113 675 parte
1128 586 1206 652 dicti
1226 588 1390 670 emptoris
1407 585 1516 669 hospi-

386 701 468 766 tium
483 698 592 782 ipsum
617 718 689 763 cum
710 697 839 782 juribus
865 705 897 765 et
922 697 1129 782 pertinentijs
1146 695 1212 760 suis
1229 693 1381 760 omnibus
1407 701 1518 759 tenere

386 814 419 874 et
434 806 609 892 possidere,
626 805 728 871 donec
743 804 876 890 hospitij
893 806 996 889 ipsius
1012 805 1248 889 possessionem
1264 823 1430 888 exponens
1446 803 1515 885 ipse

384 913 546 998 acceperit
570 912 792 996 corporalem;
815 917 913 996 prout
938 911 1000 977 hec
1024 917 1057 977 et
1083 911 1150 977 alia
1175 911 1208 978 in
1234 909 1377 994 quodam
1397 909 1519 975 instru-

384 1027 494 1088 mento
509 1020 649 1106 puplico,
659 1019 821 1104 imperialj
834 1019 950 1086 exinde
960 1018 1048 1086 facto
1059 1017 1188 1102 plenius
1198 1019 1417 1099 continentur,
1427 1023 1515 1100 post-

386 1149 485 1214 quam
500 1126 651 1213 prelatus
666 1149 828 1212 exponens
845 1129 914 1213 ipse
929 1128 1092 1210 acceperit
1117 1127 1320 1211 corporalem
1335 1127 1514 1210 possessio-

385 1257 460 1303 nem
484 1236 563 1321 dietj
590 1236 719 1320 hospitij
746 1257 819 1302 cum
840 1235 969 1322 juribus
995 1242 1028 1302 et
1047 1235 1256 1321 pertinentijs
1273 1235 1341 1300 suis
1359 1232 1519 1312 omnibus

385 1349 556 1432 ipsumque
571 1346 696 1413 locauit
711 1345 840 1432 prefato
858 1345 983 1413 Orissio
999 1347 1160 1432 venditorj
1187 1346 1334 1432 presentj
1351 1350 1386 1410 et
1401 1343 1521 1411 condu-

388 1456 472 1538 centj
489 1454 532 1520 ad
549 1455 709 1521 rationem
724 1456 765 1520 de
781 1455 910 1521 ducatis
925 1455 1043 1538 viginti
1060 1477 1119 1539 per
1139 1477 1259 1521 annum
1278 1454 1445 1520 soluendis
1461 1474 1522 1536 per

386 1563 523 1629 eundem
539 1559 698 1629 Orissium
714 1563 804 1628 dicto
821 1563 995 1647 exponentj
1013 1570 1046 1630 et
1062 1563 1128 1628 suis
1146 1560 1322 1628 heredibus
1339 1583 1428 1627 anno
1440 1581 1518 1643 quo-

386 1669 468 1738 libet
483 1671 610 1735 ratione
624 1669 789 1753 pensionis
806 1669 939 1754 hospitij
969 1670 1167 1753 supradictj3
1191 1675 1226 1735 et
1241 1669 1398 1735 similiter
1415 1668 1521 1733 eidem

390 1779 562 1862 exponentj
589 1776 696 1843 dictus
720 1774 866 1844 Orissius
890 1777 1098 1844 fideiussores
1118 1776 1210 1844 dedit
1226 1777 1267 1843 de
1282 1776 1441 1842 soluendo
1458 1777 1521 1844 sibi

388 1885 573 1970 pensionem
589 1882 749 1968 prefatam
766 1884 927 1967 predictos
953 1906 1005 1951 ser
1029 1884 1182 1950 Marcum
1199 1891 1232 1951 et
1248 1904 1301 1950 ser
1326 1881 1522 1966 Antonium,

388 1995 446 2077 qui
470 1991 676 2058 fideiussores
700 1993 735 2056 in
761 1991 902 2057 solidum
932 1992 1152 2076 promiserunt
1180 1991 1307 2058 soluere
1332 1993 1522 2074 pensionem

387 2102 494 2184 ipsam
518 2101 552 2165 in
577 2122 663 2180 casn,
689 2121 754 2183 quo
778 2099 864 2166 idem
881 2097 1023 2166 Orissius
1040 2099 1194 2166 deficeret
1209 2100 1243 2164 in
1260 2099 1427 2165 solutione
1444 2122 1522 2184 pen-

389 2209 487 2274 sionis
511 2207 675 2293 predicte;
701 2214 735 2274 et
759 2208 1033 2275 renuntiauerunt
1057 2208 1123 2292 legi
1149 2208 1190 2274 ‹ie
1214 2208 1321 2293 primo
1336 2208 1514 2292 principalj

388 2315 620 2400 conuenientia
644 2322 743 2400 prout
757 2317 818 2382 hec
843 2322 877 2382 et
901 2317 968 2383 alia
992 2317 1027 2382 in
1051 2316 1191 2401 quodam
1217 2317 1282 2380 alio
1300 2316 1521 2382 instrumento

388 2425 520 2511 puplico
544 2425 660 2491 exinde
688 2423 777 2490 facto
802 2424 929 2508 plenius
961 2425 1177 2491 continentur.
1209 2423 1337 2490 Deinde
1368 2425 1520 2490 veniente

388 2541 535 2618 tempore
551 2534 722 2600 solutionis
739 2533 902 2618 pensionis
919 2534 1067 2618 predicte
1084 2539 1116 2600 et
1133 2534 1244 2616 elapso
1258 2532 1406 2617 prefatus
1427 2555 1522 2617 expe

387 2663 466 2709 nens
483 2643 516 2707 iu
531 2641 664 2708 Jndicio
691 2648 724 2708 et
743 2648 837 2709 extra
863 2642 888 2708 J
890 2642 1031 2708 odicium
1058 2641 1232 2726 requisiuit
1246 2646 1281 2706 et
1296 2641 1422 2725 requirj
1442 2640 1522 2708 lecit

387 2750 552 2838 prefatum
580 2745 738 2818 Grissium
764 2756 797 2816 ct
823 2750 929 2816 dictos
948 2751 1017 2815 eius
1034 2749 1249 2830 fideiussores,
1265 2756 1301 2815 rt
1316 2749 1379 2816 sibi
1395 2752 1521 2834 pensio-

388 2884 461 2929 nem
478 2860 558 2944 dietj
576 2859 709 2944 hospitij
724 2861 902 2940 soluerent,
919 2865 952 2924 et
968 2859 1088 2924 dictum
1101 2858 1278 2942 hospitium
1294 2861 1365 2942 ipse
1382 2857 1524 2925 Grissius

387 2970 572 3038 exflattaret
587 2974 620 3034 et
635 2967 840 3034 exflattatum
852 2969 1036 3051 assignaret
1050 2968 1223 3052 exponentj
1237 2967 1402 3050 predict03
1419 2969 1454 3033 id
1469 2969 1518 3033 fa-

387 3101 462 3146 cere
478 3085 548 3144 tam
574 3075 681 3142 dictus
708 3075 849 3143 Orissius
874 3097 972 3160 quarn
996 3074 1116 3160 prelati
1142 3076 1210 3142 eius
1232 3075 1444 3142 fideiussores
1458 3097 1523 3141 non

387 3191 587 3255 curauerunt
603 3207 662 3250 nec
678 3189 803 3264 curant
829 3189 964 3268 propter
980 3184 1067 3268 quod
1084 3203 1247 3267 exponens
1263 3185 1334 3267 ipse
1351 3183 1522 3268 dampnifi-

388 3299 481 3360 catus
498 3293 562 3358 luit
587 3299 620 3357 et
646 3297 695 3358 est
710 3292 745 3356 in
761 3291 889 3357 ducatis
914 3291 1167 3356 millesexcentis
1184 3296 1217 3356 et
1230 3290 1317 3375 plus.
1345 3291 1394 3357 Et
1409 3291 1523 3356 uolens

388 3401 476 3468 idem
501 3421 664 3485 exponens
689 3404 803 3465 contra
829 3397 952 3464 dictum
979 3395 1139 3464 Orissium
1163 3403 1196 3462 et
1222 3399 1291 3464 eius
1310 3397 1522 3465 fideiussores

388 3509 542 3593 prosequi
555 3507 719 3592 justitiam
734 3528 836 3589 suam,
853 3507 947 3591 citarj
965 3504 1044 3571 fecit
1058 3506 1147 3590 ipsos
1163 3506 1379 3590 principalem
1396 3513 1430 3572 et
1446 3506 1525 3574 fide-

388 3618 530 3683 iussores
545 3616 580 3680 in
597 3612 700 3681 Curia
716 3613 871 3680 Ciuitatis
887 3616 912 3682 J
914 3615 992 3680 edre
1009 3634 1120 3680 coram
1130 3615 1155 3681 J
1156 3613 1305 3680 udicibus
1315 3622 1349 3679 et
1360 3614 1524 3684 Officiali-

389 3726 450 3793 bus
466 3721 725 3807 competentibus
742 3721 887 3788 eiusdem
913 3721 1081 3800 Ciuitatis,
1103 3742 1201 3806 super
1217 3723 1429 3789 restitutione
1446 3722 1524 3808 dictj

385 3833 529 3917 hospitij,
546 3830 706 3896 solutione
723 3829 810 3894 dicte
825 3829 1003 3913 pensionis,
1015 3851 1054 3895 ac
1066 3828 1291 3912 dampnorum,
1308 3829 1473 3897 interesse
1491 3839 1525 3897 et

387 3960 600 4023 expensarum
615 3937 775 4005 factarum
792 3958 851 4021 per
867 3921 990 4003 dictum
1006 3943 1228 4021 exponentem.
1248 3935 1313 4020 Qui
1330 3936 1476 4004 Orissius
1495 3945 1528 4004 et

387 4048 593 4116 fideiussores
619 4048 831 4114 circumuenti
847 4047 880 4112 in
897 4045 985 4112 dicta
1006 4043 1108 4111 Curia
1125 4045 1150 4109 J
1151 4045 1251 4111 adere
1268 4065 1327 4130 per
1344 4067 1380 4112 se
1397 4068 1456 4112 seu
1471 4069 1530 4131 per

388 4157 469 4222 alios
486 4157 630 4240 ipsorum
646 4155 776 4221 nomine
793 4162 900 4219 certas
916 4153 1053 4219 friuolae
1078 4153 1284 4236 exceptiones
1301 4161 1529 4238 opposuerunt

354 4305 355 4308 =
388 4268 503 4329 contra
518 4265 624 4346 ipsum
639 4267 871 4346 exponentem
897 4268 1080 4328 asserentes
1098 4269 1315 4346 exponentem
1331 4263 1441 4346 ipsum
1458 4283 1528 4328 esse

387 4368 541 4435 rebellem
567 4368 769 4435 Marchionis
795 4369 1104 4453 Brandeburgensis
1131 4371 1236 4436 hostis
1255 4370 1373 4454 nostrj,
1390 4375 1424 4434 et
1441 4369 1528 4453 quod

388 4477 457 4558 ipse
473 4474 692 4560 personaliter
719 4479 950 4543 interuenisset
966 4501 1030 4544 vna
1046 4501 1119 4544 cunr
1138 4479 1236 4543 certis
1252 4476 1329 4562 alijs
1345 4478 1524 4544 rebellibus

388 4582 489 4665 ipsius
506 4583 706 4651 Marchionis
724 4585 766 4652 ad
781 4585 1018 4654 disrobandum
1040 4593 1206 4654 correctas
1225 4587 1304 4652 olim
1319 4585 1524 4671 Reginarum
