3214 5250
602 389 695 478 mec.
1146 393 1208 452 sm

80 561 264 628 lectualiter
281 563 461 631 observare.
480 551 642 650 Scriptum
660 567 820 631 innostro
838 572 947 631 nostro
974 567 996 632 J
999 567 1061 631 scii
1078 566 1130 630 ‹lie
1150 565 1211 632 Vl.

79 669 223 754 Augusti
240 693 324 737 none
339 672 535 738 indictionis

450 869 453 876 Ι
616 779 747 850 Artalis
765 781 806 846 de
821 780 977 866 Alagona
992 780 1111 848 Comes
1128 782 1207 850 Mis·

509 895 612 954 trecte
628 893 661 954 et
677 888 782 971 Regni
801 887 911 955 Sicilie
927 888 1089 974 Magister
1104 890 1129 955 J
1131 891 1209 957 usti·

507 998 633 1078 tianius,
659 1003 779 1064 etune
804 998 838 1062 in
863 997 957 1062 sociis
973 997 1127 1064 Vicarius
1143 995 1207 1064 Ge-

509 1104 639 1171 neralis.

187 1215 318 1281 trent.-
350 1212 524 1280 Nobilibus
557 1221 589 1279 et
621 1213 774 1296 Egregiis
806 1212 942 1280 Rectori
967 1219 1000 1279 et
1024 1214 1210 1294 Judicibus,
1307 1192 1316 1206 ,

76 1320 224 1389 Consilio
256 1329 290 1388 et
321 1319 492 1389 Communi
517 1323 674 1389 Ciuitatis
699 1322 847 1406 Ragueii‚
873 1323 989 1390 amicis
1011 1324 1133 1389 nostris
1158 1347 1209 1390 ca·

73 1431 223 1496 rissimis.

309 1539 458 1622 Recepta
474 1539 525 1604 die
542 1537 664 1608 XVII.
681 1538 882 1624 Septembris
898 1561 918 1604 a
935 1540 1065 1605 domino
1081 1538 1209 1605 Artals.

293 1686 431 1748 (Eredetie
446 1701 463 1736 a
476 1687 549 1737 be'csi
563 1687 684 1738 cessuri
698 1689 788 1738 titkos
801 1687 994 1749 revertemur.)

608 1995 680 2058 350.

72 2153 225 2220 Moesiae
251 2155 377 2219 sicil-iai
402 2161 497 2220 voror
523 2156 714 2243 kdzedqdaelc
739 2160 876 2243 Rapum
902 2161 996 2222 vetros
1011 2159 1168 2243 batdsdpo
1186 2181 1206 2221 a

270 2265 415 2329 eirzonor
431 2266 686 2352 vdnrszobadsdg
702 2267 894 2353 to‘rpyrtbon.
920 2268 1015 2331 1386.

184 2420 258 2491 Viri
286 2424 410 2510 egregii
435 2429 468 2490 et
494 2425 590 2490 amici
607 2425 774 2492 carissimi.
799 2425 881 2492 Post
897 2426 1038 2493 votivam
1056 2427 1193 2492 salutem

71 2541 183 2602 vestre
201 2531 342 2598 amicitie
357 2531 487 2599 litteras
514 2532 607 2599 nobis
634 2541 839 2619 presentatus
855 2557 914 2620 per
931 2534 1104 2619 quemdam
1119 2527 1208 2600 nobi-

70 2645 136 2709 lem
155 2640 298 2708 Volcum
315 2641 355 2707 de
372 2641 515 2708 Babalio
542 2649 636 2726 grato
663 2644 847 2728 accepimus
864 2644 983 2722 animo,
999 2644 1208 2724 continentes,

6 2797 12 2812 .
70 2773 132 2838 per
151 2747 365 2835 Magnificum
381 2755 415 2814 et
430 2755 595 2834 potentem
620 2749 796 2822 Dominum
817 2749 982 2816 dominum
999 2750 1150 2816 Artalem
1168 2753 1208 2817 de

70 2860 233 2943 Alagona
258 2859 399 2943 Regium
425 2857 537 2924 Sicilie
563 2859 732 2930 Vicarium
754 2857 949 2925 Generalem
967 2861 1093 2925 novit-er
1109 2859 1207 2927 fuisso

69 2968 250 3054 provisum,
268 2966 356 3050 quod
373 2968 517 3033 universi
533 2975 564 3032 et
582 2968 703 3052 singuli
727 2966 875 3052 Ragnsei
891 2969 923 3033 in
936 2968 1064 3054 juribus
1086 2968 1206 3034 doana·

44 3121 50 3128 -
69 3099 147 3143 rum
165 3098 225 3160 pro
243 3075 393 3142 omnibus
418 3077 637 3142 mercimoniis
664 3098 721 3144 sen
747 3075 975 3142 mercadentiis
1000 3098 1060 3161 per
1076 3075 1205 3142 eosdem

68 3187 247 3270 Raguseos
263 3186 298 3250 in
315 3181 462 3250 Ciuitate
473 3185 628 3252 Messene
637 3193 705 3251 tom
714 3206 774 3269 per
785 3205 875 3249 mare
893 3205 991 3268 quam
1008 3205 1065 3267 per
1082 3191 1205 3250 terram

68 3319 91 3362 a
107 3295 217 3379 primo
234 3293 286 3358 die
302 3291 505 3378 Septembris
530 3295 677 3378 proxime
693 3293 806 3360 futuro
822 3293 867 3358 X.
887 3292 1075 3357 indictionis
1093 3293 1158 3358 sint
1174 3299 1207 3358 et

69 3425 144 3468 esse
164 3400 302 3467 debeant
320 3400 415 3466 liberi
432 3406 465 3465 et
480 3401 656 3482 immunes;
680 3399 854 3466 dummodo
875 3419 985 3465 omnes
1002 3401 1104 3466 vestri
1121 3399 1207 3466 Mes-

68 3529 228 3576 senenses
253 3509 351 3574 simili
375 3507 472 3575 modo
500 3514 534 3573 et
558 3507 665 3575 forme
682 3509 748 3574 sint
763 3515 795 3574 et
811 3529 880 3576 esse
897 3508 1037 3574 debeant
1061 3506 1157 3573 liberi
1174 3514 1207 3572 et

68 3619 216 3702 exempti
242 3618 275 3682 in
302 3615 445 3683 Ciuitate
470 3616 619 3702 Ragusii.
645 3615 698 3683 De
724 3639 790 3701 qua
817 3615 947 3700 quidem
974 3618 1084 3701 gratia
1110 3614 1204 3682 nobis

67 3726 205 3809 scripsit
221 3726 269 3792 vir
284 3724 402 3793 nobilis
413 3725 562 3791 Perellus
579 3726 619 3792 de
635 3725 794 3794 Peruitali
812 3726 853 3790 de
869 3724 1025 3791 Messana
1035 3724 1207 3809 Reginalis

68 3833 276 3903 Secreterius
302 3840 335 3898 et
358 3833 522 3917 Magister
542 3833 744 3899 Procurator
761 3833 848 3899 dicte
865 3829 1019 3898 OEuitntis
1036 3832 1207 3919 Messene3

67 3966 130 4010 nos
142 3944 323 4025 requirens,
334 3949 369 4007 ut
389 3980 428 3990 —-
446 3925 490 3991 έ-
506 3980 548 3989 -
567 3950 600 4007 et
610 3943 698 4010 dicto
709 3942 843 4008 Secreto
854 3943 1016 4008 denostm
1025 3942 1206 4008 intentione

67 4051 215 4118 scribere
233 4051 423 4118 deberemus
440 4073 536 4135 super
562 4051 747 4136 hujusmodi
764 4073 870 4117 causa.
896 4050 967 4116 Nos
985 4053 1084 4134 igitur
1102 4052 1206 4134 gratis

64 4159 190 4226 restris
207 4159 475 4244 requisitionibus
485 4167 673 4241 annuentes,
683 4159 716 4225 in
729 4161 846 4224 vestris
857 4165 1011 4225 contenta
1021 4158 1142 4224 litteris
1154 4180 1205 4224 ao·

8 4323 15 4335 .
66 4271 247 4353 reptamus,
263 4267 1205 4352 approbamusetconfirmamus;sicquevolumuspernos-

65 4385 142 4444 tros
154 4374 308 4442 officiales
319 4377 549 4443 inviolabiliter
559 4377 734 4444 observari.
746 4375 871 4460 Quibus
877 4377 946 4460 jam
957 4397 1107 4460 expresse
1118 4396 1207 4441 man·

66 4487 228 4569 davimnr,
240 4486 326 4570 quod
337 4507 448 4552 omnes
461 4487 685 4552 Messaneuses
702 4492 734 4551 et
750 4485 893 4569 singulos
904 4486 936 4549 in
944 4484 1073 4570 juribus
1084 4483 1205 4547 ‹loann-

68 4616 147 4661 rum
165 4599 308 4661 tractare
325 4594 464 4660 debeant
481 4600 649 4680 tamquam
672 4593 791 4662 liberos
807 4598 841 4656 et
858 4594 1015 4658 immunes
1031 4593 1062 4656 iu
1077 4591 1206 4674 juribus
