3210 5252
488 738 499 753 ⁸
612 645 665 723 a.

7 783 10 926 ἐ
94 821 144 884 xl.
166 810 304 908 Gergely
327 826 418 908 pdpa
445 843 484 886 aa
512 815 651 905 Lch'oe
676 773 819 906 magyar
835 819 868 883 ds
884 817 1006 904 leugyel
1024 817 1208 904 lcirdlyrtalr

7 931 10 1014 ff
90 930 170 1015 oppilo
185 930 311 1016 leriuga,
329 932 363 994 e's
378 929 399 991 Ι
403 928 436 993 V.
449 929 576 1014 Kdrcly
592 925 850 1010 cadszdraclcfia
868 925 1047 1012 Zsipmocd
1063 927 1133 991 ledat
1148 938 1210 992 ter-

90 1049 171 1102 aaut
199 1039 397 1124 tdzuasdpra
427 1038 521 1102 necue
554 1060 575 1100 a
606 1036 780 1121 roleccsdgi
811 1034 1004 1121 alcaddlytdl
1023 1034 1209 1121 felmecttst

554 1145 608 1210 dd.
634 1143 731 1210 1374.

184 1303 365 1389 Gregorius
390 1305 574 1390 Episcopus
591 1310 651 1369 etc.
677 1303 846 1369 carissimo
862 1302 896 1368 in
912 1300 1045 1370 Christo
1060 1299 1208 1392 filio'ssOa-

7 1415 9 1468 Ι
89 1411 149 1476 rolo
171 1411 366 1497 Imperatori
396 1411 621 1480 Romanorum
653 1409 788 1496 Semper
820 1409 973 1496 Augusto
1005 1434 1043 1478 ac
1072 1413 1207 1480 Boemie

93 1518 163 1603 Regi
176 1520 288 1602 illusri,
305 1523 442 1588 salntem
470 1525 528 1587 ctc.
544 1521 620 1588 ussi
635 1521 721 1586 inter
737 1520 822 1601 illos,
839 1521 895 1604 qui
912 1523 1208 1606 consanguinitatis

93 1625 135 1692 rel
153 1625 319 1696 affinitatis
336 1629 424 1695 linea
439 1629 576 1694 invicem
592 1635 668 1696 sunt
683 1630 827 1710 connexi,
844 1626 1021 1696 Sacrorum
1037 1628 1209 1696 (lenonum

7 1755 8 1824 j
98 1733 235 1802 instituta
258 1737 532 1804 matrimonialem
558 1736 707 1821 copulam
732 1737 947 1820 interdicant,
983 1735 1135 1803 Summus
1162 1746 1210 1804 ta·

7 1827 9 1944 f
95 1862 160 1907 men
174 1843 323 1911 Pontifex
338 1867 378 1912 ex
394 1845 597 1930 plenitudine
613 1845 796 1930 potestatis,
821 1867 919 1930 quam
937 1867 1002 1910 non
1019 1845 1061 1911 ab
1076 1845 1207 1911 homine

97 1949 217 2037 obtinet,
241 1952 300 2019 sed
326 1975 346 2018 a
376 1952 458 2036 Deo,
488 1953 696 2020 considerata
726 1951 1000 2039 personarumJet
1025 1959 1208 2037 temporum

7 2043 9 2116 ᾗ
93 2060 239 2140 qualitate
264 2061 399 2128 utiliora
423 2062 632 2146 prospiciens,
658 2083 888 2146 nonnunquam
920 2063 1068 2156 rigorem*
1095 2083 1207 2128 eorum

92 2169 337 2252 mansuetudine,
352 2170 493 2236 maxime
519 2171 608 2236 circa
623 2168 778 2237 sublimes
793 2191 952 2256 personas
968 2192 1028 2255 pro
1041 2191 1121 2255 pace
1137 2190 1209 2254 reg·

7 2263 9 2332 3
92 2275 226 2341 nantium
252 2283 414 2363 temperat
429 2284 462 2344 et
476 2277 675 2364 Regnorum,
691 2286 725 2344 et
748 2278 836 2363 quod
850 2286 951 2363 negat
965 2298 1077 2345 eorum
1094 2280 1210 2344 seven·

7 2421 11 2468 ς
92 2387 148 2465 tas,
169 2384 314 2471 indulget
328 2386 463 2470 provide
481 2385 700 2471 dispensando
718 2386 758 2452 de
773 2389 883 2471 gratia
894 2389 1034 2472 speciali.
1051 2385 1139 2454 Sane
1156 2408 1209 2469 pc·

92 2490 161 2558 titio
183 2515 241 2577 pro
268 2501 363 2580 parte
389 2495 461 2562 Tus
487 2494 700 2562 Oelsitudinis
717 2495 810 2562 nobis
825 2517 929 2580 nuper
944 2495 1090 2563 exhibita
1106 2495 1207 2561 conti·

7 2605 9 2626 ²
91 2599 189 2681 nebat,
213 2601 300 2684 quod
324 2601 368 2668 ad
393 2602 584 2687 sopiendum
609 2624 754 2687 guerras,
778 2604 966 2682 inimicitias
991 2613 1024 2670 st
1039 2605 1124 2689 odia,
1145 2624 1208 2688 que

7 2787 10 2814 Ι
90 2704 169 2772 inter
192 2713 224 2775 te
248 2715 281 2776 et
307 2711 492 2778 carissimos
507 2711 542 2777 in
558 2709 689 2778 Christo
713 2710 797 2778 filios
823 2719 952 2780 nostros
977 2713 1207 2780 Wenccslaum

89 2811 223 2898 Boemie,
247 2818 502 2903 primogenitum
528 2825 618 2886 tuum
643 2839 683 2884 ex
701 2841 776 2904 una,
791 2828 825 2886 et
840 2820 1044 2887 Ludovicum
1059 2821 1207 2905 Vngarie

89 2915 189 3006 Reges
202 2923 348 2994 illustres
363 2949 404 2994 ex
419 2927 486 2994 alia
495 2927 656 3012 partibus,
672 2928 763 3011 pacis
779 2929 903 2995 emulus
917 2930 1100 3011 suscitarit,
1117 2935 1150 2994 et
1162 2927 1206 2994 ad

7 3041 9 3118 ᾗ
89 3025 275 3098 obviandum
291 3035 420 3116 guerris
436 3041 471 3100 et
485 3033 581 3101 malis
597 3033 680 3116 aliis,
697 3056 760 3118 que
775 3035 862 3102 inter
877 3038 967 3120 ipsos
984 3035 1102 3120 Reges,
1119 3034 1209 3118 qnod

7 3131 9 3224 l
87 3145 211 3204 avertat
233 3139 406 3224 Dominus,
430 3149 564 3226 possent
589 3141 728 3210 forsitan
753 3144 903 3226 suboriri,
919 3165 978 3210 nec
994 3164 1060 3208 non
1074 3163 1134 3226 pro
1153 3142 1208 3207 de·

7 3227 9 3274 l
86 3241 223 3313 lensicne
239 3255 272 3314 et
288 3249 488 3316 exaltatione
504 3250 580 3315 fidei
597 3247 776 3333 Catholice,
792 3272 852 3336 pro
868 3259 926 3319 tua
942 3257 975 3318 et
988 3251 1091 3338 ipsius
1106 3249 1210 3334 Regis

7 3411 9 3448 ἱ
88 3349 232 3437 l'ngarie
247 3363 344 3440 parte
360 3363 541 3424 tractatum
562 3359 680 3440 extitit,
697 3366 730 3428 et
745 3360 844 3426 stiam
861 3359 1104 3442 concordatum,
1121 3358 1210 3442 quod

7 3521 8 3550 ἶ
87 3459 168 3527 inter
195 3463 351 3532 dilectum
377 3467 479 3532 filium
504 3467 647 3533 nobilem
663 3465 780 3549 virum'j
790 3467 1030 3551 sigismundum
1058 3467 1211 3535 secundo·

7 3595 10 3674 p
85 3570 228 3648 genitum
243 3575 346 3655 tuum,
362 3579 396 3640 et
410 3593 506 3639 unam
525 3595 564 3639 ex
580 3574 712 3641 filiabus
722 3575 801 3641 dicti
816 3575 919 3660 Regis
935 3577 1084 3662 Vngarie
1099 3577 1212 3642 matri·

7 3679 10 3752 l
84 3677 224 3743 monium
249 3679 473 3746 contrahatur.
500 3681 546 3746 Et
571 3683 636 3747 iam
661 3683 827 3766 intereos
852 3703 911 3767 per
927 3681 1028 3750 verba
1043 3683 1084 3749 de
1100 3681 1211 3749 futuro

7 3753 10 3818 l

7 3877 9 3948 l

7 3825 9 3872 g
84 3785 244 3867 nomana
270 3794 347 3852 sunt
372 3794 540 3868 cotracta;
563 3789 620 3854 ssd
644 3791 722 3872 quia
747 3789 826 3856 dicti
852 3789 1065 3874 Sigimundus
1093 3796 1128 3854 et
1142 3789 1210 3855 filia

83 3899 197 3974 quarto
224 3895 519 3979 consanguinitatis
552 3894 659 3978 gradu
684 3897 821 3964 invicem
847 3919 881 3963 se
906 3899 1082 3984 attingunt,
1098 3897 1211 3962 matri·

7 3997 9 4074 Ξ
83 4001 224 4068 monium
248 4002 436 4070 huiusmodi
461 4002 652 4070 contrahere
668 4011 843 4087 nequeunt,
860 4005 1100 4092 dispensatione
1117 4025 1213 4089 super

7 4137 9 4152 ν
82 4107 348 4195 hocApostclics
359 4133 425 4178 non
440 4112 583 4178 obtenta.
594 4110 706 4196 Quare
716 4135 777 4197 pro
787 4120 882 4197 parte
892 4121 950 4181 tua
965 4113 1029 4180 fuit
1043 4113 1138 4179 nobis
1154 4112 1213 4177 hu·

7 4277 11 4310 ,
83 4217 204 4286 militer
221 4219 453 4304 supplicatum,
468 4226 506 4286 ut
519 4219 691 4305 providere
707 4243 804 4306 super
819 4221 883 4289 hoc
898 4223 939 4288 ds
955 4227 1136 4305 opportune
1152 4219 1216 4285 dis·

7 4313 10 4412 l
88 4327 287 4409 pausationis
303 4329 415 4414 gratia
425 4329 644 4412 dignaremur.
662 4329 734 4396 Nos
749 4331 860 4414 igitur,
877 4333 934 4415 qui
950 4329 1074 4395 cunctis
1091 4325 1216 4392 Christi

7 4417 10 4528 l

88 4432 239 4503 fidelibus
257 4438 379 4522 quietis
389 4438 524 4521 etpscis
534 4437 934 4524 commodaprocuramus;
950 4439 1096 4504 volentes
1106 4436 1216 4502 huius-

7 4529 12 4660 Ι
85 4543 168 4610 modi
184 4546 329 4630 guerris,
345 4545 526 4611 inimicitiis
543 4551 576 4610 et
593 4546 684 4628 odiis,
695 4555 854 4632 quantum
864 4568 936 4612 cnm
946 4545 1019 4613 Deo
1035 4565 1216 4630 possumus,

7 4885 42 5246 l

126 4681 189 4719 ror.
206 4681 292 4719 unse.
308 4680 379 4718 arar.
396 4688 440 4702 -
455 4680 524 4718 acra
538 4681 598 4718 nxr.
614 4682 653 4718 ιιι.
1090 4659 1106 4720 7
