3214 5250
408 385 474 444 ele
767 399 999 446 ninioimcziir
1017 388 1185 444 sisimirus.

409 560 589 625 doauarum
599 559 770 644 predictis;
787 559 896 642 sicque
907 559 1037 644 placeat
1046 561 1162 625 vestris
1173 558 1332 626 mandare
1342 559 1530 640 officialibus

410 672 446 731 ut
463 687 573 733 omnes
588 673 620 732 ct
637 667 781 751 singulos
797 667 971 752 Raguseos
997 668 1160 733 versavice
1175 668 1210 732 iii
1227 668 1390 734 similibus
1405 667 1531 732 debcant

410 783 626 858 pertractare.
644 775 824 842 Scribimus
849 796 909 841 nec
934 797 998 840 non
1015 777 1048 840 iii
1065 776 1165 856 simili
1179 776 1286 842 iornie
1304 774 1437 844 Secreto
1450 776 1532 860 juxta

409 889 593 948 vestrarum
620 885 853 950 continentiam
878 883 1072 967 litterarum,
1087 889 1121 949 et
1136 883 1179 948 ad
1194 884 1419 967 predictorum
1434 891 1529 948 ceute·

408 993 475 1057 lani
492 997 659 1074 presentes
676 991 804 1057 litteras
821 991 917 1057 scribi
933 992 1089 1076 jussimus
1104 997 1206 1074 atque
1221 994 1407 1076 registrari,
1422 997 1456 1056 ct
1469 1009 1532 1054 nos

411 1101 453 1164 tri
481 1099 669 1166 Communis
694 1098 795 1183 sigilli
821 1098 908 1164 soliti
935 1098 1076 1182 desuper
1107 1100 1299 1166 communiri
1331 1099 1533 1184 impressione

412 1213 534 1274 notata
556 1207 681 1272 Datum
707 1205 846 1291 Rugusii
865 1205 917 1271 die
934 1205 1073 1272 XVIII.
1091 1207 1209 1274 mensis
1226 1206 1433 1292 Septembris
1448 1203 1535 1270 indic-

410 1315 499 1380 tione
514 1335 610 1378 nona.
628 1312 679 1379 De
695 1312 812 1380 barum
839 1319 947 1379 autem
973 1313 1157 1398 receptione
1182 1335 1241 1399 per
1257 1335 1314 1380 vos
1330 1313 1463 1399 placeat
1486 1335 1535 1378 nos
1592 1343 1594 1402 i

411 1424 529 1489 vestris
545 1423 670 1490 litteris
687 1422 823 1490 reddere
840 1422 1005 1489 certiores
1593 1481 1594 1492 .

951 1529 1075 1596 Rector
1104 1529 1282 1598 Consilium
1309 1537 1342 1597 et
1368 1529 1536 1597 Commune
1592 1507 1595 1562 '¹

847 1637 1002 1706 Ciuitatis
1028 1639 1242 1722 Rugusiensis
1262 1639 1304 1704 ad
1322 1645 1443 1712 cuncta
1457 1639 1538 1705 robis

843 1753 941 1840 grata
956 1748 1074 1830 parati.

521 1857 623 1922 Ki‘m'tt
640 1845 824 1940 :Egregiis
840 1863 875 1921 et
889 1855 1133 1940 circumspectis
1159 1856 1238 1921 viris
1260 1855 1399 1924 dominis
1416 1855 1443 1922 J
1445 1855 1538 1921 urstis

412 1985 452 2028 ac
469 1961 683 2030 Universitati
709 1963 841 2030 Nobilis
858 1962 1013 2029 Ciuitatis
1029 1962 1192 2045 Messene,
1207 1965 1323 2030 amicis
1340 1971 1374 2032 et
1388 1965 1539 2031 fratribus

413 2091 598 2137 carissimis.

568 2215 685 2276 (Hiteles
697 2217 818 2267 mtsclat
832 2233 847 2267 a
863 2216 936 2268 beeri
949 2216 1069 2268 csaszeri
1083 2216 1172 2267 titkos
1187 2215 1384 2278 leveltflrban.)

941 2523 1015 2586 351.

413 2687 442 2750 A
460 2684 610 2750 veleaczei'
625 2683 906 2770 kdztc'rrasdpnak
924 2685 1099 2771 Zripmoad
1125 2686 1371 2774 brandenburps'
1387 2685 1502 2772 drys-df
1513 2687 1539 2748 ἐι

682 2795 941 2880 illaquamrszrtg
966 2794 1161 2880 kapitdnyn.
1180 2795 1277 2860 1386.

629 2951 857 3039 Sigismundus
874 2953 917 3020 ad
933 2953 1059 3019 Ducale
1076 2952 1276 3024 Dominium.

520 3062 637 3127 Inclite
654 3061 830 3146 Magnifice
847 3061 1005 3146 Princeps
1022 3061 1115 3128 nobis
1130 3063 1345 3146 singulariter
1371 3065 1540 3150 diligende.

413 3171 658 3256 Magnificentie
675 3169 804 3252 Vestre,
815 3192 873 3236 nec
888 3192 952 3237 non
970 3168 1206 3237 Communitati
1223 3168 1380 3238 Civitatis
1397 3173 1541 3257 nuperde
1597 3227 1598 3230 ,

412 3301 521 3347 mense
536 3279 630 3346 Junii
647 3285 825 3362 transact0,
839 3285 877 3344 ut
892 3277 1101 3360 arbitramur,
1120 3279 1291 3346 recolimus
1307 3279 1537 3348 Serenissimas

414 3389 560 3456 dominas
587 3387 739 3471 Reginus,
756 3386 832 3452 dum
848 3387 943 3454 Bude
971 3387 1108 3452 fuissent
1133 3390 1320 3470 constitute,
1348 3411 1409 3473 per
1435 3409 1539 3454 earnm

412 3499 540 3563 litteras
556 3496 648 3561 vobis
665 3494 875 3580 significasse,
892 3500 1053 3578 quatenus
1070 3502 1196 3578 septem
1213 3495 1313 3561 millia
1332 3494 1536 3576 florenorum,

413 3627 476 3688 que
488 3607 557 3692 jam
574 3603 613 3669 de
629 3625 739 3670 mense
756 3602 900 3688 Augusti
917 3604 1061 3687 proxime
1088 3609 1254 3670 retroacto
1282 3603 1326 3670 ad
1351 3604 1537 3689 sopiendum

411 3735 601 3796 guerrarum
617 3712 788 3794 disturbie,
804 3718 837 3776 et
854 3733 893 3776 ex
909 3714 1120 3778 conventione
1141 3713 1230 3796 pacis
1250 3711 1388 3794 prefatis
1399 3711 1540 3778 domina·

412 3824 472 3888 bus
488 3821 625 3906 Reginis
642 3821 768 3886 solvere
784 3820 993 3903 tenebamini,
1010 3821 1172 3886 Mauritio
1189 3819 1285 3885 Pauli
1303 3819 1343 3885 de
1369 3821 1537 3887 Florentia

412 3930 584 3995 mercatori
601 3927 757 4010 Eudemi,
774 3927 831 4010 qui
848 3949 908 4011 pro
924 3928 1006 4010 ipsis
1023 3934 1148 4011 septem
1164 3927 1253 3993 mille
1272 3927 1408 3994 florenis
1423 3929 1539 3995 eisdem

412 4037 606 4104 dominabus
622 4037 759 4121 Reginis
776 4037 883 4102 omnio
900 4035 1070 4118 satisfecit,
1097 4043 1156 4102 aut
1181 4036 1302 4102 ibidem
1328 4037 1538 4104 commoranti

414 4150 482 4212 eius
498 4148 627 4213 nomine
643 4145 823 4231 recipienti,
839 4152 938 4229 prout
953 4147 988 4210 in
1006 4145 1126 4212 litteris
1142 4143 1323 4227 Regalibus
1342 4145 1436 4211 iobis
1463 4147 1536 4212 exti-

413 4257 455 4322 tit
470 4255 681 4334 declaratnm,
699 4255 823 4320 solvere
840 4253 1014 4319 deberetis.
1031 4254 1078 4319 Et
1088 4254 1166 4336 quis
1182 4251 1374 4335 audivimus,
1391 4253 1481 4336 quod
1496 4253 1542 4319 bic

413 4370 489 4429 sunt
504 4363 608 4444 multi,
624 4363 679 4446 qui
698 4361 836 4427 diversis
852 4361 957 4426 modis
974 4361 1037 4427 sibi
1053 4361 1157 4427 dictos
1168 4367 1291 4444 septem
1302 4361 1392 4429 mille
1406 4361 1541 4427 florenos

413 4495 434 4536 a
450 4473 541 4538 vobis
558 4471 637 4538 solvi
654 4477 845 4556 procurant,
862 4470 1103 4535 Excellentiam
1120 4469 1273 4536 Vestram
1299 4477 1334 4533 et
1360 4469 1541 4536 Communi·

413 4589 514 4646 tatem
531 4588 753 4666 procamiet
771 4579 952 4664 hortamur,
969 4586 1004 4643 iit
1031 4579 1135 4646 dirtos
1159 4577 1303 4645 florenos
1328 4579 1449 4646 nemini
1476 4598 1537 4666 per·
1597 4611 1598 4616 .
