3226 5254
615 359 708 420 leco.
1158 359 1221 422 399

12 601 13 604 ,
100 537 330 618 quietationem
347 519 378 601 et
395 556 508 618 pacem
525 533 566 598 de
583 535 720 599 ulterius
739 534 864 617 aliquid
881 536 914 600 in
940 544 1131 620 perpetuum
1158 562 1222 605 non

102 644 249 727 petendo,
265 651 299 708 et
315 645 354 709 de
372 643 468 708 dictis
485 643 597 707 decern
613 641 743 706 milibus
758 641 953 709 florenorum
979 646 1048 709 auri
1066 649 1174 712 omnis
1192 654 1225 713 et

12 749 14 752 ’
102 751 229 836 singula
245 751 405 832 facienda,
430 750 610 816 exercenda
626 757 658 814 et
674 750 889 834 procuranda,
912 774 974 835 que
991 753 1060 835 ipse
1077 752 1226 820 dominns

12 873 14 900 2
100 859 268 925 Baldaxar
285 859 391 926 facere
407 865 527 942 posset,
543 858 570 922 si
584 877 718 941 presens
733 866 834 938 esset3
851 861 927 925 item
939 857 983 924 ad
992 860 1223 928 conficiendum

100 977 129 1033 et
144 968 260 1034 confici
277 977 310 1035 et
327 969 439 1052 rogari
455 965 624 1032 videndum
652 972 685 1032 et
700 965 881 1032 laciendum
899 971 932 1032 in
958 969 1113 1052 predictis
1130 978 1163 1035 et
1178 969 1225 1033 in-

99 1074 290 1162 frascriptis
307 1084 340 1143 et
356 1078 443 1143 circa
459 1072 607 1158 predicta
617 1083 649 1140 et
660 1072 879 1159 infrascripta,
890 1083 922 1139 et
933 1076 1101 1158 quodlibet
1117 1084 1150 1143 et
1167 1099 1223 1142 seu

12 1247 13 1252 ,
98 1183 236 1250 alterum
263 1185 484 1268 predictorum
501 1190 533 1247 et
557 1181 839 1266 infrascriptomm
863 1184 1095 1250 instumentum
1121 1191 1154 1250 et
1178 1187 1225 1248 in·

12 1281 14 1388 ἶ
99 1299 271 1376 stomenta,
287 1315 385 1358 unum
403 1298 436 1357 ct
452 1313 508 1357 seu
527 1292 630 1375 plura,
656 1290 804 1355 omnibus
829 1298 861 1356 et
888 1291 1023 1375 singulis
1048 1293 1225 1372 tenoribus,

12 1429 14 1504 3
98 1401 262 1482 clausulis,
279 1401 432 1485 capitulis
448 1407 482 1465 et
498 1398 633 1465 cautelis
648 1405 681 1463 et
700 1399 982 1481 solempnitatibus
1006 1401 1040 1464 in
1067 1401 1225 1466 similibus

12 1535 14 1576 ;
99 1510 323 1578 contractibus
341 1509 513 1590 consuetis,
529 1515 563 1575 et
578 1507 726 1574 omnibus
751 1508 834 1590 aliis,
858 1516 957 1592 prout
984 1509 1024 1574 de
1048 1510 1151 1593 ipsius
1170 1509 1226 1574 do·

12 1675 14 1684 .
98 1623 174 1686 mini
193 1621 343 1687 Leonelli
358 1620 463 1687 libera
478 1619 676 1704 processerit
692 1617 865 1682 voluntate.
890 1619 983 1684 Dans
1000 1625 1031 1684 et
1047 1619 1225 1686 concedens

12 1741 14 1814 J
97 1729 205 1794 dictus
223 1728 371 1795 dominus
386 1727 554 1794 Baldaxar
570 1727 769 1792 constituens
796 1725 961 1808 predictus
979 1727 1067 1792 dicto
1093 1727 1224 1792 domino

12 1841 14 1910 Ξ
97 1835 253 1902 Leonello
270 1836 476 1920 procuratori
493 1835 642 1919 predicto
668 1835 701 1897 in
726 1832 882 1917 predictis
907 1839 939 1898 et
964 1835 1051 1898 circa
1075 1834 1224 1917 predicta

12 1943 14 2020 l
97 1951 129 2009 et
144 1942 317 2028 quodlibet
342 1943 566 2027 predictorum
591 1941 724 2025 plenum
747 1941 890 2008 leberum
908 1947 942 2006 et
957 1941 1110 2025 generale
1137 1963 1226 2006 man-

97 2051 221 2134 datum,
238 2073 310 2117 cum
335 2051 442 2136 plena,
467 2049 573 2116 libera
598 2055 632 2114 et
656 2048 802 2132 generali
827 2049 1118 2114 administratione.
1144 2049 1226 2113 Pro·

96 2161 236 2226 mictcns
252 2165 284 2224 et
299 2161 493 2225 conveniens
522 2158 628 2223 dictus
648 2157 795 2222 dominus
825 2155 994 2221 Baldaxar
1018 2159 1224 2222 constituens

12 2289 16 2314 r
96 2269 256 2350 predictis
272 2270 370 2335 michi
387 2267 521 2335 Ristoro
537 2268 678 2336 Notario
694 2265 904 2349 infrascripto
932 2268 1103 2351 stipulanti
1130 2273 1161 2332 et
1178 2289 1227 2331 re·

12 2371 14 2394 ³
96 2376 231 2459 cipieuti
248 2397 308 2459 pro
325 2373 498 2440 Communi
523 2373 700 2455 Florentie,
726 2380 759 2438 et
774 2395 834 2457 pro
860 2373 1008 2440 omnibus
1034 2381 1066 2439 et
1092 2375 1228 2458 singulis

12 2461 14 2574 ζ
97 2505 239 2567 quorum
255 2485 392 2548 interest
408 2489 466 2548 aut
483 2483 637 2547 interesse
664 2480 910 2563 quomodolibet
934 2487 1053 2565 posset,
1071 2504 1104 2550 se
1120 2484 1227 2566 ipsum

96 2591 265 2656 dominum
282 2588 505 2655 Baldaxarem
522 2588 648 2653 firmum
665 2593 698 2652 et
713 2592 820 2652 ratum
847 2588 1035 2654 habiturum
1063 2595 1095 2655 et
1121 2589 1229 2656 obser·

12 2703 14 2762 3
95 2706 248 2765 naturum
274 2716 367 2762 omne
392 2696 426 2762 id
449 2704 565 2780 totum,
591 2703 624 2761 et
650 2697 802 2780 quicquid
828 2719 886 2781 per
912 2696 1034 2763 dictum
1061 2698 1224 2765 dominum

12 2793 19 2872 i
96 2807 290 2873 Leonellum
306 2812 552 2891 procuratorem
571 2806 752 2889 predictum
776 2806 810 2870 in
824 2804 981 2889 predictis
998 2815 1030 2872 et
1046 2809 1133 2872 circa
1159 2829 1219 2891 pre

12 2901 14 2976 ἶ
96 2916 196 2995 dicta,
215 2924 249 2981 et
265 2914 435 2997 quodlibet
456 2935 513 2980 seu
539 2913 679 2980 alterum
704 2914 928 2997 predictorum
953 2921 1071 2996 actum,
1095 2915 1228 2994 factum,

12 3023 14 3034 ’
96 3031 227 3108 gestum
245 3045 301 3089 seu
327 3029 538 3107 procuratum
564 3022 672 3103 inerit,
698 3022 757 3087 sub
783 3023 946 3107 ypotecba
971 3030 1003 3087 et
1029 3022 1228 3107 obligatione

12 3127 42 3208 ζ’
96 3133 200 3216 ipsius
218 3131 340 3196 domini
368 3131 573 3209 Bardaxaris,
600 3132 667 3195 eius
683 3130 846 3210 heredum,
873 3137 906 3194 et
930 3131 1071 3196 omnium
1097 3151 1229 3195 suorum

12 3251 14 3324 ξ
94 3240 259 3308 bonorum
276 3243 475 3325 presentium
491 3246 525 3304 et
539 3239 732 3305 futurorum.
758 3237 874 3305 Voluit
890 3241 989 3304 etiam
1006 3239 1112 3305 dictus
1129 3239 1229 3303 domi-

12 3399 13 3404 1
98 3371 160 3415 nus
176 3349 363 3429 Baldaxar,
379 3368 511 3432 presens
528 3348 717 3412 mandatum
735 3351 768 3412 et
782 3349 1046 3430 procuratorium
1063 3347 1182 3412 durare
1199 3352 1232 3410 et

12 3455 13 3458 ’
96 3459 181 3523 vires
197 3456 320 3522 habere
337 3457 437 3522 etiam
454 3461 681 3539 postmortem
698 3454 776 3519 dicti
793 3454 915 3520 domini
926 3455 1132 3538 Baldaxaris,
1144 3462 1177 3519 et
1194 3454 1228 3518 iu

12 3585 13 3590 ’
95 3566 200 3650 ipsius
218 3563 343 3629 domini
359 3561 557 3628 Baldaxaris
583 3561 721 3628 heredes
745 3564 895 3644 transire,
921 3571 954 3629 et
969 3587 1028 3648 per
1052 3564 1154 3648 ipsius
1174 3561 1229 3628 do·

96 3674 175 3738 mini
192 3671 392 3738 Baldaxaris
409 3677 548 3737 mortem
565 3693 629 3737 non
647 3672 781 3755 spirare.
798 3670 871 3738 Nec
896 3695 960 3739 non
978 3675 1078 3739 etiam
1094 3671 1227 3755 stipula·

97 3782 188 3845 tione
206 3779 367 3863 solempni
384 3779 536 3863 promisit
552 3786 585 3843 et
602 3779 752 3846 convenit
775 3779 880 3845 dictus
897 3781 1046 3846 dominus
1062 3778 1230 3844 Baldaxar

96 3887 184 3953 dicto
202 3887 334 3952 domino
351 3886 507 3954 Leonello
523 3889 676 3971 presenti,
692 3887 862 3970 recipienti
882 3893 915 3952 et
932 3887 1103 3972 stipulanti
1118 3908 1179 3971 pro
1196 3907 1229 3949 se

97 4002 130 4060 et
145 3996 213 4063 suis
230 3995 421 4076 heredibus,
437 4017 498 4061 nec
515 4016 579 4061 non
596 3997 697 4061 etium
713 3994 793 4060 mibi
809 3995 945 4063 Ristoro
963 3995 1103 4062 Notario
1129 3995 1229 4060 inira-

96 4105 221 4189 scripto
237 4105 407 4188 recipienti
424 4111 457 4170 et
473 4104 654 4188 stipulanti,
664 4110 700 4169 ut
712 4125 811 4188 supra
823 4103 944 4168 dictum
962 4109 1020 4186 est,
1037 4105 1156 4169 dictum
1176 4102 1230 4167 do·

95 4214 220 4277 minum
237 4210 426 4277 Leonellum
446 4235 464 4277 a
481 4214 625 4295 presenti
643 4211 801 4277 mandato
815 4219 848 4276 et
865 4212 1102 4295 procuratione,
1119 4217 1152 4276 et
1169 4229 1226 4276 seu

98 4319 299 4385 acontentis
317 4320 349 4383 in
366 4337 404 4384 co
430 4341 495 4386 non
521 4339 682 4398 revocare,
708 4340 766 4383 nec
791 4318 893 4384 alium
917 4324 1161 4402 procuratorem
1187 4317 1230 4382 ad

98 4428 249 4511 predicta
265 4427 373 4494 facere
391 4451 447 4496 sen
464 4429 670 4514 constituere,
696 4451 754 4494 nec
781 4428 906 4513 aliquid
931 4429 1021 4496 aliud
1047 4427 1153 4494 facere
1181 4427 1230 4492 rel

97 4557 261 4618 exercerc,
278 4543 413 4620 propter
437 4539 522 4622 quod
551 4559 682 4621 presens
697 4537 888 4604 mandatum
905 4543 937 4602 et
954 4543 1108 4603 contenta
1133 4538 1166 4602 in
1193 4555 1230 4602 eo
