<?xml version="1.0" encoding="UTF-8"?>
<!DOCTYPE html PUBLIC "-//W3C//DTD XHTML 1.0 Transitional//EN"
    "http://www.w3.org/TR/xhtml1/DTD/xhtml1-transitional.dtd">
<html xmlns="http://www.w3.org/1999/xhtml" xml:lang="en" lang="en">
 <head>
  <title>
</title>
<meta http-equiv="Content-Type" content="text/html;charset=utf-8" />
  <meta name='ocr-system' content='tesseract 3.04.00' />
  <meta name='ocr-capabilities' content='ocr_page ocr_carea ocr_par ocr_line ocrx_word'/>
</head>
<body>
  <div class='ocr_page' id='page_1' title='image "./magyardiplomacz00wenzgoog_0041.png"; bbox 0 0 3226 5258; ppageno 0'>
   <div class='ocr_carea' id='block_1_1' title="bbox 589 376 1200 439">
    <p class='ocr_par' dir='ltr' id='par_1_1' title="bbox 589 376 1200 439">
     <span class='ocr_line' id='line_1_1' title="bbox 589 376 1200 439; baseline 0.003 -2"><span class='ocrx_word' id='word_1_1' title='bbox 589 376 682 439; x_wconf 86' lang='grc'><strong>1371.</strong></span> <span class='ocrx_word' id='word_1_2' title='bbox 1181 377 1200 439; x_wconf 82' lang='lat'>5</span> 
     </span>
    </p>
   </div>
   <div class='ocr_carea' id='block_1_2' title="bbox 3 545 1201 2148">
    <p class='ocr_par' dir='ltr' id='par_1_2' title="bbox 3 545 1201 855">
     <span class='ocr_line' id='line_1_2' title="bbox 3 545 1199 636; baseline 0.004 -20"><span class='ocrx_word' id='word_1_3' title='bbox 3 587 4 606; x_wconf 56' lang='grc' dir='ltr'>ι</span> <span class='ocrx_word' id='word_1_4' title='bbox 77 545 262 635; x_wconf 69' lang='lat' dir='ltr'>Apostolice</span> <span class='ocrx_word' id='word_1_5' title='bbox 274 549 371 618; x_wconf 83' lang='lat' dir='ltr'>Sedis</span> <span class='ocrx_word' id='word_1_6' title='bbox 387 553 571 618; x_wconf 82' lang='lat' dir='ltr'>reverentia</span> <span class='ocrx_word' id='word_1_7' title='bbox 587 553 628 618; x_wconf 89' lang='lat' dir='ltr'>de</span> <span class='ocrx_word' id='word_1_8' title='bbox 644 552 827 620; x_wconf 86' lang='lat' dir='ltr'>huiusmodi</span> <span class='ocrx_word' id='word_1_9' title='bbox 842 554 1056 636; x_wconf 84' lang='lat' dir='ltr'><strong>pecuniarum</strong></span> <span class='ocrx_word' id='word_1_10' title='bbox 1066 557 1199 622; x_wconf 91' lang='lat' dir='ltr'>summis</span> 
     </span>
     <span class='ocr_line' id='line_1_3' title="bbox 76 658 1201 743; baseline 0.004 -17"><span class='ocrx_word' id='word_1_11' title='bbox 76 658 192 743; x_wconf 81' lang='lat' dir='ltr'>prefato</span> <span class='ocrx_word' id='word_1_12' title='bbox 219 658 353 726; x_wconf 88' lang='lat' dir='ltr'>Nuncio</span> <span class='ocrx_word' id='word_1_13' title='bbox 369 660 518 743; x_wconf 79' lang='lat' dir='ltr'>predicte</span> <span class='ocrx_word' id='word_1_14' title='bbox 538 660 677 728; x_wconf 79' lang='lat' dir='ltr'>(lamere</span> <span class='ocrx_word' id='word_1_15' title='bbox 694 661 846 728; x_wconf 84' lang='lat' dir='ltr'>satisfieri</span> <span class='ocrx_word' id='word_1_16' title='bbox 861 661 981 742; x_wconf 88' lang='lat' dir='ltr'>facias;</span> <span class='ocrx_word' id='word_1_17' title='bbox 996 668 1030 727; x_wconf 87' lang='lat' dir='ltr'>et</span> <span class='ocrx_word' id='word_1_18' title='bbox 1046 667 1144 729; x_wconf 84' lang='lat' dir='ltr'>ctiam</span> <span class='ocrx_word' id='word_1_19' title='bbox 1160 663 1201 731; x_wconf 87' lang='lat' dir='ltr'>de</span> 
     </span>
     <span class='ocr_line' id='line_1_4' title="bbox 76 768 1197 855; baseline 0.004 -21"><span class='ocrx_word' id='word_1_20' title='bbox 76 768 418 852; x_wconf 86' lang='lat' dir='ltr'>quadragintamarcis</span> <span class='ocrx_word' id='word_1_21' title='bbox 429 790 616 854; x_wconf 87' lang='lat' dir='ltr'>grossorum</span> <span class='ocrx_word' id='word_1_22' title='bbox 633 770 900 853; x_wconf 90' lang='lat' dir='ltr'>Bohemicalium,</span> <span class='ocrx_word' id='word_1_23' title='bbox 915 791 976 854; x_wconf 94' lang='lat' dir='ltr'>pro</span> <span class='ocrx_word' id='word_1_24' title='bbox 986 771 1104 854; x_wconf 90' lang='lat' dir='ltr'>quibus</span> <span class='ocrx_word' id='word_1_25' title='bbox 1120 795 1197 855; x_wconf 90' lang='lat' dir='ltr'>que·</span> 
     </span>
    </p>

    <p class='ocr_par' dir='ltr' id='par_1_3' title="bbox 3 876 1198 1177">
     <span class='ocr_line' id='line_1_5' title="bbox 3 876 1198 963; baseline 0.005 -23"><span class='ocrx_word' id='word_1_26' title='bbox 3 897 5 924; x_wconf 77' lang='lat'><em>³</em></span> <span class='ocrx_word' id='word_1_27' title='bbox 76 877 137 943; x_wconf 84' lang='lat' dir='ltr'>dam</span> <span class='ocrx_word' id='word_1_28' title='bbox 149 877 270 942; x_wconf 90' lang='lat' dir='ltr'>domus</span> <span class='ocrx_word' id='word_1_29' title='bbox 283 877 389 943; x_wconf 91' lang='lat' dir='ltr'>eidem</span> <span class='ocrx_word' id='word_1_30' title='bbox 400 876 542 944; x_wconf 82' lang='lat' dir='ltr'>Camere</span> <span class='ocrx_word' id='word_1_31' title='bbox 550 878 728 944; x_wconf 77' lang='lat' dir='ltr'>efficaciter</span> <span class='ocrx_word' id='word_1_32' title='bbox 739 886 788 944; x_wconf 89' lang='lat' dir='ltr'>est</span> <span class='ocrx_word' id='word_1_33' title='bbox 798 879 954 963; x_wconf 86' lang='lat' dir='ltr'>obligata,</span> <span class='ocrx_word' id='word_1_34' title='bbox 964 885 1065 962; x_wconf 91' lang='lat' dir='ltr'>prout</span> <span class='ocrx_word' id='word_1_35' title='bbox 1075 901 1134 963; x_wconf 88' lang='lat' dir='ltr'>per</span> <span class='ocrx_word' id='word_1_36' title='bbox 1150 882 1198 946; x_wconf 89' lang='lat' dir='ltr'>in·</span> 
     </span>
     <span class='ocr_line' id='line_1_6' title="bbox 76 985 1198 1071; baseline 0.004 -21"><span class='ocrx_word' id='word_1_37' title='bbox 76 991 250 1052; x_wconf 84' lang='lat' dir='ltr'>strumenta</span> <span class='ocrx_word' id='word_1_38' title='bbox 265 986 400 1070; x_wconf 86' lang='lat' dir='ltr'>publica</span> <span class='ocrx_word' id='word_1_39' title='bbox 415 985 561 1069; x_wconf 77' lang='lat' dir='ltr'>legitime</span> <span class='ocrx_word' id='word_1_40' title='bbox 577 993 726 1053; x_wconf 77' lang='lat' dir='ltr'>constare</span> <span class='ocrx_word' id='word_1_41' title='bbox 740 993 858 1071; x_wconf 84' lang='lat' dir='ltr'>potest,</span> <span class='ocrx_word' id='word_1_42' title='bbox 878 987 927 1052; x_wconf 90' lang='lat' dir='ltr'>vel</span> <span class='ocrx_word' id='word_1_43' title='bbox 938 989 1056 1054; x_wconf 90' lang='lat' dir='ltr'>saltem</span> <span class='ocrx_word' id='word_1_44' title='bbox 1068 989 1198 1054; x_wconf 91' lang='lat' dir='ltr'>domum</span> 
     </span>
     <span class='ocr_line' id='line_1_7' title="bbox 75 1092 1198 1177; baseline 0.004 -21"><span class='ocrx_word' id='word_1_45' title='bbox 75 1095 169 1177; x_wconf 82' lang='lat' dir='ltr'>ipsam</span> <span class='ocrx_word' id='word_1_46' title='bbox 193 1093 290 1159; x_wconf 84' lang='lat' dir='ltr'>iuxta</span> <span class='ocrx_word' id='word_1_47' title='bbox 321 1092 552 1176; x_wconf 75' lang='lat' dir='ltr'>obligationem</span> <span class='ocrx_word' id='word_1_48' title='bbox 584 1093 769 1161; x_wconf 92' lang='lat' dir='ltr'>huiusmodi</span> <span class='ocrx_word' id='word_1_49' title='bbox 800 1095 904 1160; x_wconf 89' lang='lat' dir='ltr'>eidem</span> <span class='ocrx_word' id='word_1_50' title='bbox 935 1093 1064 1159; x_wconf 89' lang='lat' dir='ltr'>Nuncio</span> <span class='ocrx_word' id='word_1_51' title='bbox 1096 1094 1198 1162; x_wconf 80' lang='lat' dir='ltr'>facias</span> 
     </span>
    </p>

    <p class='ocr_par' dir='ltr' id='par_1_4' title="bbox 3 1183 1196 1286">
     <span class='ocr_line' id='line_1_8' title="bbox 3 1183 1196 1286; baseline 0.003 -22"><span class='ocrx_word' id='word_1_52' title='bbox 3 1183 4 1188; x_wconf 8' lang='grc' dir='ltr'>ἵ</span> <span class='ocrx_word' id='word_1_53' title='bbox 77 1201 195 1280; x_wconf 85' lang='lat' dir='ltr'>dimitti,</span> <span class='ocrx_word' id='word_1_54' title='bbox 221 1202 391 1285; x_wconf 89' lang='lat' dir='ltr'>ipsumque</span> <span class='ocrx_word' id='word_1_55' title='bbox 415 1200 581 1268; x_wconf 88' lang='lat' dir='ltr'>Nuncium</span> <span class='ocrx_word' id='word_1_56' title='bbox 606 1203 654 1268; x_wconf 89' lang='lat' dir='ltr'>sic</span> <span class='ocrx_word' id='word_1_57' title='bbox 679 1203 713 1267; x_wconf 91' lang='lat' dir='ltr'>in</span> <span class='ocrx_word' id='word_1_58' title='bbox 737 1202 906 1286; x_wconf 81' lang='lat' dir='ltr'>premissis</span> <span class='ocrx_word' id='word_1_59' title='bbox 931 1209 964 1266; x_wconf 88' lang='lat' dir='ltr'>et</span> <span class='ocrx_word' id='word_1_60' title='bbox 984 1203 1057 1268; x_wconf 90' lang='lat' dir='ltr'>aliis</span> <span class='ocrx_word' id='word_1_61' title='bbox 1076 1205 1196 1270; x_wconf 89' lang='lat' dir='ltr'>nostris</span> 
     </span>
    </p>

    <p class='ocr_par' dir='ltr' id='par_1_5' title="bbox 3 1308 1200 1824">
     <span class='ocr_line' id='line_1_9' title="bbox 3 1308 1196 1396; baseline 0.004 -22"><span class='ocrx_word' id='word_1_62' title='bbox 3 1391 4 1396; x_wconf 5' lang='grc' dir='ltr'>ἵ</span> <span class='ocrx_word' id='word_1_63' title='bbox 77 1315 103 1374; x_wconf 84' lang='lat' dir='ltr'>st</span> <span class='ocrx_word' id='word_1_64' title='bbox 122 1311 274 1376; x_wconf 83' lang='lat' dir='ltr'>Romane</span> <span class='ocrx_word' id='word_1_65' title='bbox 298 1308 446 1374; x_wconf 87' lang='lat' dir='ltr'>Ecclesie</span> <span class='ocrx_word' id='word_1_66' title='bbox 471 1311 595 1376; x_wconf 88' lang='lat' dir='ltr'>Matris</span> <span class='ocrx_word' id='word_1_67' title='bbox 620 1315 675 1375; x_wconf 90' lang='lat' dir='ltr'>tue</span> <span class='ocrx_word' id='word_1_68' title='bbox 693 1311 835 1395; x_wconf 85' lang='lat' dir='ltr'>negotiis</span> <span class='ocrx_word' id='word_1_69' title='bbox 852 1309 973 1378; x_wconf 84' lang='lat' dir='ltr'>babeas</span> <span class='ocrx_word' id='word_1_70' title='bbox 990 1312 1196 1379; x_wconf 85' lang='lat' dir='ltr'>commenda-</span> 
     </span>
     <span class='ocr_line' id='line_1_10' title="bbox 76 1415 1197 1501; baseline 0.006 -21"><span class='ocrx_word' id='word_1_71' title='bbox 76 1420 145 1498; x_wconf 88' lang='lat' dir='ltr'>tum,</span> <span class='ocrx_word' id='word_1_72' title='bbox 173 1415 263 1500; x_wconf 91' lang='lat' dir='ltr'>quod</span> <span class='ocrx_word' id='word_1_73' title='bbox 287 1418 357 1499; x_wconf 88' lang='lat' dir='ltr'>ipse</span> <span class='ocrx_word' id='word_1_74' title='bbox 382 1415 626 1501; x_wconf 87' lang='lat' dir='ltr'>Magnificentie</span> <span class='ocrx_word' id='word_1_75' title='bbox 652 1417 721 1483; x_wconf 77' lang='lat' dir='ltr'>Tuo</span> <span class='ocrx_word' id='word_1_76' title='bbox 744 1417 848 1484; x_wconf 83' lang='lat' dir='ltr'>fultus</span> <span class='ocrx_word' id='word_1_77' title='bbox 864 1417 1007 1501; x_wconf 88' lang='lat' dir='ltr'>presidio</span> <span class='ocrx_word' id='word_1_78' title='bbox 1025 1421 1197 1486; x_wconf 88' lang='lat' dir='ltr'>commissa</span> 
     </span>
     <span class='ocr_line' id='line_1_11' title="bbox 78 1523 1199 1613; baseline 0.006 -24"><span class='ocrx_word' id='word_1_79' title='bbox 78 1525 129 1590; x_wconf 87' lang='lat' dir='ltr'>sibi</span> <span class='ocrx_word' id='word_1_80' title='bbox 154 1523 242 1589; x_wconf 87' lang='lat' dir='ltr'>dicte</span> <span class='ocrx_word' id='word_1_81' title='bbox 268 1523 363 1590; x_wconf 85' lang='lat' dir='ltr'>Sedis</span> <span class='ocrx_word' id='word_1_82' title='bbox 390 1528 523 1610; x_wconf 87' lang='lat' dir='ltr'>negotia</span> <span class='ocrx_word' id='word_1_83' title='bbox 547 1527 630 1594; x_wconf 89' lang='lat' dir='ltr'>bene</span> <span class='ocrx_word' id='word_1_84' title='bbox 655 1547 812 1612; x_wconf 86' lang='lat' dir='ltr'>peragere</span> <span class='ocrx_word' id='word_1_85' title='bbox 838 1527 954 1608; x_wconf 88' lang='lat' dir='ltr'>valeat,</span> <span class='ocrx_word' id='word_1_86' title='bbox 979 1550 1105 1613; x_wconf 92' lang='lat' dir='ltr'>nosque</span> <span class='ocrx_word' id='word_1_87' title='bbox 1126 1527 1199 1596; x_wconf 86' lang='lat' dir='ltr'>Sin·</span> 
     </span>
     <span class='ocr_line' id='line_1_12' title="bbox 76 1631 1200 1718; baseline 0.005 -22"><span class='ocrx_word' id='word_1_88' title='bbox 76 1632 237 1697; x_wconf 80' lang='lat' dir='ltr'>ceritatem</span> <span class='ocrx_word' id='word_1_89' title='bbox 263 1631 371 1698; x_wconf 82' lang='lat' dir='ltr'>Tuam</span> <span class='ocrx_word' id='word_1_90' title='bbox 395 1634 504 1718; x_wconf 84' lang='lat' dir='ltr'>dignis</span> <span class='ocrx_word' id='word_1_91' title='bbox 529 1634 563 1699; x_wconf 89' lang='lat' dir='ltr'>in</span> <span class='ocrx_word' id='word_1_92' title='bbox 588 1635 730 1702; x_wconf 92' lang='lat' dir='ltr'>Domino</span> <span class='ocrx_word' id='word_1_93' title='bbox 751 1635 902 1701; x_wconf 86' lang='lat' dir='ltr'>laudibus</span> <span class='ocrx_word' id='word_1_94' title='bbox 918 1635 1116 1703; x_wconf 85' lang='lat' dir='ltr'>attollamus.</span> <span class='ocrx_word' id='word_1_95' title='bbox 1133 1637 1200 1704; x_wconf 91' lang='lat' dir='ltr'>Da·</span> 
     </span>
     <span class='ocr_line' id='line_1_13' title="bbox 77 1737 1200 1824; baseline 0.005 -21"><span class='ocrx_word' id='word_1_96' title='bbox 77 1746 136 1804; x_wconf 85' lang='lat' dir='ltr'>tum</span> <span class='ocrx_word' id='word_1_97' title='bbox 152 1737 315 1805; x_wconf 80' lang='lat' dir='ltr'>Arinione</span> <span class='ocrx_word' id='word_1_98' title='bbox 332 1738 432 1808; x_wconf 83' lang='lat' dir='ltr'>XVI.</span> <span class='ocrx_word' id='word_1_99' title='bbox 448 1741 606 1807; x_wconf 79' lang='lat' dir='ltr'>kalendas</span> <span class='ocrx_word' id='word_1_100' title='bbox 622 1741 747 1824; x_wconf 87' lang='lat' dir='ltr'>Martii,</span> <span class='ocrx_word' id='word_1_101' title='bbox 764 1741 980 1809; x_wconf 87' lang='lat' dir='ltr'>Pontificatus</span> <span class='ocrx_word' id='word_1_102' title='bbox 1000 1744 1105 1810; x_wconf 89' lang='lat' dir='ltr'>nostri</span> <span class='ocrx_word' id='word_1_103' title='bbox 1115 1765 1200 1810; x_wconf 88' lang='lat' dir='ltr'>anno</span> 
     </span>
    </p>

    <p class='ocr_par' dir='ltr' id='par_1_6' title="bbox 3 1850 185 1930">
     <span class='ocr_line' id='line_1_14' title="bbox 3 1850 185 1930; baseline 0.011 -19"><span class='ocrx_word' id='word_1_104' title='bbox 3 1855 4 1930; x_wconf 81' lang='lat'><em>]</em></span> <span class='ocrx_word' id='word_1_105' title='bbox 77 1850 185 1930; x_wconf 88' lang='lat' dir='ltr'>primo.</span> 
     </span>
    </p>

    <p class='ocr_par' dir='ltr' id='par_1_7' title="bbox 77 1955 1198 2148">
     <span class='ocr_line' id='line_1_15' title="bbox 174 1955 1198 2026; baseline 0.002 -6"><span class='ocrx_word' id='word_1_106' title='bbox 174 1955 218 2020; x_wconf 90' lang='lat' dir='ltr'>Iu</span> <span class='ocrx_word' id='word_1_107' title='bbox 243 1955 357 2022; x_wconf 88' lang='lat' dir='ltr'>eodem</span> <span class='ocrx_word' id='word_1_108' title='bbox 380 1957 477 2022; x_wconf 92' lang='lat' dir='ltr'>modo</span> <span class='ocrx_word' id='word_1_109' title='bbox 493 1956 660 2022; x_wconf 88' lang='lat' dir='ltr'>carissime</span> <span class='ocrx_word' id='word_1_110' title='bbox 675 1958 708 2023; x_wconf 92' lang='lat' dir='ltr'>in</span> <span class='ocrx_word' id='word_1_111' title='bbox 726 1957 861 2024; x_wconf 80' lang='lat' dir='ltr'>Christo</span> <span class='ocrx_word' id='word_1_112' title='bbox 877 1957 945 2025; x_wconf 89' lang='lat' dir='ltr'>filie</span> <span class='ocrx_word' id='word_1_113' title='bbox 960 1958 1135 2026; x_wconf 82' lang='lat' dir='ltr'>Elisabeth</span> <span class='ocrx_word' id='word_1_114' title='bbox 1152 1980 1198 2024; x_wconf 89' lang='lat' dir='ltr'>se-</span> 
     </span>
     <span class='ocr_line' id='line_1_16' title="bbox 77 2061 673 2148; baseline 0.003 -20"><span class='ocrx_word' id='word_1_115' title='bbox 77 2064 155 2128; x_wconf 91' lang='lat' dir='ltr'>niori</span> <span class='ocrx_word' id='word_1_116' title='bbox 171 2061 321 2147; x_wconf 79' lang='lat' dir='ltr'>Vagarie</span> <span class='ocrx_word' id='word_1_117' title='bbox 336 2073 369 2130; x_wconf 91' lang='lat' dir='ltr'>et</span> <span class='ocrx_word' id='word_1_118' title='bbox 384 2065 522 2130; x_wconf 88' lang='lat' dir='ltr'>Polouie</span> <span class='ocrx_word' id='word_1_119' title='bbox 539 2066 673 2148; x_wconf 83' lang='lat' dir='ltr'>Regino.</span> 
     </span>
    </p>
   </div>
   <div class='ocr_carea' id='block_1_3' title="bbox 399 2209 879 2276">
    <p class='ocr_par' dir='ltr' id='par_1_8' title="bbox 399 2209 879 2276">
     <span class='ocr_line' id='line_1_17' title="bbox 399 2209 879 2276; baseline 0.002 -16"><span class='ocrx_word' id='word_1_120' title='bbox 399 2209 459 2271; x_wconf 74' lang='lat' dir='ltr'><strong>(XI.</strong></span> <span class='ocrx_word' id='word_1_121' title='bbox 473 2211 594 2276; x_wconf 83' lang='lat' dir='ltr'>Gergely</span> <span class='ocrx_word' id='word_1_122' title='bbox 606 2211 678 2276; x_wconf 74' lang='lat' dir='ltr'>pepo</span> <span class='ocrx_word' id='word_1_123' title='bbox 692 2209 879 2275; x_wconf 81' lang='lat' dir='ltr'>regeststibol.)</span> 
     </span>
    </p>
   </div>
   <div class='ocr_carea' id='block_1_4' title="bbox 620 2517 647 2577">
    <p class='ocr_par' dir='ltr' id='par_1_9' title="bbox 620 2517 647 2577">
     <span class='ocr_line' id='line_1_18' title="bbox 620 2517 647 2577; baseline 0.037 -1"><span class='ocrx_word' id='word_1_124' title='bbox 620 2517 647 2577; x_wconf 91' lang='lat'>3.</span> 
     </span>
    </p>
   </div>
   <div class='ocr_carea' id='block_1_5' title="bbox 79 2673 1202 2978">
    <p class='ocr_par' dir='ltr' id='par_1_10' title="bbox 79 2673 1202 2978">
     <span class='ocr_line' id='line_1_19' title="bbox 79 2673 1202 2764; baseline 0.002 -24"><span class='ocrx_word' id='word_1_125' title='bbox 79 2676 130 2740; x_wconf 76' lang='lat' dir='ltr'>xl.</span> <span class='ocrx_word' id='word_1_126' title='bbox 150 2675 287 2764; x_wconf 73' lang='lat' dir='ltr'>Gerqely</span> <span class='ocrx_word' id='word_1_127' title='bbox 306 2683 402 2764; x_wconf 82' lang='lat' dir='ltr'>pdpu</span> <span class='ocrx_word' id='word_1_128' title='bbox 410 2675 535 2763; x_wconf 80' lang='lat' dir='ltr'>felle&#39;ri</span> <span class='ocrx_word' id='word_1_129' title='bbox 552 2673 578 2739; x_wconf 93' lang='lat' dir='ltr'>I.</span> <span class='ocrx_word' id='word_1_130' title='bbox 596 2677 697 2760; x_wconf 82' lang='lat' dir='ltr'>Lajos</span> <span class='ocrx_word' id='word_1_131' title='bbox 722 2699 865 2763; x_wconf 70' lang='lat' dir='ltr'>mopyar</span> <span class='ocrx_word' id='word_1_132' title='bbox 881 2678 913 2741; x_wconf 75' lang='lat' dir='ltr'>‹r&#39;e</span> <span class='ocrx_word' id='word_1_133' title='bbox 929 2675 1052 2763; x_wconf 72' lang='lat' dir='ltr'>lenqyel</span> <span class='ocrx_word' id='word_1_134' title='bbox 1068 2677 1202 2764; x_wconf 79' lang='lat' dir='ltr'>leirdlyt,</span> 
     </span>
     <span class='ocr_line' id='line_1_20' title="bbox 79 2783 1202 2873; baseline 0.002 -26"><span class='ocrx_word' id='word_1_135' title='bbox 79 2785 155 2871; x_wconf 77' lang='lat' dir='ltr'>lcpy</span> <span class='ocrx_word' id='word_1_136' title='bbox 174 2783 340 2850; x_wconf 81' lang='lat' dir='ltr'>Adclbaid</span> <span class='ocrx_word' id='word_1_137' title='bbox 367 2785 621 2872; x_wconf 60' lang='lat' dir='ltr'>bugyelorezo&#39;y</span> <span class='ocrx_word' id='word_1_138' title='bbox 645 2785 984 2873; x_wconf 73' lang='lat' dir='ltr'>bzveyyleirdlyae‘uak</span> <span class='ocrx_word' id='word_1_139' title='bbox 1000 2785 1082 2871; x_wconf 84' lang='lat' dir='ltr'>adju</span> <span class='ocrx_word' id='word_1_140' title='bbox 1095 2785 1202 2850; x_wconf 82' lang='lat' dir='ltr'>uiseza</span> 
     </span>
     <span class='ocr_line' id='line_1_21' title="bbox 440 2891 852 2978; baseline 0.005 -24"><span class='ocrx_word' id='word_1_141' title='bbox 440 2891 588 2978; x_wconf 69' lang='lat' dir='ltr'>elfoqlalt</span> <span class='ocrx_word' id='word_1_142' title='bbox 596 2892 720 2978; x_wconf 80' lang='lat' dir='ltr'>jacuit.</span> <span class='ocrx_word' id='word_1_143' title='bbox 746 2893 852 2958; x_wconf 83' lang='lat'><strong><em>1371.</em></strong></span> 
     </span>
    </p>
   </div>
   <div class='ocr_carea' id='block_1_6' title="bbox 3 3051 1206 4653">
    <p class='ocr_par' dir='ltr' id='par_1_11' title="bbox 179 3051 1203 3136">
     <span class='ocr_line' id='line_1_22' title="bbox 179 3051 1203 3136; baseline 0.002 -19"><span class='ocrx_word' id='word_1_144' title='bbox 179 3051 359 3136; x_wconf 85' lang='lat' dir='ltr'>Gregorius</span> <span class='ocrx_word' id='word_1_145' title='bbox 384 3051 568 3136; x_wconf 83' lang='lat' dir='ltr'>Episcopus</span> <span class='ocrx_word' id='word_1_146' title='bbox 590 3058 649 3118; x_wconf 89' lang='lat' dir='ltr'>etc.</span> <span class='ocrx_word' id='word_1_147' title='bbox 667 3052 837 3118; x_wconf 88' lang='lat' dir='ltr'>carissimo</span> <span class='ocrx_word' id='word_1_148' title='bbox 853 3055 888 3119; x_wconf 90' lang='lat' dir='ltr'>in</span> <span class='ocrx_word' id='word_1_149' title='bbox 906 3053 1038 3119; x_wconf 87' lang='lat' dir='ltr'>Obristo</span> <span class='ocrx_word' id='word_1_150' title='bbox 1054 3053 1121 3118; x_wconf 93' lang='lat' dir='ltr'>filio</span> <span class='ocrx_word' id='word_1_151' title='bbox 1137 3053 1203 3119; x_wconf 87' lang='lat' dir='ltr'>Lu-</span> 
     </span>
    </p>

    <p class='ocr_par' dir='ltr' id='par_1_12' title="bbox 3 3159 1206 4003">
     <span class='ocr_line' id='line_1_23' title="bbox 3 3159 1203 3246; baseline 0.002 -20"><span class='ocrx_word' id='word_1_152' title='bbox 3 3181 5 3190; x_wconf 76' lang='grc'>’</span> <span class='ocrx_word' id='word_1_153' title='bbox 76 3160 184 3227; x_wconf 82' lang='lat' dir='ltr'>dorico</span> <span class='ocrx_word' id='word_1_154' title='bbox 200 3159 347 3246; x_wconf 89' lang='lat' dir='ltr'>Vngarie</span> <span class='ocrx_word' id='word_1_155' title='bbox 371 3165 405 3226; x_wconf 87' lang='lat' dir='ltr'>et</span> <span class='ocrx_word' id='word_1_156' title='bbox 429 3160 567 3227; x_wconf 87' lang='lat' dir='ltr'>Polonie</span> <span class='ocrx_word' id='word_1_157' title='bbox 583 3161 668 3244; x_wconf 86' lang='lat' dir='ltr'>Regi</span> <span class='ocrx_word' id='word_1_158' title='bbox 682 3159 814 3244; x_wconf 88' lang='lat' dir='ltr'>illustri,</span> <span class='ocrx_word' id='word_1_159' title='bbox 830 3161 970 3226; x_wconf 90' lang='lat' dir='ltr'>salutem</span> <span class='ocrx_word' id='word_1_160' title='bbox 986 3167 1045 3226; x_wconf 87' lang='lat' dir='ltr'>etc</span> <span class='ocrx_word' id='word_1_161' title='bbox 1071 3159 1129 3225; x_wconf 85' lang='lat' dir='ltr'>Ad</span> <span class='ocrx_word' id='word_1_162' title='bbox 1144 3159 1203 3228; x_wconf 89' lang='lat' dir='ltr'>illa</span> 
     </span>
     <span class='ocr_line' id='line_1_24' title="bbox 3 3268 1206 3367; baseline 0.002 -35"><span class='ocrx_word' id='word_1_163' title='bbox 3 3347 5 3354; x_wconf 12' lang='grc' dir='ltr'><em>γ</em></span> <span class='ocrx_word' id='word_1_164' title='bbox 75 3277 113 3349; x_wconf 80' lang='lat' dir='ltr'>te,</span> <span class='ocrx_word' id='word_1_165' title='bbox 128 3270 178 3335; x_wconf 90' lang='lat' dir='ltr'>fili</span> <span class='ocrx_word' id='word_1_166' title='bbox 191 3271 366 3354; x_wconf 83' lang='lat' dir='ltr'>carissime,</span> <span class='ocrx_word' id='word_1_167' title='bbox 383 3269 523 3336; x_wconf 89' lang='lat' dir='ltr'>libenter</span> <span class='ocrx_word' id='word_1_168' title='bbox 548 3269 732 3335; x_wconf 90' lang='lat' dir='ltr'>inducimus</span> <span class='ocrx_word' id='word_1_169' title='bbox 748 3291 787 3334; x_wconf 93' lang='lat' dir='ltr'>ac</span> <span class='ocrx_word' id='word_1_170' title='bbox 801 3269 952 3352; x_wconf 89' lang='lat' dir='ltr'>precibus</span> <span class='ocrx_word' id='word_1_171' title='bbox 971 3268 1206 3367; x_wconf 68' lang='lat' dir='ltr'>exhortamur,</span> 
     </span>
     <span class='ocr_line' id='line_1_25' title="bbox 75 3374 1204 3461; baseline -0.002 -19"><span class='ocrx_word' id='word_1_172' title='bbox 75 3397 135 3458; x_wconf 89' lang='lat' dir='ltr'>que</span> <span class='ocrx_word' id='word_1_173' title='bbox 151 3378 305 3461; x_wconf 81' lang='lat' dir='ltr'>pictatem</span> <span class='ocrx_word' id='word_1_174' title='bbox 323 3377 464 3460; x_wconf 83' lang='lat' dir='ltr'>sapiunt,</span> <span class='ocrx_word' id='word_1_175' title='bbox 479 3384 576 3461; x_wconf 88' lang='lat' dir='ltr'>teque</span> <span class='ocrx_word' id='word_1_176' title='bbox 591 3377 626 3441; x_wconf 92' lang='lat' dir='ltr'>iu</span> <span class='ocrx_word' id='word_1_177' title='bbox 642 3382 818 3461; x_wconf 89' lang='lat' dir='ltr'>conspectu</span> <span class='ocrx_word' id='word_1_178' title='bbox 827 3376 930 3459; x_wconf 84' lang='lat' dir='ltr'>Regis</span> <span class='ocrx_word' id='word_1_179' title='bbox 947 3376 1051 3443; x_wconf 90' lang='lat' dir='ltr'>eterni</span> <span class='ocrx_word' id='word_1_180' title='bbox 1066 3374 1204 3442; x_wconf 89' lang='lat' dir='ltr'>reddere</span> 
     </span>
     <span class='ocr_line' id='line_1_26' title="bbox 76 3479 1203 3570; baseline 0.003 -25"><span class='ocrx_word' id='word_1_181' title='bbox 76 3485 204 3551; x_wconf 84' lang='lat' dir='ltr'>ualeant</span> <span class='ocrx_word' id='word_1_182' title='bbox 219 3487 409 3570; x_wconf 82' lang='lat' dir='ltr'>gratiosum.</span> <span class='ocrx_word' id='word_1_183' title='bbox 427 3483 512 3552; x_wconf 81' lang='lat' dir='ltr'>Sane</span> <span class='ocrx_word' id='word_1_184' title='bbox 527 3481 632 3569; x_wconf 86' lang='lat' dir='ltr'>nuper</span> <span class='ocrx_word' id='word_1_185' title='bbox 648 3507 708 3570; x_wconf 89' lang='lat' dir='ltr'>pro</span> <span class='ocrx_word' id='word_1_186' title='bbox 724 3493 818 3570; x_wconf 83' lang='lat' dir='ltr'>parte</span> <span class='ocrx_word' id='word_1_187' title='bbox 835 3485 1003 3552; x_wconf 90' lang='lat' dir='ltr'>carissime</span> <span class='ocrx_word' id='word_1_188' title='bbox 1018 3486 1053 3550; x_wconf 90' lang='lat' dir='ltr'>in</span> <span class='ocrx_word' id='word_1_189' title='bbox 1069 3479 1203 3549; x_wconf 80' lang='lat' dir='ltr'>Christo</span> 
     </span>
     <span class='ocr_line' id='line_1_27' title="bbox 74 3591 1204 3678; baseline 0.001 -23"><span class='ocrx_word' id='word_1_190' title='bbox 74 3591 138 3657; x_wconf 90' lang='lat' dir='ltr'>filie</span> <span class='ocrx_word' id='word_1_191' title='bbox 156 3592 336 3678; x_wconf 83' lang='lat' dir='ltr'>Adelaydis</span> <span class='ocrx_word' id='word_1_192' title='bbox 361 3592 489 3677; x_wconf 87' lang='lat' dir='ltr'>Regino</span> <span class='ocrx_word' id='word_1_193' title='bbox 515 3593 651 3659; x_wconf 87' lang='lat' dir='ltr'>Polonie</span> <span class='ocrx_word' id='word_1_194' title='bbox 668 3593 805 3660; x_wconf 90' lang='lat' dir='ltr'>illustris</span> <span class='ocrx_word' id='word_1_195' title='bbox 822 3594 916 3660; x_wconf 90' lang='lat' dir='ltr'>nobis</span> <span class='ocrx_word' id='word_1_196' title='bbox 933 3591 996 3660; x_wconf 86' lang='lat' dir='ltr'>fuit</span> <span class='ocrx_word' id='word_1_197' title='bbox 1011 3591 1204 3676; x_wconf 87' lang='lat' dir='ltr'>expositum,</span> 
     </span>
     <span class='ocr_line' id='line_1_28' title="bbox 76 3699 1204 3786; baseline 0.002 -22"><span class='ocrx_word' id='word_1_198' title='bbox 76 3699 166 3781; x_wconf 90' lang='lat' dir='ltr'>quod</span> <span class='ocrx_word' id='word_1_199' title='bbox 188 3702 310 3768; x_wconf 90' lang='lat' dir='ltr'>dudum</span> <span class='ocrx_word' id='word_1_200' title='bbox 336 3700 424 3768; x_wconf 87' lang='lat' dir='ltr'>clarc</span> <span class='ocrx_word' id='word_1_201' title='bbox 450 3702 605 3768; x_wconf 90' lang='lat' dir='ltr'>memorie</span> <span class='ocrx_word' id='word_1_202' title='bbox 628 3700 800 3768; x_wconf 87' lang='lat' dir='ltr'>Kszimiro</span> <span class='ocrx_word' id='word_1_203' title='bbox 825 3701 919 3786; x_wconf 89' lang='lat' dir='ltr'>Rege</span> <span class='ocrx_word' id='word_1_204' title='bbox 950 3700 1087 3767; x_wconf 90' lang='lat' dir='ltr'>Polcnie</span> <span class='ocrx_word' id='word_1_205' title='bbox 1118 3701 1204 3766; x_wconf 82' lang='lat' dir='ltr'>viam</span> 
     </span>
     <span class='ocr_line' id='line_1_29' title="bbox 74 3809 1205 3895; baseline 0 -23"><span class='ocrx_word' id='word_1_206' title='bbox 74 3810 221 3876; x_wconf 79' lang='lat' dir='ltr'>universe</span> <span class='ocrx_word' id='word_1_207' title='bbox 236 3809 344 3878; x_wconf 87' lang='lat' dir='ltr'>carnis</span> <span class='ocrx_word' id='word_1_208' title='bbox 359 3811 517 3894; x_wconf 85' lang='lat' dir='ltr'>ingresso,</span> <span class='ocrx_word' id='word_1_209' title='bbox 533 3815 578 3894; x_wconf 88' lang='lat' dir='ltr'>tu,</span> <span class='ocrx_word' id='word_1_210' title='bbox 594 3811 650 3895; x_wconf 91' lang='lat' dir='ltr'>qui</span> <span class='ocrx_word' id='word_1_211' title='bbox 667 3810 700 3875; x_wconf 93' lang='lat' dir='ltr'>in</span> <span class='ocrx_word' id='word_1_212' title='bbox 716 3809 832 3893; x_wconf 89' lang='lat' dir='ltr'>Regno</span> <span class='ocrx_word' id='word_1_213' title='bbox 857 3810 996 3876; x_wconf 90' lang='lat' dir='ltr'>Polonie</span> <span class='ocrx_word' id='word_1_214' title='bbox 1012 3809 1205 3887; x_wconf 75' lang='lat' dir='ltr'>successisti,</span> 
     </span>
     <span class='ocr_line' id='line_1_30' title="bbox 75 3913 1203 4003; baseline -0.001 -23"><span class='ocrx_word' id='word_1_215' title='bbox 75 3937 131 3981; x_wconf 86' lang='lat' dir='ltr'>sou</span> <span class='ocrx_word' id='word_1_216' title='bbox 147 3919 297 3986; x_wconf 87' lang='lat' dir='ltr'>nonnulle</span> <span class='ocrx_word' id='word_1_217' title='bbox 323 3925 436 4003; x_wconf 86' lang='lat' dir='ltr'>gentes</span> <span class='ocrx_word' id='word_1_218' title='bbox 462 3925 526 4001; x_wconf 90' lang='lat' dir='ltr'>tue,</span> <span class='ocrx_word' id='word_1_219' title='bbox 546 3919 655 3984; x_wconf 90' lang='lat' dir='ltr'>omnia</span> <span class='ocrx_word' id='word_1_220' title='bbox 671 3919 766 4001; x_wconf 87' lang='lat' dir='ltr'>bona,</span> <span class='ocrx_word' id='word_1_221' title='bbox 783 3941 846 4002; x_wconf 92' lang='lat' dir='ltr'>que</span> <span class='ocrx_word' id='word_1_222' title='bbox 862 3919 968 3984; x_wconf 89' lang='lat' dir='ltr'>eidem</span> <span class='ocrx_word' id='word_1_223' title='bbox 983 3913 1153 4000; x_wconf 82' lang='lat' dir='ltr'>Adolaydi</span> <span class='ocrx_word' id='word_1_224' title='bbox 1169 3916 1203 3979; x_wconf 91' lang='lat' dir='ltr'>in</span> 
     </span>
    </p>

    <p class='ocr_par' dir='ltr' id='par_1_13' title="bbox 3 4024 1205 4542">
     <span class='ocr_line' id='line_1_31' title="bbox 3 4024 1203 4109; baseline -0.002 -20"><span class='ocrx_word' id='word_1_225' title='bbox 3 4037 4 4040; x_wconf 75' lang='grc'>’</span> <span class='ocrx_word' id='word_1_226' title='bbox 73 4025 198 4092; x_wconf 84' lang='lat' dir='ltr'>dotolio</span> <span class='ocrx_word' id='word_1_227' title='bbox 213 4027 291 4094; x_wconf 82' lang='lat' dir='ltr'>data</span> <span class='ocrx_word' id='word_1_228' title='bbox 305 4026 445 4109; x_wconf 84' lang='lat' dir='ltr'>fuerant,</span> <span class='ocrx_word' id='word_1_229' title='bbox 461 4033 495 4092; x_wconf 90' lang='lat' dir='ltr'>et</span> <span class='ocrx_word' id='word_1_230' title='bbox 511 4025 698 4092; x_wconf 89' lang='lat' dir='ltr'>eorumdem</span> <span class='ocrx_word' id='word_1_231' title='bbox 723 4027 881 4093; x_wconf 89' lang='lat' dir='ltr'>bonorum</span> <span class='ocrx_word' id='word_1_232' title='bbox 901 4024 1137 4109; x_wconf 87' lang='lat' dir='ltr'>possessiouem</span> <span class='ocrx_word' id='word_1_233' title='bbox 1153 4044 1203 4088; x_wconf 90' lang='lat' dir='ltr'>re-</span> 
     </span>
     <span class='ocr_line' id='line_1_32' title="bbox 4 4131 1204 4224; baseline -0.004 -25"><span class='ocrx_word' id='word_1_234' title='bbox 4 4221 5 4224; x_wconf 6' lang='grc' dir='ltr'>η</span> <span class='ocrx_word' id='word_1_235' title='bbox 73 4134 199 4217; x_wconf 88' lang='lat' dir='ltr'>cepisti.</span> <span class='ocrx_word' id='word_1_236' title='bbox 224 4135 305 4203; x_wconf 83' lang='lat' dir='ltr'>Cum</span> <span class='ocrx_word' id='word_1_237' title='bbox 330 4139 441 4203; x_wconf 75' lang='lat' dir='ltr'>:curtem¹</span> <span class='ocrx_word' id='word_1_238' title='bbox 464 4135 624 4219; x_wconf 87' lang='lat' dir='ltr'>Regalem</span> <span class='ocrx_word' id='word_1_239' title='bbox 650 4133 889 4200; x_wconf 86' lang='lat' dir='ltr'>Excellentiam</span> <span class='ocrx_word' id='word_1_240' title='bbox 908 4155 973 4200; x_wconf 91' lang='lat' dir='ltr'>uon</span> <span class='ocrx_word' id='word_1_241' title='bbox 989 4131 1104 4198; x_wconf 87' lang='lat' dir='ltr'>deceat</span> <span class='ocrx_word' id='word_1_242' title='bbox 1119 4131 1204 4196; x_wconf 88' lang='lat' dir='ltr'>bona</span> 
     </span>
     <span class='ocr_line' id='line_1_33' title="bbox 4 4225 1205 4328; baseline -0.001 -24"><span class='ocrx_word' id='word_1_243' title='bbox 4 4225 5 4230; x_wconf 8' lang='grc' dir='ltr'>ἵ</span> <span class='ocrx_word' id='word_1_244' title='bbox 73 4243 148 4323; x_wconf 83' lang='lat' dir='ltr'>ipsa</span> <span class='ocrx_word' id='word_1_245' title='bbox 165 4241 317 4328; x_wconf 87' lang='lat' dir='ltr'>detinere,</span> <span class='ocrx_word' id='word_1_246' title='bbox 332 4243 484 4311; x_wconf 79' lang='lat' dir='ltr'>Eandem</span> <span class='ocrx_word' id='word_1_247' title='bbox 508 4241 751 4310; x_wconf 84' lang='lat' dir='ltr'>Excellenciam</span> <span class='ocrx_word' id='word_1_248' title='bbox 768 4263 919 4326; x_wconf 87' lang='lat' dir='ltr'>rogamus</span> <span class='ocrx_word' id='word_1_249' title='bbox 936 4247 969 4307; x_wconf 91' lang='lat' dir='ltr'>et</span> <span class='ocrx_word' id='word_1_250' title='bbox 984 4238 1155 4305; x_wconf 88' lang='lat' dir='ltr'>hortamur</span> <span class='ocrx_word' id='word_1_251' title='bbox 1170 4239 1205 4303; x_wconf 90' lang='lat' dir='ltr'>in</span> 
     </span>
     <span class='ocr_line' id='line_1_34' title="bbox 70 4347 1205 4436; baseline -0.004 -22"><span class='ocrx_word' id='word_1_252' title='bbox 70 4347 224 4435; x_wconf 88' lang='lat' dir='ltr'>Domino,</span> <span class='ocrx_word' id='word_1_253' title='bbox 238 4352 331 4420; x_wconf 85' lang='lat' dir='ltr'>illam</span> <span class='ocrx_word' id='word_1_254' title='bbox 356 4353 520 4418; x_wconf 82' lang='lat' dir='ltr'>ottencius</span> <span class='ocrx_word' id='word_1_255' title='bbox 548 4351 768 4436; x_wconf 88' lang='lat' dir='ltr'>deprecantes,</span> <span class='ocrx_word' id='word_1_256' title='bbox 794 4351 949 4434; x_wconf 87' lang='lat' dir='ltr'>quatinus</span> <span class='ocrx_word' id='word_1_257' title='bbox 966 4368 1026 4432; x_wconf 92' lang='lat' dir='ltr'>pro</span> <span class='ocrx_word' id='word_1_258' title='bbox 1043 4350 1205 4411; x_wconf 84' lang='lat' dir='ltr'>nostrast</span> 
     </span>
     <span class='ocr_line' id='line_1_35' title="bbox 70 4451 1205 4542; baseline -0.004 -20"><span class='ocrx_word' id='word_1_259' title='bbox 70 4456 261 4540; x_wconf 85' lang='lat' dir='ltr'>Apostolice</span> <span class='ocrx_word' id='word_1_260' title='bbox 278 4459 377 4527; x_wconf 86' lang='lat' dir='ltr'>Sedis</span> <span class='ocrx_word' id='word_1_261' title='bbox 392 4459 589 4541; x_wconf 82' lang='lat' dir='ltr'>reverencia,</span> <span class='ocrx_word' id='word_1_262' title='bbox 606 4480 644 4526; x_wconf 88' lang='lat' dir='ltr'>ac</span> <span class='ocrx_word' id='word_1_263' title='bbox 658 4457 794 4542; x_wconf 87' lang='lat' dir='ltr'>pietatis</span> <span class='ocrx_word' id='word_1_264' title='bbox 810 4463 843 4523; x_wconf 88' lang='lat' dir='ltr'>et</span> <span class='ocrx_word' id='word_1_265' title='bbox 859 4456 909 4523; x_wconf 87' lang='lat' dir='ltr'>tui</span> <span class='ocrx_word' id='word_1_266' title='bbox 924 4455 1056 4521; x_wconf 73' lang='lat' dir='ltr'>honoris</span> <span class='ocrx_word' id='word_1_267' title='bbox 1072 4451 1205 4532; x_wconf 87' lang='lat' dir='ltr'>intuitu,</span> 
     </span>
    </p>

    <p class='ocr_par' dir='ltr' id='par_1_14' title="bbox 3 4557 1202 4653">
     <span class='ocr_line' id='line_1_36' title="bbox 3 4557 1202 4653; baseline -0.012 -13"><span class='ocrx_word' id='word_1_268' title='bbox 3 4635 5 4640; x_wconf 79' lang='grc'>,</span> <span class='ocrx_word' id='word_1_269' title='bbox 69 4563 163 4632; x_wconf 85' lang='lat' dir='ltr'>bona</span> <span class='ocrx_word' id='word_1_270' title='bbox 177 4564 252 4648; x_wconf 85' lang='lat' dir='ltr'>ipsa,</span> <span class='ocrx_word' id='word_1_271' title='bbox 266 4589 328 4653; x_wconf 89' lang='lat' dir='ltr'>que</span> <span class='ocrx_word' id='word_1_272' title='bbox 344 4567 451 4634; x_wconf 88' lang='lat' dir='ltr'>eidem</span> <span class='ocrx_word' id='word_1_273' title='bbox 468 4566 634 4652; x_wconf 84' lang='lat' dir='ltr'>Adelaydi</span> <span class='ocrx_word' id='word_1_274' title='bbox 650 4567 685 4632; x_wconf 91' lang='lat' dir='ltr'>iu</span> <span class='ocrx_word' id='word_1_275' title='bbox 702 4563 834 4649; x_wconf 87' lang='lat' dir='ltr'>dotalio,</span> <span class='ocrx_word' id='word_1_276' title='bbox 850 4571 886 4630; x_wconf 90' lang='lat' dir='ltr'>ut</span> <span class='ocrx_word' id='word_1_277' title='bbox 900 4561 1112 4649; x_wconf 84' lang='lat' dir='ltr'>premittitur,</span> <span class='ocrx_word' id='word_1_278' title='bbox 1133 4557 1202 4627; x_wconf 83' lang='lat' dir='ltr'>fue·</span> 
     </span>
    </p>
   </div>
   <div class='ocr_carea' id='block_1_7' title="bbox 0 0 1619 5258">
    <p class='ocr_par' dir='ltr' id='par_1_15' title="bbox 0 0 1619 5258">
     <span class='ocr_line' id='line_1_37' title="bbox 0 0 1619 5258; baseline 0 0"><span class='ocrx_word' id='word_1_279' title='bbox 0 0 1619 5258; x_wconf 95' lang='lat' dir='ltr'> </span> 
     </span>
    </p>
   </div>
  </div>
 </body>
</html>
