3226 5254
434 323 499 384 354
786 339 1018 384 urorromnezrar
1037 327 1202 384 auctaas.

434 517 565 577 namus3
590 503 623 561 et
639 519 698 580 pro
714 499 796 579 loco,
813 499 867 562 ubi
885 498 1048 562 declinare
1075 497 1230 580 debeatis,
1246 497 1376 562 nonnisi
1408 497 1494 563 bonis
1507 519 1545 562 re·
1599 493 1600 558 ἶ

432 603 603 688 spectibus,
620 606 689 670 vive
706 607 793 672 rocis
810 609 946 673 oraculo
958 607 1084 691 plenius
1109 605 1316 690 explicandis,
1334 611 1474 672 castrum
1489 626 1545 669 uos-

431 717 518 778 trum
536 713 649 779 Sancti
664 713 690 779 J
691 715 830 780 ohannis
847 716 954 784 Vallis
971 713 1056 779 Arni
1076 690 1250 799 superioris
1278 715 1427 778 duximus
1443 714 1546 795 eligen-

431 819 525 904 dum,
558 821 613 886 ubi
640 828 768 888 nostros
793 823 984 888 habebimus
1001 820 1168 902 Oratores,
1194 843 1265 887 cum
1298 822 1415 904 quibus
1446 820 1546 898 omnia,
1599 825 1600 830 ’

430 935 597 1012 tamquam
612 929 787 1014 nobiscum,
803 938 836 997 et
853 953 925 996 cum
942 935 1012 996 toto
1029 936 1140 995 nostro
1159 930 1275 1013 populo
1292 930 1442 1012 poteritis
1458 929 1543 993 venti-

430 1035 510 1102 lare.
542 1035 633 1102 Data
658 1037 826 1102 Florentio
852 1038 905 1104 die
932 1037 1033 1104 XVI.
1060 1037 1260 1121 Septembris
1292 1037 1361 1102 III.
1387 1037 1545 1103 indictione
1599 1065 1600 1072 κ

431 1141 711 1210 MOCCLXXX.

427 1289 552 1350 (Eredeti
565 1289 780 1354 iogalmazvany
793 1307 810 1340 a
826 1291 962 1355 »Signori,
983 1293 1135 1356 Carteggie,
1151 1291 1278 1340 Missivm
1293 1293 1346 1342 stb.
1361 1293 1466 1355 osztaly
1479 1291 1536 1340 XIX

582 1379 737 1443 kbtege'beu
752 1385 793 1431 47.
807 1395 844 1430 ez.
860 1383 940 1444 alatt,
953 1397 970 1430 a
983 1383 1116 1432 florenoai
1128 1396 1203 1445 nagy
1217 1381 1409 1444 levdltarban.)

915 1545 1075 1554 ——...

964 1672 1034 1734 172.

552 1831 695 1916 Bolopna
712 1831 874 1896 udrosaalc
892 1857 913 1896 α
921 1831 1076 1918 florenrzi
1093 1831 1312 1917 btiztrirsascip.
1341 1832 1426 1896 1380

642 1989 911 2056 Bononiensibus.

534 2098 671 2164 Fratres
688 2098 857 2164 karissimi.
890 2099 985 2182 Quia,
1002 2101 1085 2163 sicut
1100 2098 1225 2180 videtis,
1241 2102 1344 2163 toturn
1362 2098 1483 2181 pondus
1497 2090 1542 2158 de-

425 2205 629 2273 liberationis
649 2213 747 2292 atque
767 2209 894 2274 consilii
912 2208 1056 2292 gentium
1078 2205 1288 2289 Uaga-rarum
1309 2207 1501 2272 convertitur
1515 2203 1542 2266 in
1599 2223 1600 2230 ¹

425 2315 705 2396 perniciemuostri
716 2322 828 2395 status,
838 2322 870 2380 et
880 2314 921 2381 ad
933 2323 1043 2380 nostre
1054 2315 1216 2381 libertatis
1228 2315 1362 2380 exitium
1379 2316 1542 2390 animatur,

425 2429 456 2486 et
466 2423 543 2504 quia
552 2423 721 2488 certissimi
733 2445 850 2504 sumus,
862 2423 952 2487 illum
964 2424 1138 2488 exercitum
1149 2445 1221 2487 cunr
1231 2444 1288 2487 suo
1301 2421 1391 2504 duce,
1402 2441 1457 2504 spe
1468 2438 1539 2482 rana

425 2529 601 2609 inductum,
618 2532 658 2595 ad
677 2539 825 2597 nostram
842 2530 1051 2597 offensionem
1068 2530 1218 2596 celeriter
1228 2551 1462 2614 processurum,
1477 2528 1542 2610 quia

425 2637 516 2701 iuxta
542 2639 740 2704 verissimum
766 2646 860 2723 poete
887 2639 1019 2703 dictum.
1040 2638 1161 2704 »Nrdla
1177 2637 1256 2702 fides
1280 2639 1451 2722 pietasque
1475 2634 1541 2697 riris

424 2744 480 2826 qui
491 2751 602 2811 castra
612 2753 811 2828 sequuntur«
825 2771 833 2827 3
850 2753 882 2811 et
896 2746 1108 2829 »venalesque
1120 2767 1244 2826 manus,
1254 2745 1300 2811 ibi
1311 2743 1371 2826 fas,
1383 2743 1438 2810 ubi
1454 2741 1539 2807 maxi-

426 2873 478 2916 ma
498 2853 909 2934 merces«,fraternitatem
920 2860 1061 2918 vestram
1078 2852 1343 2925 affectuosissime
1361 2853 1541 2935 requirimus

424 2965 458 3024 et
473 2981 635 3042 rogamus
662 2967 822 3044 quatenus
840 2963 873 3025 in
890 2962 951 3027 hoc
969 2962 1169 3026 necessitatis
1185 2962 1332 3042 articulo,
1350 2961 1406 3044 qui
1424 2962 1539 3024 nonest

422 3067 548 3150 pacifici
571 3069 620 3135 rel
645 3070 793 3135 damnosi
817 3070 982 3148 transitus,
1007 3071 1063 3135 sed
1088 3070 1122 3133 in
1147 3092 1211 3154 quo
1243 3075 1349 3134 status
1367 3075 1400 3133 et
1416 3067 1538 3133 libertas

423 3177 562 3243 fratrum
587 3185 767 3245 vestrorum
793 3179 966 3244 manifesta
997 3179 1197 3244 crassatione
1227 3185 1392 3256 versatur,
1425 3177 1541 3259 placeat

423 3287 566 3351 omnium
597 3295 781 3353 vestrarum
798 3289 911 3352 virium
939 3295 1144 3370 apparatum,
1160 3288 1249 3352 ultra
1270 3292 1393 3369 gentes,
1411 3305 1487 3368 quas
1501 3279 1542 3344 ul·

422 3394 500 3458 timo
518 3415 591 3459 cum
608 3391 734 3461 Comite
752 3396 929 3461 Francisco
947 3396 987 3460 de
1003 3395 1171 3460 Barbiano
1194 3393 1317 3459 Vestra
1336 3391 1463 3458 Caritas
1478 3391 1538 3454 des-

422 3501 548 3584 tinarit,
563 3524 622 3586 pro
641 3527 704 3586 quo
722 3505 837 3586 dignas
854 3504 1039 3586 gratia-rum
1056 3501 1226 3567 referimus
1238 3503 1391 3580 actiones,
1408 3501 1473 3565 siue
1489 3496 1540 3560 dis·

420 3610 538 3692 pendio
565 3631 652 3675 more
678 3613 908 3690 transmittere,
934 3618 966 3675 et
991 3610 1087 3675 huius
1116 3610 1309 3676 defensionis
1335 3609 1442 3675 studio
1467 3607 1539 3670 vires
1598 3597 1599 3600 '

420 3723 544 3780 vestras
570 3718 689 3782 nostris
715 3718 837 3783 viribus
864 3718 1040 3802 applicare.
1069 3715 1208 3800 Quibus,
1224 3723 1261 3782 ut
1277 3737 1454 3800 speramus,
1478 3733 1539 3778 curn

419 3823 608 3906 integritate
634 3827 816 3891 coniunctis
842 3824 1042 3906 confidimus,
1059 3823 1180 3889 Divino
1207 3824 1299 3889 nobis
1316 3819 1513 3903 assistentes
1525 3859 1539 3874 η-

419 3951 504 4017 rore,
528 3933 647 3997 nedum
672 3935 858 4000 libertatem
883 3939 1028 3999 nostram
1056 3932 1238 4010 defendere,
1265 3932 1322 3996 sed
1348 3933 1538 3998 ferocitatem

418 4037 547 4105 illarum
564 4043 708 4124 gentium
736 4048 770 4107 et
795 4043 968 4108 avaritiam
992 4042 1192 4106 conculcare.
1208 4039 1300 4105 Data
1316 4040 1478 4106 Florentio
1494 4036 1538 4099 dir

418 4143 501 4210 XX.
518 4145 721 4232 Septembris
737 4149 805 4213 HI.
822 4148 1001 4252 indictionev
1016 4144 1297 4212 MCCCLXXX.

417 4291 540 4349 (Eredeti
558 4293 773 4358 logalmazvitny
788 4311 805 4344 a
819 4294 956 4358 »Signori,
973 4293 1129 4357 Garteggie,
1146 4291 1276 4368 Missive«
1297 4293 1349 4342 stb.
1364 4293 1468 4356 osztatly
1480 4287 1539 4339 XIX

591 4383 745 4446 kdtegdben
759 4390 800 4434 49.
815 4400 851 4434 ez.
866 4400 909 4447 a.;
928 4399 944 4432 a
958 4384 1088 4433 florenczi
1102 4397 1176 4446 nagy
1188 4381 1385 4437 ler'dltrirbsm.l

912 4547 969 4554 -—-.
987 4545 1060 4552 .....-
