3210 5252
588 380 683 446 1374.
1158 375 1199 441 sl

1 538 2 630 i
76 560 141 642 quia
156 564 191 624 et
207 559 358 642 gravitas
375 556 567 643 Apostolice
584 556 679 626 Sedis
696 557 737 622 de
754 557 911 624 Ecclesiis
927 555 1069 623 nondum
1086 577 1202 623 racen-

1 665 2 668 ’
76 665 153 731 utus
178 687 246 734 non
273 666 451 750 consuerit,
478 669 562 733 sicut
577 687 637 732 nec
653 665 755 745 decet
780 685 868 749 spem
887 664 967 731 dare
984 664 1157 749 aliquibus,
1173 664 1202 728 si

77 773 108 840 de
124 774 287 842 Ecclesiis
303 773 558 841 Gathedralibus
581 773 772 856 Regnorum
789 779 932 855 tuorum,
947 793 1029 856 qnae
1045 771 1204 856 scripsisti

77 881 200 949 credere
227 883 269 948 de
294 885 401 968 primo
417 889 600 964 vacaturas,
619 902 684 947 non
702 878 937 966 respondemus
954 881 995 945 ad
1013 899 1154 964 presens,
1168 879 1203 944 id

77 990 203 1056 moleste
228 1011 294 1056 non
310 989 399 1056 ferat
429 989 536 1074 Regia
567 988 755 1069 Celsitudo;
779 985 836 1054 sed
867 1009 928 1072 pro
958 994 1049 1053 certo
1081 993 1201 1069 teneas,

1 1094 2 1150 ἶ
78 1099 155 1181 qnod
172 1100 206 1164 in
233 1097 306 1181 hiis,
321 1098 354 1162 in
371 1097 488 1182 quibus
512 1097 648 1164 honeste
672 1097 860 1180 poterimus,
878 1095 962 1161 votis
978 1097 1044 1161 tuis
1059 1096 1202 1162 libenter

1 1209 2 1278 j
78 1207 255 1272 curabimus
273 1206 483 1291 complacere.
508 1205 561 1272 De
586 1206 721 1289 negocio
746 1209 855 1270 autem
871 1205 1066 1271 Monasterii
1083 1201 1204 1290 Scepu·

78 1314 183 1381 siensis
208 1312 345 1380 Ordinis
371 1313 597 1380 Oisterciensis
623 1311 857 1397 strigoniensis
883 1312 1042 1395 Diocesis,
1066 1313 1120 1378 cui
1137 1315 1203 1378 iam

1 1481 2 1513 ,
81 1423 112 1488 de
126 1422 263 1490 Abbate
272 1423 401 1508 ydoneo
412 1423 676 1506 provideremus,
693 1429 727 1487 et
737 1421 777 1488 de
789 1420 958 1502 similibus,
967 1420 1007 1486 de
1017 1421 1133 1506 quibus
1148 1444 1203 1488 no·

1 1553 2 1616 i
79 1530 120 1598 bis
136 1531 333 1616 supplicatio
357 1553 419 1616 pro
433 1537 531 1616 parte
548 1531 619 1597 Tne
635 1530 878 1614 Magnitudinis
894 1527 957 1597 fuit
972 1529 1129 1611 exhibite,
1144 1551 1203 1614 per

79 1639 198 1724 aliquos
224 1639 381 1707 Prolatos
398 1640 507 1724 Regni
522 1642 580 1721 tui,
596 1640 714 1724 quibus
730 1657 829 1722 super
843 1637 905 1704 hoc
925 1637 1109 1722 scribimus,
1125 1639 1203 1722 quia

1 1737 2 1762 ³
80 1749 209 1814 muteris
233 1748 313 1814 talis
340 1749 388 1813 sic
412 1748 522 1832 exigit,
548 1748 769 1814 ordinavimus
794 1745 899 1830 Regis
916 1744 1111 1814 celsitudini
1137 1767 1204 1812 res-

1 1841 2 1878 ³
81 1855 215 1937 ponderi.
247 1856 375 1922 Datum
401 1855 565 1922 Arinione
597 1856 658 1926 VI.
689 1856 763 1920 idus
794 1853 958 1938 Jauuarii,
988 1853 1204 1920 Pontificatus

1 1982 2 2016 i
81 1957 174 2028 nostri
188 1987 277 2031 anuo
294 1971 425 2047 quarto.

369 2115 376 2128 '
398 2106 459 2167 (XI.
473 2107 593 2172 Gergely
607 2107 679 2171 papa
692 2105 881 2170 regestrtibbl.)

614 2417 665 2478 57.

85 2572 134 2637 XI.
149 2575 284 2662 Gerpely
298 2579 391 2662 popa
408 2577 446 2642 de
462 2577 568 2666 Lupis
584 2578 775 2664 Boaifriozot
803 2575 937 2660 folkeri,
953 2577 1034 2666 bopy
1050 2577 1205 2666 Mam„

1 2700 2 2737 1
85 2684 250 2768 mezopbon
268 2683 433 2749 &sillem
449 2686 570 2751 sieniai
581 2687 712 2772 pitspiilc
724 2689 756 2752 es
766 2687 906 2773 apostoli
922 2687 1062 2752 nuncius
1077 2689 1205 2754 missio-

444 2797 498 2879 jor
514 2799 705 2882 trimogasaa,
734 2798 829 2861 1374.

183 2949 366 3036 Gregorius
382 2953 563 3038 Episcopus
580 2961 640 3022 etc.
656 2955 775 3021 dilecto
790 2955 857 3024 filio
873 2955 974 3022 nobili
991 2958 1060 3023 viro
1071 2957 1206 3023 Bonisa-

1 3129 2 3143 ἶ
86 3058 131 3122 cio
145 3058 184 3123 do
198 3059 301 3142 Lupis
327 3059 434 3125 Militi
458 3059 628 3128 Parmensi
654 3061 792 3127 salutem
808 3069 868 3129 etc.
884 3063 1099 3130 Prudentiam
1115 3070 1206 3129 tuam

1 3213 3 3240 ,
86 3171 116 3229 et
130 3165 329 3234 devotionem
346 3169 514 3254 sinceram,
540 3191 638 3254 quam
657 3171 744 3254 geris
760 3171 802 3238 acl
818 3171 1002 3239 Romanam
1017 3173 1207 3254 Ecclesiam,

1 3283 4 3365 i
87 3291 157 3356 sepe
172 3281 342 3358 gratanter
358 3276 506 3344 eudimus
521 3279 718 3344 testimoniis
737 3277 920 3364 fidediguie;
938 3287 1072 3365 propter
1088 3301 1150 3363 que
1167 3281 1207 3344 de

88 3383 140 3445 tuo
155 3383 283 3448 servitio
300 3385 335 3450 in
352 3385 523 3468 oportunis
550 3385 679 3452 casibus
704 3385 920 3470 impendendo
940 3386 1044 3454 eidem
1060 3385 1206 3454 Ecclesie

1 3515 2 3548 l
88 3487 266 3554 confidimus
293 3495 328 3556 et
352 3511 531 3574 speramus.
557 3491 667 3576 Quare
692 3515 765 3559 cum
790 3493 1053 3578 intellexerimus,
1069 3500 1103 3560 te
1120 3495 1207 3579 apud

1 3587 11 3693 .·
88 3597 281 3664 carissimum
298 3599 333 3664 in
350 3597 481 3666 Christo
496 3599 599 3666 filium
614 3609 763 3667 nostrum
781 3599 983 3668 liudericum
999 3603 1122 3687 Regem
1139 3604 1207 3674 Vn·

1 3781 5 3812 ᾖ
92 3705 175 3785 garis
190 3705 347 3772 illustrem
363 3709 607 3792 presentialiter
621 3709 806 3792 immorari3
831 3708 1036 3776 nobilitatem
1052 3716 1142 3778 tuam
1157 3734 1208 3779 ro·

0 3848 1 3851 =
90 3829 198 3892 gamus
224 3817 360 3897 attente,
385 3823 546 3899 quatenus
575 3837 673 3901 super
697 3816 770 3899 hiis,
785 3837 845 3901 pro
861 3815 978 3901 quibus
993 3819 1207 3887 venerabilem

1 3990 6 4020 r
89 3915 215 3984 {nauem
226 3927 373 3986 nostrum
382 3921 600 3990 Guillermum
611 3923 812 4008 Episcopum
828 3921 1004 3991 Senensem
1014 3923 1209 4010 Apostolice

1 4106 4 4128 Γ
89 4022 177 4090 Sedis
191 4025 354 4094 Nunnium
378 4028 421 4096 ed
444 4031 568 4098 dictum
593 4032 718 4114 Regem
734 4033 981 4115 transmisimus,
997 4035 1086 4118 apud
1102 4036 1208 4118 ipsum

1 4132 5 4210 l
91 4128 207 4215 Regem
222 4138 354 4204 insistes
370 4141 643 4223 persuasionibus,
655 4141 799 4208 consiliis
815 4146 849 4208 et
864 4143 1013 4228 precibus
1029 4145 1209 4230 oportunis,

90 4245 124 4302 et
147 4243 222 4310 alias
248 4247 312 4330 ipsi
339 4248 469 4315 Nunnio
495 4251 639 4332 assistas,
664 4251 750 4316 sicut
764 4249 886 4318 rideris
902 4250 1065 4336 expedire.
1084 4251 1209 4316 Datum

94 4343 250 4420 Annone-
269 4350 331 4423 VI.
355 4355 430 4422 idus
446 4356 471 4423 J
473 4360 612 4443 aunarii,
629 4359 844 4426 Pontificatus
860 4362 964 4426 nostri
981 4381 1066 4426 anno
1081 4365 1209 4445 quarto.

403 4501 463 4566 (XI.
478 4505 599 4572 Gergely
613 4506 685 4570 papa
698 4483 887 4571 regestsibbl)

566 4665 724 4679 Δια-..Ἀθ
