3190 5252
781 359 1014 407 nienoimczmi
1032 344 1198 406 auiuiinen.
1231 367 1235 370 ·

960 539 1032 602 241.

426 705 493 768 III.
510 703 638 790 Kdroly
653 702 782 768 sicilici
792 700 904 786 loireily
920 701 1111 766 adcurruoleu
1131 700 1162 764 F
1161 702 1236 764 <ttici
1241 725 1261 764 a
1287 704 1429 765 ezdmdru
1445 722 1522 784 meye-

712 809 807 875 rb'siti
824 807 922 874 elobti
939 809 1148 894 adomdnya't.
1175 809 1270 872 1382.

532 971 679 1039 Karolus
705 969 836 1035 Tertius
863 975 923 1034 eto.
938 968 1126 1034 Justitiario
1143 967 1318 1033 Prouincie
1337 967 1432 1033 Terre
1459 965 1521 1046 Barj
1578 1033 1579 1038 γ

425 1079 637 1147 cambellano
663 1086 697 1144 et
721 1078 809 1161 fidelj
836 1081 949 1142 nostro
975 1076 1116 1158 gratiam
1141 1080 1174 1139 et
1199 1075 1318 1140 bonam
1343 1074 1523 1140 uoluntatem.

424 1187 654 1272 Significamus
673 1187 733 1254 tibi
760 1184 847 1270 quod
863 1186 991 1252 nouiter
1006 1184 1156 1250 Fabiano
1172 1182 1212 1248 de
1231 1182 1397 1266 Stephano
1412 1184 1524 1265 Vngaro
1578 1223 1579 1226 =

424 1297 580 1382 familiarj
598 1305 631 1363 et
647 1297 736 1380 fidelj
753 1299 865 1361 nostro
890 1293 1097 1378 priuilegium
1124 1297 1270 1358 nostrum
1287 1293 1484 1358 concessimus
1497 1291 1524 1353 iu

423 1403 825 1579 116οἿΘῙΓζἙᾷὶιιεΤετῐιιὶε
845 1510 905 1575 alb.
934 1507 1140 1594 (libuetlieaik
1166 1529 1186 1572 a
1211 1507 1382 1592 kiralynm
1409 1506 1521 1573 1382-lri

423 1621 616 1706 adomanya,
632 1621 713 1686 mint
729 1618 859 1685 fentebb
877 1622 951 1684 239.
968 1639 1010 1684 sn.
1027 1617 1071 1703 a.)

528 1727 577 1796 Vt
592 1729 705 1812 itaque
715 1731 913 1793 memoratus
929 1725 1107 1808 Fabianus
1118 1725 1260 1808 dictique
1278 1727 1328 1792 sui
1345 1724 1470 1790 heredes
1483 1745 1522 1787 as·

423 1843 602 1922 sequantur
617 1835 766 1921 predicte
781 1835 998 1900 concessionis
1016 1840 1049 1898 et
1065 1835 1168 1918 gratie
1185 1841 1294 1899 nostre
1314 1833 1461 1912 fructum3
1481 1853 1522 1894 m·

422 1946 528 2012 lumus
544 1949 578 2011 et
592 1943 744 2029 fidelitatj
761 1949 817 2008 tue
832 1941 1032 2026 presentium
1048 1948 1161 2008 tenore
1178 1942 1372 2008 mandamus
1388 1959 1521 2025 expresse.

422 2061 582 2137 quatenus
593 2051 730 2119 eundem
739 2051 932 2134 Fabianum,
942 2052 996 2116 uel
1007 2072 1170 2135 snumpro
1181 2073 1218 2116 eo
1229 2059 1464 2134 procuratorem
1477 2055 1522 2112 aut
1578 2123 1579 2130 ἵ

421 2165 573 2229 nuncium
589 2163 623 2230 in
639 2162 875 2248 possessionem
901 2159 1122 2246 predictorum
1148 2162 1308 2228 bonorum
1325 2162 1485 2227 feudalium
1498 2163 1523 2220 et
1578 2181 1579 2186 ¹

420 2270 509 2337 feudi
525 2271 671 2355 superius
694 2269 940 2355 particulariter
965 2275 1197 2335 annotatorum
1222 2291 1294 2334 cium
1317 2268 1485 2335 rationibus
1497 2269 1522 2326 et
1577 2307 1579 2334 l

417 2379 548 2462 juribus
565 2378 607 2445 ad
622 2379 708 2444 bona
724 2377 795 2461 ipsa
810 2376 954 2443 feudalia
970 2384 1003 2442 et
1018 2376 1141 2442 dictum
1156 2374 1287 2443 feudum
1313 2374 1522 2461 pertinentibus
1578 2451 1579 2454 Ἴ

420 2494 453 2552 et
469 2485 689 2570 spectantibus
706 2482 941 2570 quoquomodo,
958 2485 1118 2568 siquidem
1134 2505 1173 2549 ex
1188 2487 1348 2569 premissa
1365 2479 1523 2550 rebellionis
1577 2531 1579 2568 2

420 2613 520 2660 causa
544 2601 576 2658 et
600 2595 667 2660 lese
693 2593 881 2659 Maiestatis
906 2593 1039 2659 crimine
1065 2593 1154 2658 bona
1171 2594 1243 2676 ipsa
1258 2592 1402 2659 feudalia
1417 2593 1523 2656 instent
1578 2579 1579 2586 '

419 2700 660 2766 rationabiliter
676 2701 740 2766 sint
751 2701 793 2766 ad
803 2721 916 2765 manus
932 2701 1032 2784 ipsius
1049 2699 1147 2766 Ourie
1158 2707 1266 2766 nostre
1276 2700 1439 2780 deuolute,
1449 2701 1522 2764 iuxta
1577 2681 1578 2686 ἵ

419 2809 560 2892 predicti
575 2811 739 2894 priuilegij
757 2811 862 2874 nostri
887 2811 1121 2876 continentiam
1138 2819 1170 2875 et
1195 2817 1343 2876 tenorem
1360 2811 1483 2876 inducas
1496 2825 1522 2869 aa
1577 2873 1578 2880 χ

418 2917 528 2983 induci
544 2917 678 2983 mandes
703 2925 737 2982 et
760 2917 863 2983 facias
888 2921 1086 2985 auctoritate
1112 2922 1308 3002 presentium
1336 2916 1522 3003 corporalem,

419 3027 560 3092 tenenda
575 3033 606 3093 et
623 3025 820 3110 possidenda
837 3024 986 3109 deinceps
1002 3028 1212 3110 pereundam
1229 3027 1413 3093 Fabianum
1430 3032 1459 3091 et
1473 3024 1522 3088 die·
1576 3001 1578 3078 l

418 3142 470 3199 tos
496 3136 563 3199 eius
588 3135 725 3200 heredes
750 3135 841 3198 iuxta
860 3132 998 3214 predicti
1015 3137 1117 3200 nostri
1135 3135 1298 3220 priuilegij
1317 3137 1429 3202 seriem
1446 3141 1522 3212 atque
1577 3193 1578 3196 ,

417 3241 565 3324 formam,
582 3242 707 3326 sibique
723 3241 847 3308 intendi
858 3249 889 3306 et
900 3244 1090 3327 responderj
1108 3243 1147 3308 de
1165 3245 1297 3325 iuribus,
1313 3243 1485 3309 redditibus
1499 3241 1520 3300 et

418 3351 630 3432 prouentibus
647 3351 803 3416 bonorum
820 3349 1039 3433 predictorum
1057 3351 1234 3417 feudalium
1252 3358 1284 3416 et
1294 3351 1383 3416 feudi
1400 3344 1521 3436 predicti,
1576 3343 1578 3370 ³

419 3458 578 3523 fidelitate
595 3464 717 3540 nostra,
734 3460 856 3523 nostris
872 3459 946 3542 alijs
957 3467 989 3525 et
1000 3459 1174 3525 cuiuslibet
1185 3459 1521 3545 alteriusjuribnssen·
1576 3435 1578 3444 ¹

417 3587 476 3649 per
492 3566 598 3630 saluis.
615 3565 666 3630 De
683 3567 868 3632 executione
895 3589 972 3632 uero
998 3569 1196 3652 presentium
1215 3590 1287 3634 euin
1305 3567 1409 3632 forma
1434 3580 1519 3630 esurum

418 3673 489 3755 fier-j
505 3672 607 3738 facias
633 3675 698 3740 tria
721 3675 853 3759 publica
878 3676 1060 3741 consimilia
1085 3675 1304 3742 inctruinenta
1331 3695 1459 3758 quonum
1475 3687 1519 3732 run

416 3784 477 3848 tibi
494 3789 631 3864 retento,
657 3784 722 3849 alio
738 3784 865 3867 prefato
882 3785 1033 3851 Fabiano
1059 3786 1110 3851 uel
1137 3807 1195 3850 suo
1211 3807 1270 3869 pro
1287 3808 1325 3851 oo
1342 3776 1518 3868 procuratori

418 3889 469 3954 uel
484 3891 601 3955 nuncio
618 3892 751 3972 tradito,
761 3893 893 3958 tertium
911 3893 1081 3976 Magistris
1092 3893 1321 3960 Rationalibus
1336 3893 1451 3976 Magne
1465 3905 1518 3951 110⁵·

417 4002 467 4061 tre
484 3995 582 4063 Ourie
598 4002 712 4065 mietas
728 4002 761 4064 in
778 4002 925 4066 archiuio
952 4024 1010 4086 pro
1027 4003 1153 4067 cautela
1168 4002 1272 4086 ipsius
1305 4000 1402 4068 Curio
1417 4015 1518 4064 consen·
1576 4065 1577 4072 χ

418 4102 567 4170 nandum.
583 4105 674 4172 Data
690 4109 831 4192 Neapolj
849 4111 1060 4192 pereundam
1087 4109 1228 4175 nobilem
1245 4111 1349 4174 uirum
1380 4103 1515 4175 Gentilem
1575 4085 1577 4128 ⁴

417 4208 456 4273 de
474 4213 640 4294 Merolinis
655 4222 715 4280 etc.
732 4213 831 4280 Anno
849 4217 982 4282 Domini
999 4217 1338 4284 MeCOLXXXH.
1356 4219 1406 4284 dio
1415 4205 1516 4280 XXII.
1576 4234 1577 4288 l

416 4320 535 4384 mensis
553 4319 632 4406 Maij
653 4322 692 4389 V.
710 4322 896 4407 indictione,
913 4325 1102 4408 Regnorum
1120 4334 1267 4393 nostrum
1284 4350 1369 4392 anno
1385 4325 1481 4410 primo·

417 4427 452 4488 (A
478 4429 615 4494 »Registri
637 4432 788 4496 Angioini‹
813 4437 871 4484 358.
886 4449 961 4485 aaa.
983 4436 1128 4486 klitetebdl
1144 4438 1211 4500 Reg.
1237 4437 1332 4486 (laroli
1344 4438 1394 4487 111.
1409 4438 1459 4484 355.
1472 4431 1514 4488 lul
1574 4497 1576 4516 Ι

738 4523 790 4571 kir.
804 4523 880 4572 olasz
894 4526 1008 4589 napolyi
1021 4526 1216 4588 leueltdrban.)
