3248 5242
398 353 462 418 694
750 371 983 417 nieuouncnmr
1000 355 1168 414 munerun.

396 555 466 596 esso
482 533 689 597 manifestum
716 530 903 595 Excelentie
922 528 1034 613 Regio,
1051 527 1138 613 quod
1165 534 1277 594 nostra
1294 529 1509 595 Communites

397 663 522 724 semper
546 642 718 708 coniuncta
744 638 807 704 luit
832 638 988 722 singulari
1013 637 1229 703 benivolentia
1253 643 1287 700 et
1313 657 1422 702 amore
1447 658 1510 702 oum

399 748 538 813 Excelsa
555 748 662 812 Domo
673 744 820 826 Austrie,
837 752 869 810 et
885 746 927 810 ad
942 768 1074 828 presens
1091 751 1242 810 notanter
1252 751 1303 809 est
1314 767 1384 810 cum
1395 743 1514 809 domino

399 854 490 921 Duce
502 853 650 921 Alberto,
668 854 734 921 Sed
749 857 774 918 si
792 854 862 919 Deo
878 853 1030 937 placebit,
1054 851 1143 936 quod
1168 853 1255 918 istud
1278 853 1510 918 matrimonium

399 964 612 1049 compleatur,
627 987 686 1031 nos
711 965 903 1048 recipiemus
927 969 1053 1028 tantam
1079 963 1341 1042 consolationem,
1367 967 1513 1046 quantam

399 1074 543 1156 recipere
560 1073 748 1154 valeremus,
766 1073 844 1157 quia
868 1071 968 1136 unitis
994 1069 1037 1136 nd
1062 1071 1197 1135 invicem
1222 1069 1349 1136 duabus
1376 1069 1515 1134 amicitiis

400 1183 519 1247 nostris
550 1182 597 1246 ita
622 1182 782 1268 perfectis,
808 1181 888 1246 certi
915 1179 1090 1259 reddimur,
1117 1176 1204 1263 quod
1229 1177 1516 1263 utriusquepartis

401 1311 493 1354 umor
510 1288 683 1372 augebitur
700 1309 811 1354 versus
827 1309 894 1369 nos
910 1289 936 1352 si
953 1289 1066 1370 augeri
1083 1285 1212 1371 poterit,
1228 1295 1260 1350 et
1278 1308 1335 1351 nos
1352 1286 1448 1350 etiam
1460 1306 1516 1350 ma·

400 1397 503 1460 iorem
520 1417 651 1461 causam
672 1395 863 1462 habebimus
881 1393 1095 1460 conservandi
1120 1415 1262 1459 amorem
1287 1401 1319 1458 et
1345 1392 1517 1458 benivolen-

400 1505 479 1569 tiam
496 1505 682 1586 utriusque;
698 1503 883 1570 refferentes
908 1503 1051 1568 infinitas
1071 1512 1182 1585 grates
1197 1500 1399 1568 Excellentie
1414 1500 1518 1585 Regio,

400 1611 477 1694 quia
491 1611 538 1676 ita
554 1613 669 1694 vigilat
685 1612 728 1677 ad
744 1611 882 1678 honores
899 1618 932 1675 et
950 1610 1119 1676 commoda
1135 1618 1256 1690 nostra,
1273 1609 1316 1675 ad
1334 1631 1437 1692 eaque
1453 1631 1518 1692 pro·

402 1719 547 1784 curanda
562 1721 612 1784 ita
628 1718 723 1785 offert
738 1719 919 1785 liberaliter
939 1741 973 1784 se
991 1727 1150 1804 paratam.

511 1823 566 1892 Ad
583 1827 730 1894 ultimam
745 1850 821 1893 vero
837 1833 975 1912 partem,
991 1850 1089 1911 quam
1123 1829 1185 1910 ipsi
1212 1827 1452 1894 Ambaxatores
1473 1850 1518 1892 ex-

403 1944 590 2020 posuerunt,
607 1959 664 2021 per
681 1959 777 2020 quarn
794 1937 946 2002 videntur
961 1938 1096 2003 innuere
1114 1942 1147 2001 et
1171 1939 1337 2021 requirere
1362 1939 1461 2022 ligam
1474 1959 1520 2019 ge-

403 2044 555 2125 neralem,
572 2044 723 2109 videlicet
740 2043 827 2127 qnod
843 2043 938 2108 amici
955 2044 1050 2107 unius
1067 2044 1171 2126 partis
1186 2043 1250 2106 siut
1266 2044 1363 2108 amici
1384 2043 1519 2123 alterim,

404 2159 437 2216 et
467 2153 591 2217 inimici
622 2153 745 2218 inimici
768 2158 828 2216 etc.
853 2151 1105 2236 Respondentur
1137 2151 1218 2234 ipsis
1243 2149 1522 2232 Ambuxatoribm,

403 2259 490 2342 quod
508 2261 592 2326 sicut
609 2259 737 2325 domino
753 2260 837 2343 Regi
854 2266 887 2325 et
903 2261 964 2325 toti
980 2258 1100 2325 mundo
1117 2259 1321 2324 notissimum
1338 2267 1395 2342 est,
1407 2259 1520 2324 Civitas

405 2374 518 2433 nostra
534 2375 585 2433 est
600 2370 713 2434 taliter
729 2370 852 2434 situata
877 2374 910 2433 et
934 2367 1080 2446 fundata,
1106 2367 1193 2452 quod
1218 2388 1256 2432 ex
1283 2367 1353 2433 solo
1378 2370 1522 2434 exercitio

407 2483 587 2542 mercature
604 2477 702 2542 alitur
718 2483 749 2543 et
766 2477 919 2541 nutritur.
935 2475 1031 2540 Unde
1055 2475 1301 2559 predecessores
1328 2479 1430 2541 nostri
1455 2478 1524 2562 rigi·

404 2585 510 2650 lantes
527 2587 569 2651 ad
586 2587 863 2652 conservationem
880 2584 967 2650 dicte
983 2591 1092 2649 nostre
1110 2583 1262 2650 Civitatis
1279 2594 1525 2668 procuraverunt

406 2692 527 2759 habere
544 2701 636 2758 certa
653 2700 750 2776 pacta
766 2700 799 2758 et
815 2692 1042 2758 conventiones
1060 2713 1131 2756 cum
1147 2692 1305 2776 omnibuS,
1322 2692 1364 2758 ad
1381 2714 1444 2776 que
1459 2716 1527 2777 pac·

407 2807 442 2866 ta
460 2809 573 2884 partes
590 2802 732 2885 obligate
758 2808 842 2881 sunt,
859 2803 906 2865 ita
923 2800 1010 2884 qnod
1027 2799 1116 2865 nullo
1141 2798 1235 2866 modo
1253 2800 1296 2864 ad
1320 2802 1416 2867 istam
1432 2803 1527 2886 ligarn

407 2909 580 2975 attendere
597 2909 790 2991 valeremus,
806 2910 883 2992 quia
898 2913 1031 2991 possent
1046 2907 1179 2972 nimium
1192 2907 1408 2990 preiudicium
1424 2919 1528 2976 nostro

407 3017 510 3084 statui
527 3039 704 3100 generare;
721 3024 752 3082 et
770 3024 948 3101 propterea
974 3037 1124 3099 rogamus
1150 3016 1256 3101 ipsum
1283 3018 1447 3084 dominum
1469 3018 1529 3084 Re·

410 3147 491 3208 gem,
508 3130 667 3208 quatenus
683 3145 741 3190 nos
758 3126 878 3191 habere
895 3124 983 3190 vedit
1008 3130 1189 3189 excusatos.
1215 3124 1350 3190 Reddat
1375 3134 1484 3192 tamen
1499 3149 1528 3192 se
1600 3151 1601 3214 n

407 3233 634 3314 certissimum,
651 3233 738 3315 quod
755 3238 862 3297 terras
875 3238 907 3296 et
923 3231 1070 3296 subditos
1087 3251 1163 3296 snos
1179 3251 1236 3296 nos
1254 3255 1381 3319 semper
1404 3235 1526 3301 habebi·
1600 3229 1601 3232 '

408 3365 479 3408 mus
495 3348 532 3408 ut
548 3348 675 3407 nostros
692 3344 844 3426 proprios
860 3343 997 3424 benigne
1015 3347 1048 3405 et
1064 3340 1288 3406 favorabiliter
1304 3345 1528 3423 recommissos,

409 3456 572 3534 rogantes
588 3456 625 3514 ut
641 3471 735 3514 versa
750 3451 819 3514 vice
835 3458 923 3514 terre
940 3455 973 3512 et
989 3447 1110 3512 subditi
1128 3451 1232 3514 nostri
1247 3451 1440 3516 recommissi
1464 3453 1525 3515 sint

407 3559 577 3625 Maiestati
599 3555 672 3622 Sue.

409 3707 444 3768 (Α
460 3705 588 3754 »Secreta
601 3704 716 3754 Consilii
730 3705 919 3768 Rogatorum«
935 3704 1024 3754 czimlt
1039 3703 1176 3754 velenczei
1200 3704 1415 3756 allnmaktrllrbbl
1428 3706 1458 3755 B.
1472 3706 1528 3755 ket,

907 3803 949 3848 59.
962 3813 1000 3846 su.
1016 3799 1052 3858 a.)

411 4176 526 4240 Leiszlo'
540 4177 667 4241 sicilici
683 4177 796 4263 kirtly
817 4180 849 4240 e's
865 4200 1005 4262 rrnnpynr·
1023 4177 1220 4263 ellenkirdly
1236 4178 1431 4265 rneqhizottct
1445 4173 1526 4237 told
1599 4195 1601 4216 ¹

685 4286 1138 4371 Mapyurorezciqfdnrniboz.
1166 4289 1259 4349 1390.

520 4445 696 4509 Ladislans
714 4445 775 4509 Dei
794 4448 908 4525 gracia
925 4445 1105 4528 Hungnrie,
1119 4446 1140 4510 J
1145 4448 1313 4526 erusalem,
1323 4446 1436 4523 Sicilie,
1450 4440 1526 4506 Dal·

413 4554 524 4636 mnoie,
542 4553 687 4632 Croucic,
704 4554 818 4636 Reme,
837 4554 962 4636 Seruio,
978 4555 1117 4634 llnlicie,
1135 4553 1302 4638 Comanie,
1318 4554 1524 4638 Burgarieque

1599 4433 1601 4490 l

1599 4495 1601 4540 l
