3182 5252
596 357 689 439 1111.
1146 359 1210 442 etv

76 543 211 615 condam
229 549 350 616 domini
367 550 479 632 Ducis,
496 551 661 634 heredum,
672 559 704 616 et
716 550 845 618 Ducum
865 553 960 638 Berrj
974 564 1002 619 ct
1016 557 1208 638 Burgundie

75 658 214 722 fratrum
231 659 309 724 dicti
327 661 451 727 domini
468 661 577 740 Ducis,
595 661 869 744 presentabuntur
887 665 1097 746 solempniter
1114 663 1208 731 Com·

74 767 161 829 muni
186 767 334 848 Ragusii.
363 767 525 834 Similiter
550 769 782 852 promissiones
808 776 841 835 et
866 779 1068 836 sacramente
1083 795 1142 856 pro
1159 776 1206 839 eis

74 875 250 956 prestanda
266 897 324 958 per
342 871 501 942 Dominos
521 875 720 956 lllediolani3
745 883 778 942 et
795 885 1002 942 sacramenta
1017 901 1056 942 so
1072 881 1207 960 pronis-

74 983 179 1047 siones
204 984 327 1048 domini
353 984 488 1050 Ottonis
514 983 799 1068 presentabantur,
818 986 844 1049 si
865 1007 930 1050 non
956 985 1063 1050 forent
1079 1008 1207 1068 presen-

74 1097 153 1170 tata,
169 1091 228 1156 sub
245 1092 392 1156 terminis
420 1094 571 1175 superius
598 1094 759 1177 expressis
776 1093 810 1156 in
827 1092 1096 1176 promissionibus
1118 1095 1207 1176 prius

73 1198 304 1288 relaxatorum,
320 1201 446 1265 scilieet
472 1201 593 1266 domini
621 1200 784 1266 Johannis
810 1201 849 1264 de
873 1200 991 1266 Buolio
1018 1207 1051 1264 11
1066 1201 1206 1266 aliorum

74 1309 244 1373 sociorum.
260 1309 307 1374 Et
322 1308 347 1373 si
366 1332 430 1374 non
448 1315 678 1393 presentarent
694 1309 849 1394 predicta,
866 1315 898 1373 et
914 1307 1127 1374 effectualiter
1142 1331 1206 1374 non

73 1424 280 1483 servarentur
291 1419 398 1483 omnia
414 1441 472 1502 per
488 1441 543 1484 eos
559 1419 719 1503 promissa
730 1440 829 1503 supra
845 1425 878 1483 et
893 1419 979 1484 infra
989 1421 1129 1502 scripta,
1147 1418 1205 1482 sub

73 1523 134 1588 fide
151 1528 348 1591 sacramenti
373 1527 593 1610 promiserunt
618 1549 728 1592 omnes
754 1527 862 1591 redire
878 1528 921 1593 ad
937 1549 1084 1591 carceres
1110 1523 1205 1590 Com-

73 1633 179 1698 munis
209 1632 360 1715 Ragusii,
383 1634 418 1698 in
444 1635 560 1716 quibus
587 1633 729 1699 debeant
755 1633 895 1698 detineri
912 1633 954 1698 ad
971 1633 1206 1718 beneplacitum

73 1739 148 1804 dieti
166 1739 356 1805 Communis
374 1740 523 1823 Ragusii.
541 1739 577 1805 Si
594 1763 749 1806 veronen
766 1741 920 1820 redirent,
937 1740 1112 1806 secundum
1130 1757 1204 1822 pro-

75 1847 244 1913 missiones
259 1855 293 1914 et
309 1858 515 1915 sacramenta
540 1872 651 1915 eorum
670 1851 796 1934 possint
812 1850 972 1933 appellari
991 1857 1023 1914 et
1040 1847 1205 1914 conveniri

72 1972 130 2036 pro
147 1956 287 2039 captivis
304 1954 493 2023 Communis
510 1956 648 2040 Ragusii
666 1959 701 2022 in
718 1979 910 2040 quacunque
927 1955 1036 2038 Curia,
1053 1964 1204 2040 utsupra

74 2061 196 2128 dictum
214 2073 273 2129 est.
290 2065 379 2131 Illud
394 2065 482 2148 quod
507 2067 567 2132 sub
593 2067 691 2132 verbo
708 2067 813 2149 Regio
831 2065 928 2130 debet
943 2057 1131 2149 promittere
1149 2064 1205 2129 do-

74 2171 176 2236 minus
194 2172 266 2237 Rex
283 2174 487 2239 Francorum
504 2181 538 2239 11
550 2177 662 2259 jurare
680 2182 713 2240 et
728 2175 919 2258 promittere
948 2173 1045 2238 debet
1061 2173 1205 2237 Illustris

73 2279 205 2346 domina
222 2302 353 2345 consors
370 2281 506 2346 condam
532 2282 610 2346 dicti
632 2283 754 2348 domini
770 2281 874 2347 Ducis
892 2279 1096 2363 Andagavie,
1113 2280 1203 2344 lvere-

38 2375 41 2380 ’
74 2385 137 2467 (111,
154 2395 187 2452 11
205 2387 313 2453 Duces
327 2389 426 2454 Berri
451 2396 484 2453 et
508 2389 711 2472 Burgundie,
737 2388 907 2470 Magnifici
929 2386 1062 2451 Domini
1080 2387 1204 2451 Medio-

73 2492 148 2576 lani,
166 2496 318 2562 domiuus
335 2497 507 2562 Bernabos
524 2504 556 2562 et
572 2497 719 2562 dominus
737 2495 853 2561 Comes
863 2495 1042 2574 Virtutum,
1054 2494 1203 2558 dominus

74 2602 111 2666 de
128 2601 459 2686 Concian0,etfrater
476 2605 596 2670 domini
609 2605 763 2684 Tristani,
780 2611 813 2668 et
830 2605 892 2686 ipsi
909 2601 1046 2668 Nobiles
1063 2602 1201 2668 11111111-

74 2717 121 2776 tes
149 2713 273 2796 captivi
299 2714 490 2796 promittere
516 2720 600 2778 1111
626 2712 783 2795 obligare,
799 2711 841 2776 ad
859 2711 917 2775 hec
941 2710 1138 2776 describitur
1153 2711 1205 2774 hic

73 2819 216 2886 interius
250 2820 363 2884 Primo
380 2820 468 2903 quod
485 2817 719 2885 serenissimus
736 2819 894 2901 Princeps
911 2824 943 2881 et
959 2817 1204 2882 Illustrissinms

74 2925 221 2992 dominus
240 2925 385 2993 Karolus
402 2927 475 2992 Rex
490 2928 694 2992 Francorum
711 2949 769 3010 per
786 2947 820 2990 se
837 2934 871 2991 et
887 2945 962 2992 suos
978 2924 1124 3007 heredes,
1139 2926 1204 2990 Ba-

71 3056 173 3116 mnes,
189 3035 337 3101 subditos
353 3041 385 3099 et
400 3035 510 3100 fideles
527 3035 633 3118 Regni
650 3036 709 3115 sui,
724 3055 783 3118 per
800 3056 834 3100 se
851 3041 908 3098 aut
927 3053 1001 3097 suos
1017 3029 1197 3098 Ambaxia-

74 3149 171 3225 tores,
188 3143 336 3210 Nuneios
362 3144 410 3208 vel
436 3149 666 3226 procuratores
692 3142 734 3206 ed
759 3142 822 3206 hoc
838 3140 995 3206 habentes
1012 3141 1203 3206 mandatum

75 3252 212 3334 speciale
230 3253 409 3336 promittat,
425 3258 457 3315 et
476 3250 535 3315 sub
546 3249 608 3314 fide
620 3249 727 3334 Regia
737 3249 878 3314 affirmet
888 3268 1001 3330 pacem
1012 3256 1202 3330 perpetuam

75 3369 107 3423 et
122 3361 274 3426 stabilem
291 3360 498 3425 concordiam
516 3356 652 3422 Ciuitati
679 3358 828 3440 Ragusii‚
846 3357 968 3422 civibus
985 3363 1017 3421 et
1042 3355 1201 3421 habitato-

75 3468 162 3534 ribus
187 3491 227 3534 ae
247 3467 386 3534 subditis
403 3475 437 3532 11
452 3466 727 3549 fidelibusRegni
743 3466 925 3549 Hungarie,
942 3464 1112 3529 Dalmacie
1130 3473 1203 3546 etc,

75 3583 106 3640 11
121 3577 295 3661 quodjpse
322 3599 379 3661 per
396 3596 429 3640 se
447 3576 497 3639 vel
511 3574 611 3640 alium
628 3594 685 3638 seu
701 3573 783 3638 alios
809 3571 905 3637 modo
922 3572 1032 3656 aliquo
1049 3572 1098 3635 vel
1115 3573 1202 3654 inge-

75 3686 127 3748 nio
154 3707 220 3751 non
246 3685 446 3768 procurabit,
472 3680 638 3760 tractabit,
664 3681 713 3745 vel
740 3681 908 3745 ordinabit
932 3681 1057 3762 aliquid
1086 3685 1201 3744 contra

76 3793 305 3873 promissiones
322 3796 355 3856 et
371 3790 586 3874 obligationes
597 3787 702 3854 factas
720 3809 779 3871 per
795 3788 921 3852 nobiles
933 3787 1089 3869 capitivos
1107 3786 1207 3886 Com-y
1305 3789 1309 3800 '

75 3901 179 3965 munis
195 3899 338 3982 Ragusii
354 3906 386 3962 et
402 3919 512 3962 eorum
530 3903 743 3978 sacramenta,
760 3915 864 3977 neque
882 3896 1027 3961 obviabit
1046 3917 1102 3959 sen
1119 3917 1202 3960 eom-

75 4008 172 4089 pellet
188 4029 243 4073 eos
260 4007 311 4072 vel
328 4008 467 4091 aliquem
486 4009 639 4089 ipsorum,
656 4005 828 4088 quominus
838 4004 963 4087 possint
978 4026 1037 4086 per
1055 4025 1108 4066 eos
1126 4025 1201 4086 pro-

75 4118 172 4182 missa
189 4137 319 4183 servare
345 4123 378 4180 et
394 4115 579 4198 plenissime
604 4112 801 4196 adimplere;
826 4113 1020 4194 promittens
1038 4111 1151 4193 eciam,
1168 4116 1203 4174 ut

76 4243 182 4308 supra,
200 4224 286 4309 quod
302 4247 411 4290 omnes
428 4230 460 4288 et
478 4222 596 4306 singuli
613 4222 732 4304 captivi
749 4223 781 4284 in
800 4221 895 4303 galea
915 4220 1035 4283 domini
1054 4219 1201 4283 uuisioni

77 4337 107 4394 et
132 4332 165 4398 in
192 4334 341 4416 galeotta
366 4355 430 4397 una
460 4352 568 4395 secum
601 4331 767 4405 existento,
789 4327 871 4391 alias
888 4327 1037 4405 relaxati,
1069 4326 1202 4390 stabunt

76 4439 339 4505 conventionibus
357 4439 559 4504 detentorum
576 4438 689 4502 ultimo
706 4435 936 4500 relaxatorum.
965 4435 1008 4498 at
1027 4435 1114 4516 qnod
1130 4455 1202 4516 pre-

77 4546 161 4612 fatus
178 4549 327 4614 dominus
354 4549 426 4613 Rex
451 4570 508 4630 per
534 4570 567 4610 se
593 4546 642 4610 vel
670 4543 1203 4627 111111111111111111111111111111,
