3214 5250
385 375 450 436 aiio
738 389 973 435 ninnonnczinr
990 376 1156 434 aurdanu.

383 549 479 616 nibus
506 552 636 634 nostris,
666 571 723 616 eeu
748 572 807 635 per
830 571 945 616 manus
970 557 1108 630 nostrae,
1134 545 1286 614 uidelicet
1315 544 1500 622 Communis,

382 658 539 725 habemus
554 659 683 725 nomine
699 657 843 742 presente
859 657 987 724 domine
1004 656 1132 741 Regino
1151 663 1263 723 nostre
1273 655 1500 722 conservandos
1589 693 1591 754 ἐ

382 787 441 849 pro
458 768 528 850 ejus
544 765 731 850 majestate,
748 773 779 833 et
805 769 848 834 ad
873 766 1032 834 mandata
1057 773 1091 832 et
1116 767 1159 832 ad
1183 765 1420 849 beneplacitum
1443 760 1501 827 Sue
1589 789 1591 816 ι

383 872 587 940 Serenitatie.
603 877 725 942 Datum
742 877 849 944 Jadre
865 876 918 941 die
945 876 1030 942 XX.
1057 876 1176 940 mensis
1202 873 1401 941 Novembris
1426 892 1500 936 auno
1589 863 1591 964 J

379 979 514 1048 nomini
530 979 850 1052 nieoonxxxv.
866 985 1042 1051 indictione
1058 1005 1153 1049 nona.
1589 965 1591 988 ¹

919 1090 1317 1159 RectoresCoueiliumet
1334 1087 1500 1156 Commune
1590 1091 1591 1160 ἴ

1082 1197 1236 1264 Civitatis
1251 1197 1277 1262 J
1278 1197 1367 1264 adra

381 1341 417 1402 (Α
433 1342 533 1392 »Liber
547 1344 710 1394 Paetorum«
727 1346 816 1394 czimtt
830 1345 969 1395 velenczei
983 1345 1162 1408 dllamliu'nyv
1176 1344 1224 1396 VI.
1247 1343 1391 1395 kentebol
1411 1347 1466 1392 eie.
1475 1342 1500 1398 l)

863 1505 1021 1516 ...-——-—

909 1651 982 1715 335.

378 1809 491 1894 Jayiel
521 1811 655 1876 Uidezlu'
678 1811 838 1876 litvdne'oi
861 1813 1021 1898 fejedclenr
1047 1813 1176 1897 Hcdviq
1201 1812 1325 1898 lenpycl
1345 1811 1498 1898 kirdlyuc',

379 1918 404 1979 J.
424 1918 523 2002 Lojoc
538 1944 681 2006 riragyui·
705 1922 739 1984 e'e
762 1921 885 2008 leoqyel
910 1922 1024 2007 liu‘rdly
1040 1921 1226 2006 leduydnok
1243 1919 1339 2000 keten,
1356 1944 1371 1983 a
1388 1921 1496 1983 euuela

708 2029 829 2116 lcnqycl
846 2033 933 2094 troici
950 2031 1054 2116 nycri.
1080 2031 1174 2094 1336.

485 2187 556 2256 Nos
573 2188 718 2256 Wlodko
735 2186 937 2274 Capitoneus
953 2188 1303 2270 Lublineueis,Petrus
1315 2175 1496 2254 Sialranecz

375 2294 612 2380 Subdapilerus
629 2294 867 2380 Cracouiensis,
883 2295 1041 2362 Nicolaua
1051 2293 1261 2362 Castellanus
1272 2295 1496 2362 Zauiclrosten·

374 2403 428 2476 sis,
444 2409 478 2467 et
494 2401 657 2469 Cristinus
675 2403 783 2469 Tutor
798 2402 969 2486 Kazimiri,
986 2410 1101 2470 notum
1117 2402 1254 2469 iacimus
1264 2405 1424 2469 uniuersis
1434 2425 1494 2487 pru·

375 2513 517 2576 cencium
534 2512 688 2578 noticiam
706 2512 918 2596 inspecturis,
943 2512 1032 2596 quod
1049 2511 1130 2578 feria
1146 2511 1494 2596 quintainlracctauaa

378 2618 558 2702 Epiphanio
574 2621 708 2686 Domini
719 2641 804 2686 anno
816 2620 961 2687 eiusdem
974 2621 1107 2686 Domini
1119 2605 1401 2686 MOOOLXXX.
1413 2625 1492 2686 sexto

372 2727 415 2792 ad
431 2727 678 2794 invictissimum
704 2729 891 2812 Principem
916 2728 1112 2812 Jagalonem
1129 2729 1194 2794 Dei
1209 2731 1322 2812 gracia
1337 2727 1492 2795 Summum

372 2833 496 2902 Ducem
512 2838 728 2904 Lituanorum
745 2844 777 2902 et
787 2836 904 2902 Ruseie
921 2836 1094 2918 Heredem,
1111 2859 1183 2902 cum
1199 2837 1418 2922 legacionibus
1433 2834 1491 2900 No·

371 2943 494 3025 bilium,
510 2945 699 3026 Procerum,
724 2947 883 3010 maiorum
900 2946 1023 3029 pariter
1040 2952 1073 3010 et
1090 2945 1251 3011 minorum
1268 2952 1337 3012 tote
1354 2945 1492 3011 Commu·
1590 2931 1591 3004 Ῠ

372 3053 484 3117 nitatis
502 3054 610 3138 Regni
626 3053 764 3118 Polonie
782 3074 854 3117 curn
870 3051 990 3118 litteris
1008 3051 1273 3134 credencialibue,
1283 3052 1432 3119 videlicet
1442 3049 1490 3117 se-
1589 3069 1591 3136 ἦ

370 3163 532 3227 renissimi
557 3161 720 3245 Principis
746 3154 894 3225 Ladislai
920 3159 1039 3225 eadem¹
1059 3161 1123 3226 Dei
1150 3163 1263 3244 gracia
1289 3183 1361 3226 cum
1378 3183 1449 3243 uua¹
1462 3165 1491 3221 et
1589 3145 1591 3170 ’

370 3269 545 3336 eorundem
560 3270 730 3336 Nobilium
756 3267 988 3352 Magnatorum
1013 3268 1123 3352 Regni
1142 3269 1284 3354 predicti
1299 3261 1413 3336 littera
1429 3287 1492 3336 cum

370 3377 476 3442 altera
492 3379 636 3443 venimus
663 3377 775 3461 uigore
800 3375 1006 3460 quarundam
1025 3377 1211 3443 litterarum
1228 3378 1492 3452 credencialium;

370 3492 403 3550 et
435 3487 563 3552 nomine
603 3486 780 3551 eorundem
820 3485 1036 3551 Dominorum
1071 3506 1143 3551 cum
1177 3486 1249 3570 ipso
1282 3486 1414 3553 dondno
1437 3485 1489 3552 da·
1590 3533 1591 3536 ,

369 3593 488 3676 galone
524 3594 647 3677 Magno
687 3591 782 3659 Duce
823 3598 1017 3675 prenarrato
1058 3592 1323 3660 condicionaliter
1360 3593 1494 3659 ditiniui·

369 3722 441 3765 mus
468 3708 500 3767 et
525 3701 638 3766 taliter
672 3700 895 3785 pactauimui13
924 3701 972 3764 ita
998 3701 1088 3782 quod
1121 3701 1227 3785 ipsum
1263 3723 1323 3786 pro
1356 3702 1494 3768 Domine
1589 3753 1591 3766 .

369 3829 408 3874 ac
433 3809 524 3893 Rege
550 3807 658 3893 Regni
684 3807 836 3890 eiusdem,
860 3805 1011 3873 videlicet
1042 3807 1188 3892 Polcnie,
1213 3810 1355 3876 Domino
1388 3815 1492 3875 nostro
1590 3799 1591 3802 ¹

364 3917 580 4003 perelegimus
615 3925 647 3982 et
688 3917 946 4002 assumpsimus;
980 3915 1040 3982 eibi
1076 3939 1206 4001 quoque
1248 3919 1496 3985 Inclitissimam

365 4028 560 4112 Heduigem,
585 4035 618 4093 et
642 4028 825 4112 preclaram
860 4026 1024 4110 Reginum
1060 4026 1197 4094 Polonie
1229 4027 1428 4094 Naturalem
1459 4027 1490 4091 in

366 4137 536 4219 coniugem
553 4136 741 4219 legitimam
767 4133 956 4200 condicione
982 4134 1215 4201 matrimoniali
1242 4134 1406 4218 dedimue,
1431 4155 1499 4200 con·

364 4244 533 4326 donamus,
549 4243 742 4310 conferimus
768 4251 800 4309 et
825 4241 1022 4309 contulimus
1053 4243 1279 4327 copulandam.
1301 4243 1410 4328 Quam
1430 4245 1496 4326 qui·

364 4353 438 4418 dem
454 4359 600 4420 nostram
624 4351 872 4434 ordinationem,
900 4357 934 4417 et
959 4349 1183 4418 definicioncm
1211 4345 1358 4420 nostram
1376 4360 1410 4418 et
1426 4371 1496 4417 con·
1589 4359 1591 4438 ἶ

362 4467 514 4542 tractum,
540 4471 573 4526 vt
598 4461 773 4546 prefertur,
797 4461 891 4527 iuxta
915 4461 1016 4526 ritum
1032 4459 1237 4545 legacionum
1254 4469 1438 4530 nostrarum
1454 4459 1493 4526 ab
1590 4447 1591 4450 ¹

363 4572 512 4637 omuibus
530 4571 720 4654 Regnicolis
737 4570 845 4652 Regni
871 4571 1054 4654 prenarrati
1071 4572 1291 4655 promittimus
1309 4578 1341 4636 et
1358 4567 1489 4655 sponde·
1589 4599 1591 4616 u
