3190 5252
422 369 488 439 476
782 389 1014 436 nmuouaczrni
1030 379 1199 438 anabusn.

423 547 609 630 subscripta
625 549 712 614 bona
726 547 878 631 feudalia,
896 572 957 633 quc
975 549 1106 616 suerunt
1116 550 1210 617 Petri
1221 549 1420 632 (theotonici,
1430 551 1526 618 Militis

422 653 545 719 domini
562 654 699 722 Octonis
725 656 828 722 Ducis
854 659 1112 740 Bruusuicensia
1129 659 1194 724 sita
1209 659 1243 723 in
1259 660 1423 725 territorio
1445 657 1527 742 ursnj

422 770 455 828 et
472 763 671 846 Vigiliarum
688 771 747 831 etc.
763 763 877 849 (prout
901 771 973 834 tota
997 767 1103 833 forma
1128 768 1252 851 scripta
1277 767 1385 832 estin
1411 765 1527 833 incalio
1579 817 1581 824 a

423 878 582 954 quaterno
597 873 842 956 priuilegionum
868 875 1032 958 presentis
1057 875 1133 939 anni
1160 875 1273 958 quinte
1288 874 1470 941 indictionis
1483 875 1528 939 sub

422 979 685 1065 data).Nenpolj
703 981 917 1064 pernobilem
943 983 1047 1048 virum
1073 979 1240 1050 Gentilem
1257 982 1297 1048 de
1313 981 1476 1050 Merolinis
1496 981 1527 1046 de

424 1085 580 1153 Sulmona
596 1094 656 1152 otc.
673 1087 772 1154 Antio
798 1088 932 1155 Domini
948 1087 1288 1158 MuOOmXXXH.
1305 1089 1357 1156 die
1372 1089 1447 1158 XV.
1461 1109 1530 1154 men·

423 1196 467 1260 sis
483 1193 609 1276 Aprilis
626 1195 667 1262 V.
684 1195 882 1279 indictionis,
899 1197 1089 1282 Regnorum
1106 1204 1254 1264 nostrum
1272 1219 1357 1264 anno
1375 1200 1401 1264 Ι.

530 1301 614 1384 (ΙΙΙ.
638 1301 768 1388 Karoly
796 1305 930 1372 lasa-ki
965 1306 1158 1390 megerdsitd
1183 1306 1442 1390 privilegiumbbl
1463 1306 1530 1372 mint

423 1408 521 1474 altbb
539 1413 613 1474 241.
631 1429 672 1475 sz.
689 1409 734 1498 a.)

422 1553 458 1616 (Δ
483 1555 621 1620 »Registri
643 1555 792 1621 Angicinit
817 1561 878 1610 358.
901 1573 938 1610 ει.
960 1573 984 1611 a.
1007 1559 1151 1610 ketetebol
1173 1559 1241 1624 Reg.
1256 1559 1351 1610 Caroli
1364 1559 1415 1610 111.
1430 1559 1531 1610 teate

702 1646 755 1698 kir.
766 1649 842 1698 elasa
855 1649 969 1715 utpolyi
983 1664 1056 1716 nagy
1070 1649 1264 1716 levelttrban.)

955 1974 1029 2039 240.

421 2133 492 2196 ΙΙΙ.
519 2134 647 2220 Ka'roly
671 2135 797 2199 sicilici
820 2135 1003 2222 kirdlynalo
1028 2137 1097 2201 to'bb
1122 2136 1260 2224 ccipolyi
1285 2139 1382 2201 ledzat
1397 2133 1530 2222 tdrgpozd

423 2241 609 2330 adomdcyc
626 2267 648 2306 a
664 2243 975 2331 Mapyarorsadpbdl
998 2244 1060 2307 vele
1078 2245 1144 2328 jo'tt
1168 2245 1324 2326 szakdoao
1350 2243 1413 2308 Ράὶ
1437 2253 1531 2307 mester

845 2355 1008 2416 szdoia'ro.
1034 2355 1130 2418 1382.

530 2509 674 2577 Karalus
690 2510 823 2578 Tertius
839 2519 899 2578 etc.
916 2511 1075 2577 uniuersis
1096 2517 1265 2595 presentes
1281 2510 1414 2579 licteras
1428 2511 1531 2594 inspec
1579 2559 1581 2580 ,

422 2619 507 2683 turis
523 2623 591 2683 tam
607 2619 814 2703 presentibus
840 2641 937 2703 quam
962 2618 1093 2685 suturis.
1120 2617 1212 2685 Sicut
1228 2620 1408 2702 potentiam
1423 2617 1528 2683 Princi·
1578 2617 1580 2640 ³

422 2727 472 2809 pis
487 2726 611 2792 exaltat
627 2730 844 2794 remuneratio
870 2729 1107 2810 subiectorum3
1134 2729 1181 2793 sic
1197 2731 1366 2794 consueuit
1386 2725 1527 2795 interdum
1578 2743 1580 2820 ζ

423 2832 463 2897 de
479 2832 658 2901 infidelium
677 2837 790 2920 spolijs
817 2837 882 2902 suis
907 2834 1058 2902 fidelibus
1082 2835 1264 2920 prouidere,
1293 2841 1331 2901 ut
1347 2837 1395 2902 illi
1412 2838 1448 2902 de
1464 2855 1530 2901 com·
1579 2835 1580 2842 ’

422 2941 528 3008 missis
545 2943 690 3027 improbe
706 2945 856 3008 meritam
873 2965 990 3028 penam
1001 2943 1152 3025 sentiant,
1167 2947 1201 3008 et
1217 2943 1271 3007 isti
1286 2944 1417 3008 virtutis
1433 2943 1527 3010 decore

422 3054 455 3114 et
479 3050 639 3116 fidelitate
666 3052 830 3135 conspicui
856 3075 915 3136 pro
942 3053 1098 3136 impensis
1118 3050 1332 3118 laudabiliter
1349 3049 1530 3135 seruitijsle

403 3165 533 3239 *tentus
548 3160 674 3243 premia
691 3161 877 3243 suscepisse.
903 3159 989 3227 Sane
1006 3161 1084 3226 dato
1101 3161 1195 3226 nobis
1210 3158 1361 3244 intelligi,
1378 3160 1461 3244 quod
1475 3155 1529 3222 Gu-

421 3266 549 3332 lielmus
565 3267 724 3334 Roncella
749 3289 822 3333 cum
847 3268 923 3354 filijs
949 3269 989 3334 de
1014 3267 1154 3352 Neapolj
1172 3289 1229 3334 sue
1246 3266 1364 3333 salutis
1379 3268 1531 3344 immemor,

423 3397 480 3440 nec
505 3377 615 3441 diuine
639 3398 699 3442 nec
722 3376 863 3442 humane
888 3384 1036 3443 metuens
1061 3377 1192 3443 ultionis
1218 3374 1395 3460 flagellum,
1411 3376 1528 3440 scienter

421 3506 537 3568 penam
554 3490 587 3548 et
603 3484 730 3550 notoria
746 3485 781 3550 in
798 3487 905 3550 anime
920 3506 977 3550 sue
993 3485 1168 3568 perniciem
1185 3483 1316 3549 adhesit
1333 3483 1493 3567 Antipape
1505 3485 1527 3542 et

420 3592 552 3658 Illustri
569 3593 646 3658 olim
661 3592 788 3677 Regino
798 3593 823 3660 J
825 3594 952 3658 ohanne
968 3597 1042 3677 post
1057 3592 1275 3676 priuationem
1291 3592 1362 3658 eius
1379 3592 1418 3657 de
1433 3591 1529 3670 Regno
1577 3649 1578 3654 ,

422 3700 532 3768 Sicilie
547 3702 667 3768 factam
683 3723 742 3787 per
759 3701 1005 3768 Sanctissimum
1016 3701 1152 3768 Patrem
1169 3709 1202 3768 et
1218 3701 1396 3768 Dominum
1406 3708 1529 3768 nusum

420 3809 583 3876 dominum
601 3809 772 3879 Vrbanum
798 3809 931 3877 Sextum
958 3809 1173 3877 Sacrosancte
1190 3807 1338 3876 Romane
1355 3832 1394 3876 ac
1412 3809 1528 3880 Vniuer·
1576 3835 1578 3840 ’

421 3919 499 3984 salis
517 3920 660 3986 Ecclesia
678 3919 844 3984 dominum
860 3917 1031 3985 Summum
1050 3915 1253 4000 Pontificem,
1269 3939 1308 3984 ac
1321 3919 1425 3984 multa
1440 3913 1528 4000 nequi·

422 4033 473 4091 ter
489 4028 651 4093 commisit
667 4027 777 4094 uerbis
804 4034 837 4093 et
860 4048 959 4111 opere
976 4032 1093 4092 contra
1108 4025 1231 4093 Nostre
1246 4025 1435 4092 Maiestatis
1451 4025 1528 4090 bone

422 4157 499 4217 rem,
515 4141 649 4219 propter
666 4157 729 4220 que
746 4136 929 4203 rebellionis
946 4137 1073 4220 culpam
1090 4142 1125 4201 et
1140 4136 1205 4200 lese
1220 4133 1345 4201 Nostre
1362 4132 1526 4202 Maiestatis

422 4244 542 4309 crimen
568 4245 712 4310 noscitur
738 4243 979 4309 rationabiliter
996 4243 1181 4309 incurrisse.
1209 4243 1310 4309 Cuius
1327 4245 1375 4310 rei
1392 4263 1482 4310 causa
1494 4240 1527 4322 ip·

422 4353 490 4418 sius
508 4349 665 4418 Gulielmi
682 4352 796 4417 domus
813 4353 874 4416 site
890 4353 924 4416 in
940 4352 1052 4435 platea
1077 4349 1198 4418 Sancte
1217 4350 1369 4418 Barbare
1385 4350 1424 4417 de
1440 4350 1526 4434 platea

423 4459 576 4525 Ciuitatis
593 4459 755 4543 Neapolis
771 4461 864 4524 iuxta
880 4458 994 4524 domos
1010 4457 1141 4544 Nicolaj
1158 4459 1327 4542 Roncelle,
1337 4460 1428 4526 iuxta
1437 4457 1525 4522 domos

349 4627 352 4632 ,
422 4564 512 4636 Cicci
528 4567 635 4650 Viole‚
651 4570 743 4634 iuxta
760 4568 872 4636 domos
889 4568 1019 4634 Gisoldi
1037 4567 1227 4648 Pannizate,
1252 4567 1347 4634 iuxta
1362 4569 1430 4633 uias
1445 4558 1525 4648 publi·
