3214 5250
402 411 467 474 662
756 426 990 472 nmnonncnrsr
1006 413 1177 474 nnnnnnn.

403 593 496 671 per-tu
513 586 555 651 ad
572 586 722 670 dampna,
740 608 802 670 que
818 607 933 670 passus
950 587 1021 669 fuit,
1038 593 1069 654 et
1090 584 1133 651 ad
1157 585 1204 668 id,
1220 585 1308 668 quod
1334 587 1536 668 presentavit

404 695 533 761 domino
550 694 636 778 Regi
653 717 712 778 pro
729 695 848 761 militia
864 717 924 762 sua
939 695 1100 778 predicta.

405 842 441 902 (Α
476 843 609 894 »Sacrata
640 843 753 894 Consilii
778 844 970 908 Rogatorum‹
994 842 1132 893 velenczei
1155 840 1378 892 allanraktaer.
1400 839 1543 890 notensem

905 939 947 986 29.
962 951 998 984 sz.
1013 935 1048 996 a.)

893 1096 966 1108 ο--ιι-
993 1097 1052 1104 ----

938 1263 1011 1324 392.

411 1427 528 1492 Mdrio
554 1447 695 1512 mapyar
722 1423 948 1510 kirdlyndnolr
973 1449 994 1489 a
1012 1423 1171 1511 florenczi
1199 1423 1420 1508 kdztdrsasdq.
1445 1422 1544 1486 1388.

627 1583 754 1668 Regine
771 1584 945 1668 Hungarie
962 1584 1079 1650 Mario.

521 1692 737 1759 Serenissima
776 1691 1073 1776 gloriosissimaque
1114 1692 1252 1776 Regina,
1284 1690 1548 1776 singularissimas

415 1801 527 1868 blaten
544 1805 577 1865 et
593 1801 735 1865 Domina
745 1806 865 1866 nostra.
882 1798 1088 1885 Quamquam
1105 1823 1164 1885 per
1179 1799 1329 1866 effectum
1346 1799 1451 1884 operis
1470 1820 1548 1883 cog·

413 1929 584 1974 noscamus
601 1906 817 1973 Serenitatem
834 1907 989 1976 Vestram
1005 1931 1063 1994 per
1079 1915 1219 1993 paterna
1235 1913 1268 1974 et
1283 1910 1372 1974 avita
1390 1906 1546 1991 gradien-

415 2017 458 2082 do
474 2015 612 2099 vestigia
628 2037 754 2101 semper
770 2015 870 2082 fnisse
886 2018 969 2082 cives
986 2025 1018 2083 et
1033 2025 1232 2084 mercatores
1251 2015 1463 2082 Florentinos
1482 2017 1546 2082 sin-

414 2124 539 2210 gularis
563 2123 781 2190 benivolentie
796 2125 906 2208 gratia
921 2132 1138 2209 prosecutam,
1155 2124 1195 2191 de
1212 2146 1276 2211 quo
1293 2125 1460 2190 clementie
1480 2148 1552 2191 res·

414 2239 473 2314 tre,
490 2240 612 2316 quanto
628 2233 773 2316 pleniora
788 2255 968 2318 possumus,
978 2235 1147 2302 referimus
1163 2235 1330 2318 impendia
1346 2234 1552 2317 gratiarum3

414 2341 509 2425 jurat
524 2345 652 2406 tantum
667 2341 701 2405 in
718 2340 889 2407 devotione
917 2343 1019 2410 solita
1034 2365 1095 2427 pro
1111 2343 1236 2411 nostris
1260 2341 1383 2407 civibus
1399 2342 1552 2423 scribere,

417 2454 454 2513 ut
469 2449 614 2533 privatas
640 2456 825 2516 nostrorum
852 2451 968 2517 civium
997 2452 1212 2518 tractationes
1238 2457 1414 2534 cognoscat
1429 2450 1555 2518 Vestra

417 2556 611 2624 Sublimitas
627 2558 671 2624 ad
687 2566 798 2624 nostre
814 2558 1008 2642 Reipublice
1023 2561 1165 2643 gratiam
1181 2559 1355 2644 pertinere.
1380 2559 1473 2624 Hinc
1492 2567 1549 2640 est,

418 2667 602 2750 quodcum
629 2665 746 2733 nobilis
772 2669 821 2732 vir
846 2666 1015 2733 Johannes
1041 2668 1081 2733 de
1106 2667 1280 2751 Tosinghis
1306 2668 1347 2733 de
1373 2668 1547 2734 Florentia

418 2775 563 2858 plurium
580 2783 766 2840 nostrorum
783 2776 899 2841 civium
916 2777 1050 2858 negocia
1065 2777 1154 2841 intra
1169 2777 1269 2840 vestri
1287 2775 1421 2858 gloriosi
1439 2773 1550 2858 Regni

419 2883 574 2947 terminos
599 2881 815 2964 administret,
840 2885 946 2966 ipsum
961 2883 1158 2966 benignitati
1175 2883 1277 2948 rostri
1293 2882 1428 2964 Throni,
1443 2884 1548 2949 totius

421 2998 532 3056 nostre
549 2991 730 3056 devotionis
746 2990 918 3058 affectibus
935 2991 1203 3072 commendamus
1220 2992 1307 3058 omni
1321 3013 1393 3057 cum
1404 3011 1552 3057 reveren·

420 3100 467 3165 tia
484 3101 715 3184 supplicantes,
741 3106 901 3182 quatenus
927 3103 1043 3184 ipsum,
1059 3106 1092 3165 et
1108 3109 1296 3166 nostrorum
1321 3101 1439 3168 civium
1459 3101 1547 3166 sacta

422 3231 485 3292 que
511 3210 607 3291 gerit,
633 3209 810 3292 dignemini
836 3209 1039 3275 Excellentic
1057 3209 1176 3278 Vestre
1191 3207 1359 3274 favoribus
1377 3207 1555 3288 adiuvem

422 3319 471 3382 ita
486 3317 583 3400 quod,
601 3318 684 3383 sicut
705 3325 816 3401 sperat
831 3325 944 3383 nostra
967 3318 1107 3400 devotio,
1124 3317 1183 3382 sub
1200 3317 1317 3382 umbra
1332 3317 1459 3384 alarum
1477 3317 1555 3384 Ves-

423 3431 472 3490 tre
490 3423 773 3508 Supereminentie
785 3426 903 3492 nedum
914 3427 1082 3510 contingat
1099 3427 1203 3511 ipsum
1219 3425 1261 3490 ab
1277 3425 1405 3510 injuriis
1416 3423 1551 3510 protegi,

424 3532 481 3600 sed
498 3535 598 3599 etiam
623 3535 768 3618 gratioso
785 3535 818 3599 in
835 3535 961 3600 cunctis
987 3535 1253 3618 oppressionibus
1269 3533 1441 3600 sublevari.
1459 3531 1549 3599 Oete·

426 3666 498 3710 rum
525 3642 603 3724 quia
628 3641 708 3706 dicti
735 3643 838 3707 nostri
864 3641 948 3706 ciros
973 3641 1146 3726 Majestati
1172 3641 1294 3709 Vestra
1310 3661 1374 3706 non
1392 3640 1433 3706 de
1447 3640 1552 3725 parvis

426 3751 636 3836 pecuniarum
661 3751 806 3833 pecuniis
823 3749 905 3834 (igy)
923 3750 1021 3816 ctiam
1038 3773 1107 3816 cum
1126 3771 1183 3815 suo
1199 3749 1404 3816 incommodo
1423 3750 1551 3814 servire·

425 3864 510 3940 runt,
523 3857 771 3922 Humanitatem
784 3858 940 3926 Vestram
956 3857 1173 3922 devotissimis
1183 3858 1475 3941 supplicationibus
1489 3877 1553 3920 exo

425 3987 544 4046 ramus,
561 3971 722 4047 quatenus
749 3971 857 4029 nostro
884 3965 1136 4031 Communitntis
1162 3967 1292 4048 intuitu,
1310 3989 1349 4032 ao
1366 3963 1554 4047 contempla·

427 4075 515 4140 tione
542 4075 641 4140 vestri
666 4073 806 4137 nominis
824 4079 855 4137 ct
871 4075 1016 4156 lionoris,
1044 4074 1221 4156 dignemini
1238 4095 1337 4156 super
1354 4075 1495 4156 ipsorum
1508 4089 1552 4134 ss-

426 4183 620 4262 infactione,
637 4186 795 4264 quantum
812 4181 950 4264 expedit,
968 4182 1146 4264 providere,
1163 4203 1203 4245 ne
1221 4203 1281 4264 pro
1298 4180 1438 4245 servitiis
1455 4178 1546 4246 Celsi-

429 4291 533 4356 tudini
559 4285 679 4356 Vestra
705 4289 891 4373 Majestatis
917 4291 1076 4374 impensis,
1094 4289 1258 4372 aliquibus
1288 4289 1474 4354 afficiantur
1490 4287 1545 4350 dis-

429 4398 564 4484 pendiis,
581 4397 637 4462 scd
655 4419 694 4461 ox
710 4398 967 4480 promptitudine
980 4399 1195 4463 restitutionis
1212 4396 1255 4462 ad
1272 4397 1385 4462 eadem
1407 4395 1549 4461 exbiben-

432 4507 477 4571 da
503 4507 635 4572 servitia
668 4508 859 4590 propensius
885 4508 1076 4572 animentur.
1104 4507 1314 4590 Maiestatem
1331 4500 1547 4575 Vestr·am.rni

433 4637 490 4685 nos
516 4614 720 4680 ‹lerotissirue
747 4615 1020 4700 commendamus
1036 4616 1188 4694 dignetur
1213 4612 1407 4684 Altissiuurs
1423 4611 1548 4678 feliciter
