3190 5252
406 359 473 426 464
760 373 994 428 urunourezmr
1012 362 1179 427 sundran.

407 523 515 605 sumus
532 539 669 623 obligati
687 541 749 624 ipsi
765 540 895 607 domino
912 542 997 623 Regi
1010 541 1147 622 singulis
1158 540 1252 606 annis
1268 541 1303 604 in
1321 539 1403 604 festo
1421 537 1527 604 Sancti
1575 611 1576 626 χ

406 646 565 731 Stephani
582 649 706 714 solvere
733 649 869 716 ducatos
895 655 1019 732 septem
1035 648 1133 730 mille,
1159 649 1242 712 sicut
1259 648 1292 710 in
1317 651 1485 730 pactorum
1499 651 1526 709 et
1575 729 1576 732 Ἴ

405 757 497 839 pacis
513 756 617 822 forma
635 759 821 822 continetur
838 765 897 822 eto.
913 755 994 822 Ideo
1011 756 1150 838 requirit
1177 765 1211 821 et
1230 755 1322 838 petit
1339 753 1427 836 quod
1443 753 1527 819 nobis
1573 771 1576 826 j

405 865 534 948 placeat
560 865 756 930 solucionem
782 871 904 947 septem
930 884 1091 929 annorum
1117 865 1151 928 in
1176 870 1274 928 antea
1299 863 1447 942 fiendam,
1472 882 1526 944 que
1574 869 1576 916 ἲ

405 975 680 1058 summacapiunt
696 973 1047 1057 quadragintanovem
1063 972 1167 1038 millia
1183 973 1378 1037 ducatorum
1405 970 1525 1036 nomine

404 1081 588 1146 huiusmodi
605 1081 780 1146 solucionis
796 1079 943 1146 debende
968 1102 1027 1164 per
1053 1078 1216 1146 dominum
1243 1079 1368 1162 Regem
1393 1078 1525 1144 Domino

404 1188 518 1254 Padus
534 1190 567 1253 in
584 1187 749 1254 solucione
764 1189 858 1254 nobis
875 1195 908 1254 et
925 1187 1097 1254 Communi
1121 1195 1233 1253 nostro
1251 1186 1359 1252 fienda
1374 1187 1409 1252 in
1426 1185 1524 1255 Vene-

403 1296 459 1361 ciis
475 1318 533 1379 per
549 1296 724 1362 Dominum
740 1295 853 1363 Padue
868 1296 1024 1362 difalcare
1037 1317 1097 1379 pro
1112 1297 1392 1379 contemplacione
1408 1294 1520 1360 domiui

403 1405 514 1486 Regis,
524 1406 602 1488 quia
614 1408 681 1490 ipse
693 1405 840 1470 dominns
850 1405 922 1470 Rex
932 1404 1028 1469 nobis
1038 1410 1071 1469 et
1081 1401 1254 1469 Oommuni
1264 1410 1376 1470 nostro
1388 1403 1478 1468 dabit
1487 1401 1521 1466 de

402 1513 559 1595 predictis
577 1513 761 1596 quitancias
778 1513 975 1579 sufficientes
991 1520 1050 1578 etc.
1065 1511 1170 1582 Vadit
1185 1535 1272 1597 pars,
1288 1512 1377 1596 quod
1402 1531 1522 1594 respon-

403 1617 518 1684 deatur
534 1619 622 1686 dicto
637 1620 869 1687 Ambaxiatori
885 1628 918 1686 et
935 1619 1064 1687 Nuucio
1089 1620 1211 1686 domini
1236 1619 1339 1701 Regis
1365 1618 1521 1683 intellecta

402 1729 593 1795 ambasiata
610 1751 669 1796 sua
684 1730 831 1814 predicta
846 1729 940 1795 uobis
957 1730 1123 1812 sapienter
1139 1729 1297 1812 exposita,
1314 1727 1402 1811 quod
1425 1727 1522 1809 dispe

403 1835 481 1901 siclo
498 1845 613 1903 nostra
630 1844 679 1904 est
696 1838 914 1904 sincerissima
930 1845 964 1902 et
981 1837 1105 1920 optima
1120 1837 1155 1901 in
1180 1834 1412 1921 complacendo
1436 1832 1519 1900 Sere·

402 1944 534 2010 nissimo
550 1944 680 2010 domiuo
696 1945 782 2029 Regi
792 1945 965 2028 Hurrgarie
981 1946 1015 2010 in
1032 1943 1398 2027 omnihuspossibilibus
1415 1949 1518 2008 etcum
1575 1977 1576 1988 κ

401 2051 468 2116 leto
486 2060 518 2117 et
543 2052 627 2119 bono
643 2053 757 2134 corde;
785 2052 843 2118 sed
871 2059 1030 2137 quantum
1042 2053 1084 2118 ad
1109 2051 1232 2118 factum
1256 2052 1402 2134 pecunie,
1416 2052 1447 2115 in
1463 2069 1518 2132 qua

401 2165 533 2224 tenetur
548 2160 641 2226 nobis
658 2167 691 2226 et
707 2165 821 2226 nostru
837 2158 1009 2226 Communi
1033 2160 1193 2226 Dominus
1219 2159 1333 2225 Padue
1350 2161 1457 2243 vigore
1471 2175 1517 2239 pe·

401 2267 447 2331 cis
462 2287 566 2350 nuper
582 2267 753 2349 celebrate,
768 2268 814 2331 sic
830 2265 968 2333 dicimus
985 2273 1083 2331 otest
1108 2268 1227 2332 veritas
1243 2291 1250 2333 :
1268 2263 1365 2350 Quod
1390 2267 1514 2350 primam
1575 2287 1576 2302 ¹

401 2396 520 2457 pagam
536 2375 670 2458 pecunie
687 2374 851 2440 antedicto
868 2377 1049 2459 recepimus
1067 2375 1117 2450 ‘ad
1142 2376 1317 2440 terminum
1344 2373 1514 2440 ordinatum

401 2489 434 2546 et
465 2482 501 2546 in
524 2503 604 2565 pace
630 2491 826 2562 contentum,
852 2483 975 2549 scilicet
1003 2481 1041 2546 de
1067 2503 1177 2546 meuse
1202 2476 1359 2548 Octobris
1384 2481 1514 2566 proxime

401 2590 504 2673 elapsi
530 2589 857 2673 MCOOLXXXL,
883 2614 945 2674 que
970 2590 1108 2675 pecunia
1133 2590 1203 2655 sive
1225 2591 1332 2673 prima
1356 2611 1439 2674 paga
1462 2587 1513 2652 fuit

401 2698 514 2761 statim
524 2699 702 2764 distributa
713 2700 863 2782 etposita
872 2700 905 2762 in
917 2697 1066 2781 expensis
1076 2697 1284 2762 neccessariis
1295 2718 1357 2779 pro
1367 2697 1513 2763 fautiano-

400 2806 494 2887 stris;
526 2806 698 2872 secundam
724 2828 800 2872 vero
826 2826 946 2890 pagam
971 2803 1113 2869 fiendam
1131 2804 1174 2868 ad
1210 2802 1340 2869 Pascha
1360 2804 1399 2869 dc
1417 2821 1512 2868 mense

400 2912 528 2996 Aprilis
543 2914 689 2996 proximo
702 2913 771 2997 jam
788 2933 861 2978 curn
877 2912 1025 2977 maximis
1036 2910 1308 2994 solemnitatibus,
1325 2911 1476 2976 striaturis
1484 2913 1511 2971 et

401 3019 659 3103 obligacicnibus
674 3019 947 3086 inrevocabilibus
964 3018 1191 3101 deputavimus
1207 3017 1329 3099 multis,
1340 3020 1451 3104 quibus
1472 3024 1510 3080 te-

400 3149 523 3210 nemur,
541 3130 598 3212 qui
608 3136 801 3195 mntuarunt
816 3128 967 3194 denarios
978 3133 1091 3192 nostro
1102 3125 1272 3192 Communi
1282 3125 1315 3190 in
1327 3149 1441 3213 guerra
1449 3143 1509 3208 pro·

338 3236 342 3243 '
400 3236 484 3300 xime
500 3239 667 3320 preterita,
692 3259 751 3303 nec
776 3256 944 3320 possemus
971 3234 1019 3300 eis
1044 3232 1181 3300 deficere
1207 3235 1248 3300 de
1263 3237 1436 3318 promissis
1457 3231 1509 3296 nisi

400 3364 473 3420 curn
489 3345 661 3410 manifesto
687 3343 867 3429 preiudicio
883 3350 917 3408 et
939 3342 1150 3408 onerenostri
1174 3343 1339 3426 Dominii;
1363 3342 1445 3428 qnod
1468 3361 1509 3404 su·

398 3473 469 3518 mus
484 3454 667 3535 certissimi,
683 3451 771 3536 quod
787 3452 937 3517 dominus
953 3450 1027 3515 Rex
1042 3448 1219 3515 nolletullo
1235 3449 1342 3515 modo.
1357 3451 1406 3517 De
1420 3446 1508 3514 tercia

401 3582 475 3626 veru
491 3582 578 3645 paga
594 3562 687 3627 nobis
712 3560 820 3627 fienda
846 3581 904 3644 per
921 3557 1097 3624 Dominum
1124 3555 1238 3623 Padue
1262 3557 1306 3623 ad
1332 3557 1455 3624 Pascha
1475 3553 1507 3618 de

397 3690 505 3735 mense
521 3668 650 3754 Aprilis
665 3671 813 3755 proximo
829 3689 931 3752 usque
948 3688 1049 3732 unum
1066 3687 1187 3732 annum
1202 3668 1393 3750 proximum,
1412 3684 1507 3730 sumus

398 3779 543 3844 contenti
558 3779 621 3861 ipsi
637 3776 779 3844 Domino
795 3777 950 3844 alacriter
966 3773 1168 3859 complacere
1194 3775 1372 3841 secundum
1385 3770 1505 3857 requisi·

398 3887 523 3951 cionem
542 3884 606 3952 Sue
622 3885 727 3970 Regie
742 3885 941 3966 Maiestatis,
953 3885 1037 3950 sicut
1053 3886 1086 3948 in
1096 3883 1213 3948 cedula
1230 3883 1412 3950 ambaxiate
1422 3877 1507 3946 conti·
1575 3929 1576 3962 3

398 3997 514 4076 netur;
537 4015 599 4078 que
613 3995 716 4060 tercia
732 4001 765 4060 et
780 3994 897 4060 ultima
912 4013 999 4076 paga
1015 3997 1064 4058 est
1090 3991 1282 4058 ducatorum
1298 3988 1505 4075 septemdecim
1575 3979 1576 4024 ³

396 4101 534 4168 millium
549 4103 600 4169 vel
615 4103 710 4170 circa.

434 4247 469 4306 (Α
485 4248 593 4298 »misti«
615 4249 706 4299 ozlmlt
718 4249 858 4299 velenczei
872 4248 1101 4310 allamkdnyvbdl
1115 4247 1261 4297 XXXVII.
1275 4247 1360 4297 necet.
1376 4248 1430 4295 102.
1443 4243 1469 4304 l.)
