3226 5258
3 450 7 529 l

3 548 7 645 l

619 382 713 448 1371.
1210 391 1230 456 9

98 560 333 642 ordinacionem,
349 559 590 645 prohibiciones
616 568 650 628 et
675 569 800 629 statuta
826 582 922 647 super
939 565 1103 649 premissis
1119 565 1233 634 leceri-

1 698 6 761 ιι
97 689 177 751 nna
190 689 296 752 penas
313 667 417 734 eciam
428 669 597 752 graviores
606 671 820 752 continentes,
829 672 1054 764 prefatamquo
1069 673 1233 759 Reginam

98 777 217 842 nostris
233 779 356 843 litteris
372 778 561 844 duxerimus
587 779 828 863 exhortandam,
843 787 880 846 ut
895 781 1026 846 omniuo
1051 789 1234 867 precaveat,

1 933 2 956 ι
98 907 134 951 ne
149 885 342 952 huiusmodi
367 889 476 950 terras
501 884 644 952 demanii
670 887 790 952 alienet
821 889 1060 975 quoquomodo,
1075 896 1108 955 et
1125 892 1152 957 si
1170 911 1234 974 que

99 993 242 1060 alienate
259 994 335 1074 sint,
352 1014 408 1061 eas
424 991 547 1078 absque
572 1015 662 1060 mere
687 994 858 1079 dispendio
875 1017 1069 1080 recuperare
1086 1021 1150 1064 nen
1167 1006 1234 1065 tar·

99 1102 170 1180 det;
194 1107 229 1169 et
244 1107 431 1187 propterea,
447 1122 486 1167 ac
501 1101 600 1167 etiam
615 1102 694 1187 quia
710 1108 825 1169 centra
835 1111 932 1188 pacta
941 1105 1133 1171 iuramentis
1144 1106 1233 1173 tacta

1 1225 3 1238 '
99 1210 183 1274 inter
198 1209 348 1275 eamdem
364 1207 548 1276 Romanam
562 1208 744 1275 Ecclesiam
755 1216 788 1276 et
801 1209 888 1276 clare
905 1213 1057 1278 memorie
1072 1212 1228 1280 Carolum

100 1317 224 1401 Regem
241 1315 357 1384 Sicilie
372 1315 535 1385 illustrem
559 1318 593 1384 in
618 1319 824 1386 concessione
839 1319 918 1388 dieti
934 1319 1044 1404 Regni
1069 1320 1183 1387 habita
1198 1329 1232 1387 et

1 1437 3 1494 Ῐ
100 1426 181 1492 inita
196 1425 308 1508 suerit,
323 1426 414 1492 dicta
428 1425 558 1510 Regina
583 1426 726 1511 aliquem
742 1448 782 1492 ex
798 1427 896 1494 dictis
912 1426 1155 1512 Principatibus
1173 1451 1231 1495 seu

1 1539 3 1612 ζ
100 1533 247 1599 Mentem
262 1534 455 1618 predictum,
478 1555 551 1602 cum
577 1535 643 1601 sint
660 1535 700 1601 de
716 1535 899 1604 huiusmodi
926 1536 1083 1616 demanio,
1100 1544 1133 1602 et
1147 1545 1233 1604 esset

1 1683 2 1686 =
100 1642 287 1708 destruccio
303 1643 384 1709 dieti
400 1642 510 1728 Regni
527 1641 649 1726 Sicilie,
666 1644 752 1727 quod
767 1665 789 1710 a
803 1645 896 1712 nobis
907 1650 940 1710 et
950 1645 1064 1712 eadem
1079 1647 1233 1713 Romana

100 1750 258 1828 Ecclesia,
275 1756 312 1814 ut
327 1749 534 1834 predicimus,
558 1756 689 1818 tenetur
705 1752 740 1816 in
755 1749 900 1834 feudum,
922 1759 1021 1837 prout
1046 1753 1120 1819 Tus
1136 1751 1232 1818 Sere·

1 1853 2 1922 }
99 1860 183 1924 nitas
199 1856 303 1942 peciit
319 1857 496 1924 concedere
522 1866 664 1943 nequeat
679 1859 925 1944 quoquomod03
950 1867 982 1924 et
998 1858 1027 1924 si
1043 1859 1116 1942 ipsa
1130 1860 1232 1926 etiam

1 2057 2 2064 ἵ
101 1966 159 2030 hoc
175 1966 284 2044 vellet,
309 1987 369 2030 nos
394 1967 430 2031 in
454 1966 667 2050 preiudicium
692 1967 835 2032 eiusdem
860 1967 1009 2032 Romane
1033 1966 1181 2032 Ecclesia
1197 1967 1231 2034 id

99 2075 184 2140 nullo
213 2075 312 2140 modo
340 2080 537 2158 pateremur.
553 2075 636 2142 Ideo
652 2073 873 2142 Serenitatem
888 2071 993 2138 Tuam
1009 2072 1104 2138 nobis
1120 2095 1231 2140 caram

100 2203 260 2266 rogamus,
276 2189 309 2248 et
324 2181 496 2250 hortamur
512 2183 546 2247 iu
561 2181 712 2263 Domine,
728 2181 821 2248 illam
836 2181 999 2249 attencius
1009 2181 1234 2266 deprecantes,

1 2290 2 2296 ’
100 2293 253 2373 quatinus
269 2313 331 2375 pre
347 2295 473 2374 nestra,
488 2295 521 2356 et
534 2288 727 2375 Apostolice
744 2287 840 2356 Sedis
855 2289 1047 2354 reverencia
1064 2287 1228 2372 prefatam

100 2397 269 2482 Reginam,
296 2420 396 2482 quam
422 2398 488 2466 suis
503 2397 708 2483 exigentibus
723 2398 850 2464 meritis
866 2397 989 2462 sincere
1006 2395 1179 2482 diligimus,
1195 2397 1229 2462 in

100 2509 264 2590 premissis
289 2507 410 2575 habere
434 2509 516 2574 velis
543 2514 743 2590 excusatam,
766 2527 806 2574 ac
830 2507 869 2586 ei,
894 2513 994 2590 prout
1010 2506 1109 2572 etiam
1125 2526 1230 2590 nuper

1 2651 2 2656 κ
99 2615 158 2682 tibi
184 2637 243 2698 per
268 2615 351 2682 alias
376 2621 510 2682 nostras
534 2615 662 2682 litteras
679 2615 877 2700 scripsimus,
893 2619 932 2678 ut
946 2612 1099 2698 Regnum
1116 2611 1229 2680 Sicilie

99 2723 283 2806 predictum
299 2724 334 2788 in
349 2722 486 2807 pacifico
511 2730 543 2789 et
567 2722 745 2809 tranquille
762 2728 851 2788 statu
866 2726 1068 2805 permaneat,
1085 2719 1229 2788 favorem

99 2837 188 2897 tuum
215 2831 401 2898 benivolum
426 2830 586 2918 prebeas,
610 2851 736 2898 necnon
751 2828 915 2916 prefatum
931 2827 1179 2914 Imperatorem,
1198 2828 1228 2894 ei

100 2959 196 3024 super
210 2941 272 3007 hec
288 2940 467 3008 efficaciter
492 2939 663 3008 scribendo
689 2939 815 3005 hortari
830 2938 920 3022 velis,
934 2945 972 3004 ut
986 2935 1150 3023 prefatam
1164 2935 1230 3002 Re-

99 3047 208 3129 ginam
224 3054 394 3134 tamquam
411 3047 578 3115 dominam
603 3054 637 3113 et
661 3067 806 3114 sororem
831 3067 924 3112 suam
939 3045 1077 3112 honoret
1092 3049 1125 3109 et
1141 3064 1229 3109 reve·

97 3162 218 3237 reatui,
245 3178 284 3224 ac
309 3158 414 3224 eidem
439 3157 581 3240 obediat,
597 3163 635 3222 nt
651 3161 791 3239 tenetur,
816 3155 987 3241 nullasque
1003 3153 1166 3219 novitates
1181 3151 1229 3217 fa·

98 3282 172 3328 cere
186 3285 242 3350 seu
258 3271 457 3348 attemptare
473 3270 660 3348 presumat3
683 3285 757 3330 cum
771 3269 883 3330 nostre
899 3261 1094 3330 intenciouis
1109 3279 1228 3342 nequa-

98 3391 197 3453 quam
211 3372 339 3456 existat,
363 3370 529 3457 prefatum
555 3371 706 3458 Regnum
721 3371 870 3454 lacerari,
886 3371 943 3437 sed
958 3368 1085 3454 pretate
1100 3367 1230 3452 Regina

97 3498 158 3559 pro
184 3485 272 3546 statu
296 3502 356 3547 aue
382 3486 416 3546 et
440 3479 563 3546 honore
578 3499 619 3546 ac
633 3478 771 3562 pacifico
788 3485 822 3544 et
836 3477 1015 3564 tranquillo
1043 3480 1132 3542 statu
1148 3475 1228 3543 dicti

96 3584 206 3668 Regni
223 3587 452 3654 conservandis
468 3587 685 3672 spiritualiter
700 3592 733 3652 et
748 3584 972 3671 temporaliter
997 3583 1108 3649 favere
1123 3583 1229 3649 inten-

1 3778 2 3787 ,
97 3689 214 3760 damus
238 3703 352 3764 centra
376 3717 591 3781 quoscunque
617 3701 815 3780 occupantes
832 3715 889 3760 seu
905 3713 1065 3777 occupare
1083 3692 1229 3758 volentes

96 3806 205 3866 terras
220 3802 370 3885 demanii,
387 3824 443 3870 seu
460 3808 584 3870 statum
599 3803 771 3887 pacificum
788 3808 821 3868 et
835 3799 1050 3884 tranquillum
1067 3799 1147 3866 dicti
1161 3797 1229 3864 Re·

96 3910 155 3992 gni
181 3909 357 3994 turbantes,
384 3933 440 3978 seu
465 3911 599 3977 turbere
623 3911 778 3995 volentes,
802 3931 994 3996 quacunque
1019 3906 1228 3993 prefulgeant

96 4017 266 4103 dignitate,
289 4021 324 4086 in
349 4017 517 4104 premissis
533 4018 646 4086 taliter
670 4025 703 4086 te
727 4019 888 4100 habendo,
912 4016 1000 4103 quod
1016 4013 1228 4099 Omnipoten-

96 4130 167 4191 tem
184 4123 358 4194 Dominum
384 4127 446 4194 tibi
472 4125 652 4193 constituas
677 4127 866 4213 propicium,
882 4125 1027 4210 Nosque,
1043 4122 1099 4208 qui
1115 4131 1148 4188 te
1165 4120 1227 4188 sin·

96 4251 176 4298 cere
192 4231 364 4318 diligimus,
381 4234 607 4301 sinceritatem
633 4241 725 4301 tuam
740 4254 806 4300 nen
821 4233 983 4300 immerito
1000 4221 1234 4298 commendare

95 4337 265 4422 possimus.
289 4341 415 4410 Datum
439 4340 605 4410 Avinione
629 4341 778 4410 kalendis
811 4339 916 4420 Junii,
940 4336 1156 4406 Pontificatus
1172 4355 1228 4401 no-

97 4446 163 4512 stri
179 4465 260 4516 auno
274 4452 389 4535 primo.

420 4560 479 4623 (XI.
494 4559 612 4626 Gergely
633 4559 706 4624 palpa
718 4559 904 4626 regestdibdl.)

584 4663 742 4676 ἡ
