3226 5254
395 345 458 407 392
748 361 980 420 orepounczmr
997 321 1162 404 nunnuun.

394 521 581 606 Majestatis
606 521 726 590 Vestro
751 519 986 587 Oelsitndinem
1011 519 1205 602 postulabat,
1230 520 1410 601 omissaque
1434 521 1509 601 peti·

394 631 483 696 tione
513 629 613 695 totius
645 630 788 712 pecunie,
821 651 918 711 quarn
951 630 1120 694 occasione
1153 629 1239 711 pacis
1265 627 1306 692 ad
1332 627 1509 692 solvendum

395 735 589 822 Apostolice
614 733 757 804 (lamere
781 735 917 800 dicimur
942 733 1089 818 obligati,
1106 742 1138 800 et
1153 741 1334 800 nostrorum
1350 734 1512 800 rebellium

393 843 578 930 patrocinio
592 842 759 922 derelicto,
776 844 862 926 cepit
878 843 1077 909 demolieris
1093 843 1183 927 pacis
1199 843 1434 910 conditionibus
1448 845 1511 928 agi-

394 955 468 1018 tari.
483 953 530 1017 Et
546 972 585 1017 ne
603 951 733 1034 singula
750 958 945 1034 repetamus,
960 972 1039 1017 neve
1056 951 1232 1017 referamus
1243 957 1366 1035 quanta
1381 951 1414 1015 in
1428 952 1512 1035 ipsiS,

394 1061 494 1126 etiam
510 1060 545 1124 in
560 1081 625 1125 uno
641 1065 805 1126 momento
822 1061 960 1125 mutatio
978 1081 1053 1143 sepe
1072 1059 1188 1142 fuerit3
1213 1067 1384 1144 postquam
1399 1081 1455 1125 nos
1469 1060 1511 1123 ri-

396 1161 518 1232 derunt
543 1165 682 1231 viriliter
707 1165 751 1231 ad
776 1165 898 1232 bellum
924 1169 1096 1248 accinctos,
1121 1175 1416 1252 conspexeruntque
1439 1168 1511 1232 dato

393 1295 492 1359 passu
516 1271 651 1358 pacifice
676 1275 818 1339 transire
844 1274 1033 1356 volentibus,
1060 1275 1180 1340 multos
1196 1297 1235 1340 ex
1251 1276 1393 1359 Ungaris
1417 1275 1511 1340 disce-

393 1382 477 1463 dere,
502 1381 687 1465 multosque
712 1380 781 1448 lore
807 1381 846 1447 de
871 1382 1019 1466 proximo
1035 1403 1228 1464 recessurae,
1258 1381 1386 1448 demum
1401 1381 1450 1447 die
1466 1381 1511 1446 X.

393 1491 554 1573 presentis
579 1491 698 1554 mensis
724 1489 809 1556 lacte
835 1497 910 1555 sunt
935 1491 1163 1576 promissiones
1188 1490 1262 1555 hinc
1289 1490 1362 1556 inde
1385 1511 1510 1575 prono

393 1596 492 1663 biset
509 1597 672 1680 colligatis
689 1598 807 1664 nostris
832 1597 874 1662 ab
899 1598 1048 1664 omnibus
1073 1597 1303 1664 offensionibus
1321 1597 1509 1677 abstinendi,

394 1705 573 1789 repellendi
590 1704 742 1771 bannitus
759 1713 896 1790 nostros,
906 1707 1059 1791 ipsosque
1074 1727 1134 1772 nec
1149 1709 1183 1771 in
1199 1727 1390 1789 campanea
1406 1706 1437 1770 in
1452 1712 1511 1773 ter-

392 1816 439 1880 ris
456 1815 593 1880 ulterius
611 1815 810 1898 receptandi.
829 1812 899 1880 Nos
915 1821 1023 1880 autem
1040 1815 1215 1899 Magnifico
1231 1813 1372 1881 Domino
1388 1815 1510 1881 domino

395 1921 420 1988 J
422 1922 543 1987 ohanni
558 1922 651 1988 Bano
668 1923 839 2006 recipienti
861 1944 922 2006 pro
948 1923 1125 2008 Majestate
1140 1921 1272 1987 Domini
1288 1921 1401 1988 Nostri
1418 1923 1512 2006 Regis

393 2030 550 2115 Ungarie,
567 2032 623 2114 qui
641 2030 760 2098 adhoc
785 2032 929 2097 solemne
956 2031 1123 2096 madatum
1149 2029 1299 2109 habebat,
1315 2031 1511 2115 promisimus

392 2145 541 2204 mutuare
553 2139 775 2223 quadraginta
792 2139 916 2204 milium
934 2139 1137 2218 florenorum,
1152 2139 1357 2205 medietatem
1372 2137 1513 2204 videlicet

393 2245 434 2310 (le
445 2247 599 2329 presenti,
612 2252 644 2312 et
660 2247 702 2312 ad
712 2245 792 2312 duos
804 2267 928 2312 menses
946 2248 1109 2330 proximos
1125 2246 1221 2312 aliam
1238 2246 1451 2313 medietatem.
1465 2246 1512 2311 De

392 2375 457 2440 quo
466 2352 597 2438 quidem
610 2361 721 2422 mutuo
739 2354 891 2420 iaciendo
901 2377 1067 2439 nunquam
1077 2355 1204 2421 devotio
1220 2360 1332 2421 nostra
1349 2357 1511 2437 consensit,

392 2461 456 2527 nisi
471 2469 647 2547 postquam
665 2466 745 2529 certi
756 2463 885 2546 fuimus,
899 2463 1052 2548 lingaros
1063 2487 1122 2531 nec
1132 2464 1174 2532 ad
1184 2465 1315 2545 Urbem,
1325 2487 1385 2530 nec
1395 2464 1511 2546 inReg·

393 2591 478 2652 num,
490 2571 546 2636 scd
557 2570 599 2638 ad
609 2579 719 2655 partes
731 2571 814 2638 alias
824 2572 1033 2658 profecturos.
1044 2573 1234 2640 Revertitur
1245 2572 1355 2656 itaque
1372 2574 1510 2638 dominus

392 2677 543 2745 Karalus
559 2679 706 2764 prefatus
725 2678 876 2746 Aretium
893 2703 965 2746 cum
982 2687 1123 2765 quatuor
1134 2689 1259 2748 centurn
1268 2683 1453 2748 lancearum
1467 2679 1511 2744 vel

392 2787 491 2870 circa,
507 2787 589 2852 satis
614 2788 759 2853 invalido
785 2789 951 2870 comitatu,
968 2796 1002 2853 et
1018 2785 1145 2873 Ungari
1161 2811 1218 2873 per
1234 2796 1378 2855 nostrum
1394 2789 1512 2854 territo·

391 2894 476 2958 rium
502 2893 545 2959 ad
562 2897 696 2960 servitia
712 2894 928 2962 Januensium
944 2896 1196 2964 transferuntur.
1211 2897 1330 2980 Itaque
1347 2922 1410 2966 non
1426 2920 1510 2984 opor-

389 3005 439 3065 tet
463 2999 681 3069 Serenitatem
706 3001 861 3072 Vestram
890 3013 1003 3071 contra
1022 3006 1168 3088 gentium
1192 3008 1327 3072 istarum
1343 3007 1510 3076 adventum

391 3109 573 3191 potentiam
589 3118 769 3177 vestrarum
788 3113 934 3195 gentium
950 3134 1135 3196 preparare.
1152 3115 1417 3199 Nostraquidem
1427 3117 1512 3181 resis-

392 3215 501 3299 tentia,
519 3221 704 3303 nostrisque
721 3219 904 3303 sumptibus
920 3218 1043 3286 lactum
1060 3227 1118 3305 est,
1135 3221 1233 3288 etiam
1248 3243 1313 3287 non
1325 3224 1511 3307 sinemaguo

392 3324 496 3388 nostri
512 3330 619 3391 status
634 3325 789 3410 periculo,
805 3347 934 3410 nonque
952 3327 1020 3394 sine
1040 3329 1257 3395 inextimabili
1273 3333 1432 3398 territorii
1447 3353 1510 3397 nos-

390 3431 433 3494 tri
449 3430 577 3514 damno,
596 3432 683 3517 quod
699 3455 782 3517 pene
803 3435 868 3500 iam
879 3435 921 3501 ad
931 3457 1072 3501 mensem
1084 3437 1240 3522 impetum
1250 3438 1426 3506 substinuit
1437 3439 1510 3504 tanti

391 3537 477 3618 belli,
493 3545 608 3621 totque
623 3541 769 3624 gentium
786 3543 916 3608 milibus
932 3541 996 3608 fuit
1005 3544 1037 3608 in
1049 3545 1193 3629 predam,
1210 3554 1245 3612 ut
1260 3569 1339 3631 gens
1356 3549 1428 3632 ista,
1438 3551 1510 3614 sicut

391 3645 603 3730 premittitur,
627 3647 810 3730 dividatur,
847 3657 879 3716 et
904 3657 1029 3716 mutato
1055 3653 1088 3717 in
1113 3651 1264 3737 Regnum
1296 3655 1509 3740 proficiscendi

389 3754 566 3836 proposit0,
581 3757 625 3821 ad
643 3756 708 3822 alia
724 3759 878 3840 gerenda,
889 3758 1022 3825 dimissa
1033 3759 1209 3828 offensione
1227 3761 1339 3831 Vestri
1357 3763 1507 3831 Culminis

389 3869 606 3930 convertatur.
623 3866 772 3949 Habetis,
783 3865 999 3933 Sereuissima
1009 3868 1149 3954 Regina,
1164 3872 1264 3938 totius
1280 3871 1376 3940 buius
1394 3874 1509 3958 negocii

390 3973 578 4055 veritatem3
596 3975 686 4040 ouius
703 3977 791 4057 serie,
808 3976 893 4041 inter
910 3984 1027 4058 cetera,
1038 3986 1148 4063 potest
1166 3980 1421 4065 Circumspectio
1436 3981 1509 4050 Ves-

390 4087 446 4146 tra
462 4083 638 4166 percipere,
663 4089 789 4168 quanta
814 4087 1001 4152 constantia
1017 4091 1235 4170 perseveravit
1252 4097 1366 4158 nostra
1382 4092 1511 4169 devotio,

389 4211 430 4254 ne
446 4189 479 4252 in
496 4184 616 4255 Vestre
633 4187 820 4271 Majestatis
837 4190 992 4257 offensam
1009 4195 1135 4279 aliquid
1151 4199 1360 4264 consentiret.
1393 4200 1440 4264 [a
1454 4220 1511 4263 cer-

390 4296 515 4362 tissime
541 4295 709 4361 fatendum
726 4300 777 4380 sit,
797 4301 889 4365 iuxta
906 4303 1089 4385 sapientum
1105 4307 1299 4372 sententiam
1316 4331 1322 4371 :
1341 4306 1413 4393 Que
1429 4311 1510 4373 natu·

391 4403 505 4470 naliter
521 4406 640 4491 insunt,
666 4407 763 4471 nullis
790 4408 915 4475 artibus
941 4432 1043 4495 posse,
1073 4413 1228 4498 nullaque
1243 4415 1405 4484 ¹uiolentia
1419 4435 1511 4482 remo-

392 4511 467 4582 veri.
485 4509 649 4600 Ceterum,
665 4512 912 4584 Gloriosissima
928 4520 1066 4604 Regina,
1092 4544 1176 4588 nunc
1201 4529 1330 4616 tempus
1347 4531 1395 4590 est
1412 4526 1442 4592 in
1460 4526 1511 4592 boo
1587 4555 1588 4558 ¹
