3172 5254
477 337 480 354 '
560 361 653 421 1379.
939 370 946 382 ⁸
1105 363 1168 422 ras

3 598 5 624 ξ
60 536 165 600 ostendi
180 535 315 600 fecimus
339 533 485 600 litteram
510 536 614 618 ipsius
639 535 763 602 domiui
786 535 957 604 Benedicti
974 537 1076 602 securi
1095 560 1169 604 con·
1195 555 1197 560 ·

4 650 6 663 ’
60 643 164 708 ructus.
190 640 255 726 Qui
281 651 474 710 recusarunt
500 641 620 708 dietam
643 651 783 710 scortum
800 645 894 710 uobis
911 643 997 726 dare,
1013 645 1169 731 dieentes,

3 762 5 770 ⁴
60 750 128 832 quod
144 751 182 816 de
199 751 260 816 hoc
277 772 343 816 non
368 751 534 818 habebant
550 753 582 817 in
600 753 774 818 mandatis,
796 751 1019 836 Similiterque
1035 755 1171 837 requisi-

3 864 5 946 J
60 859 142 924 rimus
158 857 374 943 Capitaneum
401 859 496 924 istius
512 861 584 939 loci,
602 861 658 942 qui
679 863 778 927 etiam
795 863 964 945 recusavit,
981 862 1089 928 diceus
1106 885 1170 928 non

3 979 5 1006 ἓ
59 964 156 1032 habere
180 967 382 1049 libert-atem,
407 969 468 1032 nisi
496 989 593 1052 super
618 970 787 1036 territorio
813 971 986 1056 Forojulij.
1018 971 1169 1038 Misimus

3 1058 6 1165 s
59 1075 193 1142 etiamad
210 1075 378 1142 dominum
394 1073 508 1142 Achus
525 1097 584 1159 pro
602 1077 878 1161 scortapredicta,
895 1079 952 1162 qui
968 1085 1018 1146 est
1037 1080 1071 1146 in
1082 1101 1167 1146 cam·

4 1177 10 1240 Ῑ
60 1203 89 1264 po
109 1183 198 1268 longe
226 1185 268 1250 ab
294 1183 371 1248 hinc
396 1205 455 1267 per
481 1184 546 1249 duo
572 1185 730 1267 miliaria;
755 1191 788 1251 et
812 1186 887 1250 dum
909 1207 1112 1269 speraremus
1128 1188 1170 1253 ab

1 1319 7 1393 p
59 1291 112 1372 ipso
125 1292 242 1360 habere
259 1299 403 1360 scortam
419 1293 609 1376 prodictam,
626 1292 722 1359 hodie
739 1317 864 1360 summo
880 1317 974 1362 mane
984 1297 1169 1378 paravimus

3 1398 11 1439 ⁷
60 1419 104 1464 uos
122 1401 162 1466 ad
188 1422 371 1484 recessum;
394 1402 524 1467 interim
540 1403 628 1470 venit
643 1401 787 1470 Nuntius
804 1410 917 1470 noster
933 1425 1004 1480 eruo
1021 1425 1086 1471 uno
1103 1405 1171 1472 No·

4 1538 8 1562 ι
58 1509 124 1574 tario
145 1509 245 1594 ipsius
271 1510 395 1576 domini
422 1509 546 1591 Achus,
572 1509 715 1577 referens
741 1512 835 1577 uobis
860 1533 920 1595 pro
946 1520 1041 1596 parte
1057 1515 1168 1598 ipsius

2 1686 4 1702 Ι
60 1615 128 1696 quod
143 1617 338 1684 haberemus
364 1641 437 1684 eum
462 1620 755 1702 excusatum-quia
771 1640 837 1685 uon
853 1618 954 1688 dabat
969 1619 1064 1686 nobis
1081 1643 1168 1689 scor·

58 1731 108 1790 tam
131 1727 323 1812 predictam,
348 1751 425 1794 nam
451 1728 514 1795 sibi
539 1729 601 1796 hoc
627 1751 691 1796 non
707 1735 780 1795 erat
796 1729 1010 1797 commissum.
1027 1730 1169 1815 Propter

58 1853 136 1914 quam
152 1857 285 1902 oausam
301 1838 526 1920 remansimus,
543 1846 576 1904 et
591 1838 780 1922 scripsimus
795 1838 924 1904 litteras
940 1839 1052 1906 statim
1070 1838 1169 1904 domi-

59 1964 91 2008 uo
104 1945 233 2028 Karolo,
250 1947 392 2031 qualiter
407 1947 484 2014 hinc
509 1947 662 2014 recedere
678 1969 743 2014 non
760 1955 946 2031 poteramus
961 1953 1098 2032 propter
1115 1949 1169 2014 de·

22 2051 26 2057 '
58 2050 159 2120 fectum
176 2063 301 2137 scorte;
325 2061 359 2120 et
374 2056 453 2139 quia
469 2076 566 2140 super
577 2057 638 2122 hoc
649 2057 841 2140 dignaretur
857 2057 1037 2142 providero,
1053 2063 1090 2122 ut
1106 2056 1168 2123 sibi

57 2159 211 2228 rideretur.
237 2163 388 2229 Fecimus
413 2165 511 2230 etiam
537 2163 598 2230 hoc
623 2169 736 2230 notum
763 2161 944 2248 Capitaneo
961 2165 1056 2249 hujus
1072 2170 1170 2246 terre,

56 2269 100 2348 qui
116 2273 194 2338 satis
210 2273 379 2338 curialiter
404 2272 446 2338 de
473 2273 548 2339 hinc
574 2295 633 2341 nos
654 2273 890 2340 licentiaverat.
907 2271 1170 2340 Deliberarimus

56 2376 166 2443 mittere
183 2379 227 2446 ad
244 2381 408 2446 dominum
434 2381 563 2447 Barium
588 2381 804 2448 Benedictum
820 2405 880 2466 pro
898 2387 1016 2462 scorta,
1032 2404 1098 2466 qua
1114 2383 1170 2448 ha·

54 2481 322 2570 timueramus,
339 2499 376 2556 ut
392 2491 540 2574 superius
557 2492 749 2570 continetur,
775 2491 837 2555 nisi
855 2477 985 2556 interim
1001 2512 1021 2556 a
1038 2489 1169 2557 domino

55 2587 162 2661 larcio
178 2597 271 2662 aliud
288 2597 490 2664 haberemus.
507 2597 629 2665 Fertur
642 2600 737 2680 euim,
755 2599 862 2682 ipsum
879 2598 1043 2665 dominum
1061 2598 1170 2666 Karo-

53 2695 105 2764 lum
119 2704 151 2768 in
168 2705 271 2771 Utine
290 2711 462 2790 expectare
489 2706 648 2788 Magnum
665 2703 824 2773 Comitem
841 2707 1041 2789 Palatinum,
1059 2713 1092 2771 et
1109 2705 1170 2773 Su.

51 2802 253 2880 dar'Petrum
268 2816 399 2880 Banum
426 2811 604 2896 Sclaronie,
621 2823 742 2882 etcum
763 2816 841 2900 ipsis
858 2814 1009 2898 gentibus
1025 2815 1169 2898 ipsorum

51 2921 77 2978 et
97 2939 150 2986 sua
175 2923 261 2988 velle
287 2944 408 3007 ponere
436 2945 584 3008 campum
611 2927 701 2989 circa
726 2923 921 3005 Tarvisium,
946 2929 981 2989 et
1005 2923 1165 3007 impedire

50 3023 119 3090 riam
145 3028 275 3097 Sileris
302 3031 385 3097 Heri
410 3033 472 3098 huo
498 3032 633 3115 aplieuit
659 3053 711 3097 ser
735 3030 883 3098 Jacobus
909 3031 1059 3115 Spiutelo
1080 3029 1169 3096 Ciris

49 3127 192 3221 (liutans,
221 3139 281 3222 qui
306 3142 394 3206 venit
411 3138 450 3205 de
467 3139 596 3208 Vienna
622 3141 750 3207 nomine
768 3140 897 3208 illorum
913 3140 953 3204 do
970 3139 1124 3220 divisam
1150 3159 1170 3202 a

48 3261 98 3322 quo
113 3245 298 3330 habuimus,
310 3248 395 3332 quod
406 3248 549 3314 obtinuit
559 3249 689 3316 litteras
711 3249 838 3333 amplas
855 3255 888 3314 et
904 3248 1016 3330 largas
1033 3269 1052 3312 a
1069 3246 1165 3312 domi-

0 3372 1 3393 i
47 3367 80 3410 uo
93 3349 183 3422 Duce
201 3358 358 3424 'alcorato
375 3354 468 3444 (igy),
488 3358 574 3444 quod
591 3357 736 3424 homiues
753 3359 793 3423 do
811 3357 989 3424 Taruisana
999 3362 1033 3424 et
1045 3354 1170 3422 Oencta

48 3478 108 3525 rum
122 3485 236 3531 eorum
257 3465 451 3532 animalibus
468 3473 502 3530 et
516 3465 611 3534 bouis
636 3468 764 3550 possint
783 3487 894 3532 secure
910 3473 999 3532 stare
1016 3470 1049 3530 st
1065 3485 1171 3530 rema-

15 3635 19 3643 ,
45 3590 108 3637 nere
124 3575 156 3638 iu
174 3572 342 3640 Oiridado
358 3595 417 3656 pro
435 3595 491 3638 sue
509 3572 602 3640 libito
619 3573 808 3640 voluntatis.
824 3574 858 3639 A
874 3595 937 3657 quo
948 3571 1169 3638 etiamhabui-

0 3725 1 3733 .
43 3682 216 3765 urus,quod
234 3681 361 3748 domini
387 3681 637 3748 Ambasiatores
663 3683 783 3749 milites
809 3681 1013 3748 dominorum
1040 3681 1170 3746 Ducum

42 3783 165 3856 Austris
192 3792 248 3856 die
274 3790 391 3857 ultimo
417 3790 499 3875 Julij
527 3792 755 3875 applicuerant
770 3789 920 3872 Utinam,
945 3811 1005 3874 pro
1032 3788 1169 3854 essendo

27 3894 158 3963 'nomine
173 3897 387 3964 dominorum
403 3898 532 3964 Ducrmr
549 3919 621 3964 cum
637 3898 793 3966 mandato
810 3897 852 3964 ad
868 3898 999 3981 plenum
1011 3897 1085 3962 huic
1096 3918 1170 3981 par·

41 3999 172 4072 lamento
190 4029 253 4073 seu
269 4007 429 4100 tractatui
444 4008 544 4091 pacis.
570 4007 757 4074 Habuimus
775 4008 917 4090 insuper,
936 4005 1022 4088 quod
1040 4007 1102 4089 ipsi
1117 4005 1172 4071 ‹lo-

43 4113 109 4178 miui
125 4113 238 4183 Duces
268 4116 457 4197 diviserant,
475 4122 508 4182 et
524 4117 611 4199 quod
626 4118 660 4181 in
676 4124 771 4199 parte
782 4114 905 4180 domini
922 4113 1023 4179 Ducis
1039 4112 1169 4178 Alberti

43 4239 93 4301 pro
109 4224 238 4291 duobus
256 4225 353 4290 annis
369 4247 441 4291 curu
459 4225 593 4291 dimidio
610 4231 766 4291 venerant
791 4224 949 4302 Faltrum,
966 4220 1171 4301 Cividadum,

44 4325 188 4416 Tiralum,
221 4331 468 4414 Charinthiam,
501 4339 534 4399 et
564 4334 625 4399 ists
658 4339 771 4416 partes
802 4330 990 4410 inleri01·es;
1018 4329 1169 4394 dominus

45 4447 142 4507 autem
166 4444 246 4509 Dux
274 4441 464 4526 Leopoldus
489 4465 548 4527 pro
575 4443 663 4508 dicto
689 4450 835 4526 tempore
857 4459 986 4504 manere
1004 4436 1122 4504 debeat
1139 4437 1170 4500 iu

45 4541 171 4634 lieona',
187 4559 222 4618 et
238 4548 365 4616 habere
382 4558 506 4617 ceteras
517 4559 627 4635 partes
645 4556 677 4616 ot
692 4551 783 4630 loca3
800 4546 917 4612 deindo
931 4545 1017 4629 quod
1026 4550 1172 4627 temporo

83 4685 140 4721 103.
157 4689 240 4724 ntae.
259 4686 329 4722 mer.
346 4698 390 4708 -··
407 4689 474 4722 ACTA
491 4691 549 4726 EKT.
567 4691 605 4727 111.
1023 4663 1062 4722 13
