3190 5252
403 349 469 417 468
762 365 997 418 orrronaczmr
1015 355 1180 414 amatura.

404 532 471 596 suis
487 531 660 614 heredibus
686 531 893 614 priuilegium
919 552 1025 615 nuper
1044 529 1259 596 concessimus
1277 524 1452 608 subscripto
1467 543 1513 606 per

407 640 515 708 omnia
531 639 635 706 seriei.

512 747 545 812 Κ
549 747 660 813 arolus
676 744 808 811 Tertius
825 745 886 811 stb.
899 745 1105 831 (kliretkezik
1116 743 1253 827 alriraly
1263 739 1515 826 adomanylerele

404 854 485 919 mint
502 853 634 920 fentebb
652 858 723 919 225.
742 876 784 919 sz.
801 855 844 940 a.)
1580 909 1582 924 ,

513 963 561 1030 Vt
585 962 697 1044 itaque
718 961 894 1046 jamdictus
920 960 1095 1028 Nicolosus
1112 981 1151 1025 ac
1166 960 1248 1025 dicti
1263 960 1313 1023 sui
1329 956 1461 1023 heredes
1476 975 1516 1019 as·
1580 939 1582 954 ’

404 1069 583 1154 sequantur
608 1069 739 1134 realiter
765 1069 950 1134 huiusmodi
985 1068 1200 1134 concessionis
1226 1073 1258 1131 ct
1284 1067 1389 1148 gratie
1421 1071 1515 1128 nostre

402 1177 561 1258 fructum3
589 1177 735 1242 volumus
761 1183 794 1240 et
818 1175 969 1242 fidelitati
995 1183 1050 1241 tue
1077 1177 1232 1240 decerta
1258 1174 1392 1240 scientia
1416 1179 1515 1236 nostra

404 1284 520 1350 harum
539 1285 620 1349 serie
636 1284 828 1350 mandamns
845 1305 1004 1368 expresse,
1021 1289 1182 1368 quatenus
1199 1282 1337 1348 eundem
1346 1281 1517 1349 Nicolosom

406 1414 464 1458 seu
488 1415 661 1476 personam
688 1394 788 1458 aliam
813 1394 991 1478 legitimam
1017 1413 1077 1476 pro
1102 1391 1215 1459 eodem
1240 1394 1272 1457 in
1298 1393 1516 1476 possessionem

405 1500 566 1566 dictorum
583 1499 755 1567 feudorum
781 1522 838 1584 per
863 1523 921 1566 nos
948 1501 992 1564 vti
1018 1501 1198 1583 predicitur
1214 1521 1443 1580 concessorum,
1458 1517 1517 1562 cun

404 1607 599 1688 hominibus,
625 1609 783 1689 vassallis,
806 1609 944 1693 juribus,
968 1607 1152 1674 rationibus
1178 1615 1211 1672 ct
1236 1608 1438 1691 pertinentijs
1462 1603 1517 1669 suis

326 1781 328 1787 ,
406 1715 557 1781 omnibus
574 1715 770 1798 supradietis
796 1723 827 1779 et
853 1717 884 1780 in
910 1714 1091 1798 prescripto
1108 1719 1220 1780 nostro
1244 1715 1414 1799 priuilegio
1430 1712 1519 1778 decla·

406 1823 487 1888 ratis
504 1820 640 1888 inducas
657 1845 713 1888 seu
731 1824 839 1887 induci
866 1824 1000 1888 mandes
1018 1831 1050 1888 et
1065 1821 1169 1888 facias
1195 1825 1391 1890 auctoritate
1406 1841 1518 1904 presan·

405 1933 487 1997 tium
513 1934 723 2016 corporalem,
739 1934 953 1999 tenendorum
979 1939 1012 1998 et
1037 1933 1305 2016 possidendorum
1330 1951 1464 2016 percos
1491 1929 1517 1990 in

406 2037 538 2106 feudum
555 2041 731 2106 inmediate
743 2047 776 2106 et
786 2042 818 2105 in
831 2042 935 2125 capite
952 2063 972 2106 a
989 2041 1081 2107 nobis
1098 2061 1136 2105 ac
1153 2041 1249 2106 dictis
1264 2041 1385 2106 nostris
1400 2041 1432 2104 in
1446 2038 1518 2119 Reg-

407 2169 448 2214 no
464 2153 578 2214 nostro
596 2147 770 2213 heredibus
794 2154 826 2212 et
851 2147 1091 2214 successoribus
1108 2148 1168 2215 sub
1183 2146 1305 2233 feudalj
1334 2147 1464 2214 seruitio
1477 2165 1518 2208 su·

406 2253 556 2338 pradicto
582 2257 675 2320 iuxta
698 2257 870 2340 prescripti
896 2256 1059 2340 priuilegij
1077 2256 1193 2321 seriem
1209 2260 1243 2321 et
1257 2264 1421 2336 tenorem3
1436 2259 1465 2318 et
1478 2273 1517 2316 re·

408 2368 503 2447 cepto
519 2363 613 2446 prius
629 2370 736 2446 perte
753 2364 795 2429 ab
812 2365 995 2429 hominibus
1012 2371 1045 2429 et
1060 2364 1211 2429 vassallis
1232 2363 1351 2428 eisdem
1368 2382 1424 2446 pro
1440 2360 1517 2426 nobis

407 2476 441 2535 ct
465 2470 638 2536 heredibus
663 2477 696 2535 et
721 2472 959 2538 successoribus
986 2473 1064 2555 ipsis
1090 2471 1209 2537 nostris
1234 2469 1401 2536 fidelitatis
1424 2467 1517 2533 debito

403 2579 598 2662 juramento,
615 2579 731 2644 deinde
748 2580 882 2645 mandes
898 2579 1047 2645 et‘facias
1064 2579 1168 2644 eidem
1177 2578 1331 2644 Nicoloso
1342 2578 1394 2644 uel
1405 2595 1517 2658 suopro

409 2687 521 2752 eodem
537 2687 746 2771 procuratori
771 2710 828 2754 seu
854 2689 970 2753 nuncio
997 2689 1038 2752 ab
1064 2686 1251 2753 hominibus
1268 2695 1299 2752 et
1316 2685 1457 2752 vassallis
1471 2683 1519 2747 eis·

408 2796 490 2876 dem,
506 2796 598 2860 iuxta
615 2817 706 2860 rsum
723 2801 756 2860 et
772 2795 1036 2860 consuetudinem
1058 2796 1138 2860 dicti
1156 2795 1265 2879 Regni
1282 2797 1396 2877 nostri,
1411 2813 1516 2860 assem·
1581 2849 1582 2868 ,

406 2904 544 2969 rationis
562 2902 670 2968 debite
687 2911 892 2970 sacramenta
908 2904 1059 2988 prestari,
1075 2904 1137 2970 sibi
1153 2902 1278 2987 intendj
1296 2911 1329 2968 et
1346 2897 1516 2986 responderj

408 3011 448 3075 de
464 3012 623 3094 omnibus,
642 3013 675 3075 in
692 3013 810 3095 quibus
826 3012 1068 3078 rationabiliter
1084 3017 1238 3078 tenentur
1255 3017 1288 3076 et
1304 3010 1429 3092 debent,
1443 3010 1517 3073 iusta

409 3117 554 3184 eiusdem
571 3119 737 3204 priuilegij
755 3121 872 3185 seriem
882 3127 981 3202 atque
992 3125 1132 3184 mentem
1143 3117 1302 3185 fidelitate
1312 3127 1434 3201 nostra,
1444 3117 1516 3182 dicto

408 3245 539 3310 quoque
564 3226 686 3293 feudali
711 3228 844 3294 seruitio
871 3227 971 3294 Curie
996 3234 1107 3294 nostre
1132 3227 1242 3292 debito
1267 3227 1390 3294 nostris
1415 3225 1478 3308 alijs
1492 3227 1517 3284 et

409 3334 581 3400 cuiuslibet
612 3335 750 3400 alterius
773 3335 903 3420 juribus
930 3357 1056 3419 semper
1074 3335 1183 3402 saluis.
1199 3336 1366 3402 Facturus
1397 3333 1460 3417 fierj
1486 3327 1517 3392 de

409 3443 596 3508 executione
623 3445 822 3525 presentium
848 3465 920 3509 curn
945 3444 1051 3508 forma
1077 3465 1189 3508 earum
1206 3443 1271 3509 tria
1287 3445 1419 3527 puplico
1434 3436 1516 3507 corsi·

407 3549 499 3615 milia
514 3549 749 3632 instrumenta,
767 3574 905 3636 quorum
915 3573 977 3617 vno
988 3551 1048 3617 tibi
1059 3556 1196 3632 retento,
1209 3550 1274 3616 alio
1286 3551 1376 3617 dicto
1387 3547 1517 3616 Nicoloso

407 3657 462 3722 uel
477 3659 546 3722 eius
571 3661 777 3742 procuratori
804 3681 859 3724 seu
885 3660 1001 3724 nuncio
1017 3659 1151 3739 tradito,
1168 3659 1331 3742 reliquum
1348 3659 1390 3723 ad
1406 3655 1515 3723 Curiam

407 3771 553 3831 nostram
570 3767 685 3834 mictas
710 3768 790 3832 inibi
815 3791 875 3852 pro
892 3767 1021 3834 cautela
1036 3767 1139 3850 ipsius
1156 3764 1255 3831 Curie
1274 3763 1514 3832 conservandum.

407 3871 531 3938 Datum
546 3871 579 3936 N
581 3874 686 3957 eapolj
704 3894 762 3957 per
788 3874 925 3940 eundern
940 3876 1045 3939 virum
1061 3873 1274 3954 Magnificum
1290 3874 1315 3940 J
1317 3874 1469 3940 ohannem
1481 3867 1511 3931 de

407 3979 539 4049 Vrsinis
548 3976 717 4046 Comitem
733 3981 936 4068 Monuppellj
962 3982 1183 4067 Logothctam
1201 3989 1232 4047 et
1249 3978 1514 4048 Prothonotarirm
1580 4011 1582 4052 a

408 4088 517 4172 Regni
543 4087 662 4169 Sicilie,
680 4089 913 4173 collateralem,
930 4088 1163 4156 Consiliarium
1181 4096 1213 4156 et
1238 4089 1365 4155 fidelem
1390 4093 1514 4154 nostran

409 4196 574 4264 dilectum.
589 4197 689 4263 Anno
706 4198 841 4263 Domini
857 4198 1028 4263 millesimo
1054 4195 1349 4264 CCCLXXXII.
1365 4198 1414 4263 die
1432 4189 1515 4259 Xlll.

407 4304 522 4388 Martij
540 4302 582 4372 V.
598 4304 793 4387 indictionis,
809 4304 998 4388 Regnorum
1015 4310 1201 4371 nostrorum
1217 4329 1302 4372 auno
1316 4307 1422 4390 primo.
1580 4317 1582 4344 ³

408 4449 443 4512 (A
460 4451 598 4515 ›Registri
612 4451 742 4517 Agioini«
767 4455 827 4502 358.
841 4466 878 4502 az.
893 4465 916 4501 a.
929 4451 1071 4503 notemus}
1092 4451 1159 4514 ch.
1174 4451 1267 4500 Caroli
1281 4452 1331 4502 ΠΙ.
1345 4455 1386 4500 43.
1399 4451 1429 4512 l.;
1447 4440 1513 4493 alif*
1580 4461 1582 4464 ·

724 4542 798 4591 olarz
811 4541 928 4606 napolyi
940 4556 1016 4606 nagy
1029 4541 1223 4601 leveltrtrbsn.)

893 4661 1054 4676 ‘¹‘-
