3226 5258
13 608 17 652 ι

12 668 15 779 l

617 401 711 464 1372.
1187 405 1228 466 23

116 579 227 660 entitur,
250 583 283 643 et
306 575 521 644 desolationis
548 597 660 642 earum
677 577 861 662 proximum
878 584 1076 663 preparatur
1103 581 1229 662 pericu-

113 687 174 766 lum,
187 709 224 752 ac
240 687 343 752 marie
359 691 391 749 et
407 691 496 750 terre
512 682 719 750 conturbatio
739 687 940 769 pertimetur.
955 685 1141 769 Eapropter
1157 707 1230 753 curn

114 795 149 859 ad
161 793 353 859 obviandum
364 791 564 857 sufficienter
575 792 740 873 ingruenti
761 791 883 859 turbini
903 799 994 859 tante
1009 792 1114 860 cladis
1130 794 1227 878 alind,

11 939 13 960 ·
116 923 200 984 quarn
224 907 281 967 tue
307 899 502 985 pregrandis
518 899 668 984 potencie
687 898 863 966 valiturum
878 922 942 966 non
958 899 1108 966 videatur
1122 923 1222 968 reme·

11 1003 13 1080 J
115 1008 197 1092 dium,
220 1029 294 1074 cum
320 1006 463 1091 presenti
483 1011 637 1089 tempore,
653 1027 717 1090 qno
738 1006 875 1073 mundns
898 1007 973 1092 plns
990 1007 1087 1074 solito
1103 1016 1153 1075 cst
1169 1033 1228 1094 po·

11 1141 13 1208 g
114 1117 181 1181 situs
203 1117 237 1180 iu
264 1115 417 1198 maligno,
438 1113 477 1178 de
492 1113 638 1197 generali
649 1114 835 1198 passaggio
851 1115 884 1179 in
901 1114 963 1180 hac
977 1122 1071 1198 parte
1086 1123 1228 1201 nequeat

11 1217 13 1238 '
113 1221 280 1308 provideri3
304 1220 548 1287 devotissimam
562 1219 840 1306 Magnificentiarn
852 1219 966 1304 Tuam,
984 1243 1046 1306 que
1062 1223 1147 1289 inter
1163 1245 1228 1290 orn·

12 1315 13 1339 i
113 1353 159 1396 nes
172 1331 278 1415 Reges
295 1327 487 1396 Oatholicos
515 1329 683 1395 consuevit
698 1349 767 1394 esse
783 1329 985 1413 persecutrix
1001 1327 1179 1396 infidelium
1195 1337 1228 1398 et

11 1446 13 1472 '
112 1438 300 1506 defensatrix
318 1435 490 1504 Catholice
499 1435 584 1520 fidei,
593 1437 681 1501 omni
697 1459 762 1522 qna
778 1458 950 1521 possumus
967 1435 1138 1504 affectione
1154 1460 1226 1522 pre·

112 1567 217 1626 camur,
243 1552 406 1629 qnatenus
431 1543 483 1628 pie
508 1548 666 1626 grateque
685 1549 927 1628 recognoscens,
948 1545 1097 1611 eximiam
1113 1551 1226 1629 poten·

11 1639 13 1730 i
112 1654 180 1718 n'am
202 1659 294 1719 tuam
321 1651 364 1718 ad
389 1651 450 1718 boc
465 1672 486 1717 a
500 1651 643 1717 Domino
668 1649 729 1716 tibi
755 1651 875 1734 datam,
890 1659 928 1718 ut
943 1674 983 1719 ea
999 1654 1103 1718 utaris
1118 1653 1160 1718 ad
1177 1653 1230 1720 de·

11 1779 13 1828 J
113 1761 276 1826 sensionem
293 1761 343 1827 sni
360 1759 480 1844 populi,
496 1777 593 1843 quem
609 1758 839 1842 preciosissimi
856 1761 979 1825 cruoris
996 1761 1046 1825 sni
1063 1760 1231 1844 sparsione

11 1849 12 1941 l
113 1869 244 1952 redemit,
271 1873 305 1933 et
328 1887 387 1952 per
402 1866 466 1933 hoc
481 1866 522 1931 de
539 1864 661 1933 caduco
678 1887 780 1951 regno
807 1865 907 1933 seculi
934 1866 1131 1933 conscendas
1147 1873 1231 1932 eter-

113 1997 186 2057 num,
209 1975 252 2042 ad
279 1973 517 2040 occurrendum
542 1979 693 2059 potenter
718 1973 821 2041 rabiei
846 1979 880 2040 et
904 1973 1139 2059 presumptioni
1164 1979 1232 2038 tarn

113 2082 239 2150 crudelis
265 2091 396 2166 tamque
422 2081 613 2149 execrabilis
637 2082 790 2163 nationis,
805 2087 974 2166 tamquam
999 2081 1050 2148 leo
1075 2080 1170 2147 sortis
1199 2087 1231 2146 et

112 2192 263 2259 animosus
288 2211 438 2276 exurgas,
455 2208 628 2273 speresque
644 2188 678 2252 in
694 2187 831 2255 dextera
847 2187 950 2272 Regis
966 2188 1105 2272 Regum,
1121 2189 1155 2254 iu
1171 2194 1229 2254 tuo

112 2298 186 2363 fideli
201 2298 332 2383 populo,
348 2297 438 2382 quod
454 2296 591 2381 deipsis
607 2295 756 2363 hostibus
768 2298 937 2364 victoriam
951 2295 1144 2380 reportabis,
1159 2303 1192 2362 et
1208 2317 1229 2361 a

10 2414 11 2468 ἰ
111 2407 166 2472 tuis
188 2407 390 2490 aliorumque
414 2402 559 2470 fidelium
589 2405 736 2470 terminis
761 2405 874 2488 procul
905 2404 1016 2490 pelles,
1041 2403 1150 2488 sicque
1175 2402 1226 2468 tui

111 2515 213 2598 Regni,
239 2519 273 2580 et
297 2513 435 2579 aliorum
461 2511 606 2580 fidelium
632 2513 799 2579 securitati
823 2512 994 2596 duraturo,
1020 2508 1095 2578 Deo
1119 2510 1228 2593 dante,

10 2621 11 2627 ’
110 2621 223 2690 efficaci
255 2621 400 2688 remedio
432 2619 626 2704 providebis,
657 2625 691 2687 et
715 2625 827 2706 preter
859 2620 907 2685 tui
939 2617 1056 2685 famosi
1086 2617 1227 2685 nominis

110 2729 271 2798 adauctmn
298 2730 437 2812 gloriam
453 2728 556 2792 eterni
571 2729 662 2812 regni
680 2727 872 2812 dyademate
886 2727 1030 2812 potieris.
1054 2723 1126 2793 Nos
1142 2725 1228 2792 euim

110 2835 251 2904 dilectum
278 2835 381 2902 filium
406 2833 548 2899 nobilem
574 2833 678 2900 virum
704 2832 901 2899 ...Ducem
932 2830 1161 2912 Veneriam,
1190 2839 1226 2898 nt

109 2943 170 3027 tibi,
187 2945 213 3009 si
228 2941 418 3027 indigueris,
434 2940 473 3006 de
490 2941 586 3024 copia
611 2939 814 3023 navigiorum
831 2939 1008 3019 subveniat,
1023 2961 1080 3024 per
1097 2944 1226 3004 nostras

10 3033 11 3043 ἵ
109 3053 227 3118 litteras
251 3050 471 3130 exhortamur,
512 3049 656 3132 aliosque
683 3047 852 3131 possibiles
883 3043 1010 3113 favores
1035 3043 1225 3130 Apostolice

107 3157 193 3225 Sedis
214 3156 432 3243 Magnitutini
458 3153 528 3220 Tne
554 3151 729 3239 offerimus,
754 3175 825 3220 cum
842 3153 884 3220 ad
899 3154 958 3220 hec
973 3150 1142 3218 intendere
1171 3173 1224 3218 vo·

106 3269 207 3350 lueris,
224 3265 384 3352 promptis
401 3263 569 3330 affectibus
586 3262 829 3347 impendendos.
845 3261 968 3328 Datum
984 3258 1072 3344 apud
1088 3258 1227 3325 Pontem

8 3365 11 3450 ἶ
108 3375 219 3462 Surgie
234 3373 466 3442 Avinionensis
477 3371 627 3439 Dioeesis
642 3366 690 3438 Π.
700 3371 772 3438 idus
782 3371 875 3450 Maii,
891 3367 1107 3438 Pontificatus
1123 3365 1227 3433 nostri

8 3453 10 3540 i
104 3505 182 3551 anno
199 3482 348 3550 secundo.
909 3468 912 3474 ’

202 3591 245 3657 In
260 3613 286 3658 e.
303 3614 344 3657 m.
361 3589 536 3656 carissimis
553 3589 586 3654 in
603 3585 727 3654 Christi
752 3585 882 3652 filiabus
897 3581 1071 3650 Elizabcth
1097 3579 1228 3660 seniori,

8 3697 10 3746 ἶ
104 3705 132 3762 et
154 3699 325 3766 Elizabeth
353 3697 474 3764 iuniori
488 3696 625 3780 Reginis
651 3694 808 3780 Vngarie,
826 3691 953 3759 dilectis
968 3690 1046 3756 filiis
1062 3687 1227 3757 nobilibus

8 3787 14 3854 .'
104 3807 177 3871 viris
196 3806 315 3876 Carclo
331 3807 372 3875 de
387 3806 533 3874 Duracio
543 3803 629 3869 Duci
641 3802 821 3882 Sclnvonie,
837 3805 870 3865 et
885 3798 1021 3866 Andree
1037 3796 1223 3865 Contereno

8 3919 9 3942 l
104 3911 186 3980 Duci
196 3916 419 4002 Venetiarnm,
434 3920 467 3982 et
482 3911 718 3980 venerabilibus
729 3910 885 3976 fratribus
901 3903 1024 3976 Thome
1040 3903 1228 3987 Archiepis-

103 4043 180 4105 copo
198 4023 424 4110 Strigoniensi,
442 4022 610 4108 Stephano
626 4018 879 4105 Archiepiseopo
896 4014 1076 4095 Colocensi‚
1095 4013 1120 4084 J
1122 4010 1225 4079 ohan·

102 4131 133 4194 ni
148 4129 315 4217 Episcopo
331 4131 495 4202 Vaciensi.
617 4215 619 4220 Ι

421 4276 480 4338 (xl.
494 4274 616 4338 Gergely
628 4273 702 4337 palpa
714 4268 901 4335 regestrlibdl.)
