3210 5252
545 689 596 749 41.

44 851 57 912 l
65 849 89 911 l'.
102 849 211 935 Kriraly
226 849 424 912 cadezriranl‘
451 847 614 934 valamely
630 848 809 912 dirodulmi
816 848 1043 934 fejedelembez
1061 851 1138 912 iute'·

41 967 83 1019 zeti
95 956 182 1032 lucela
196 955 335 1040 malphae
352 978 390 1018 aa
407 956 433 1017 Ι.
454 957 552 1038 Lajos
578 977 716 1040 maqqur
740 956 772 1018 da
798 955 922 1042 lenpyad
939 953 1051 1039 kircily
1066 957 1099 1019 c'a
1115 981 1136 1020 α

42 1061 162 1128 nelcacm'
183 1063 396 1148 kdztdransdq
421 1062 505 1126 teari
529 1063 616 1127 ledaei
640 1063 804 1128 taborum
822 1061 1016 1126 uouarloassk.
1045 1065 1137 1128 1372.

123 1221 273 1306 Princeps
299 1219 414 1287 deuote
432 1221 574 1288 dilecte!
599 1219 691 1287 Siout
723 1223 763 1287 de
796 1223 938 1288 sinistris
970 1222 1137 1287 eventibus

39 1335 81 1394 tue
93 1333 278 1413 captivitatis
295 1330 427 1396 dolendi
444 1331 612 1395 materiam
633 1337 746 1396 nostra
763 1331 905 1413 suscepit
920 1328 1067 1410 affecti03
1091 1331 1137 1394 sic
1195 1387 1198 1396 r

9 1469 10 1472 π
39 1437 151 1502 nudate
165 1443 217 1504 tue
233 1438 439 1502 liberationis
455 1436 577 1518 audita,
593 1457 725 1504 causam
736 1437 918 1520 accepimus
935 1437 1138 1520 gaudiorum.

38 1561 65 1604 co
78 1544 190 1624 quidem
215 1544 255 1609 de
282 1544 507 1609 consolatione
533 1550 590 1610 tua
616 1544 811 1627 plaudentes
830 1544 983 1624 alacrius,
1000 1542 1088 1626 quod
1105 1550 1136 1608 te

37 1650 126 1724 crebro
141 1654 259 1736 reperit
275 1652 460 1736 Imp'erialis
474 1649 642 1718 Serenitas
663 1651 726 1717 fide
741 1651 914 1735 preditum,
930 1657 963 1718 et
979 1650 1137 1718 imbutum

38 1757 182 1822 uirtutibus
198 1760 385 1825 constantie
401 1759 551 1842 purioris.
567 1756 693 1825 Verum
708 1760 784 1841 quia
795 1757 1028 1823 Serenissimus
1044 1756 1139 1822 Prin·

37 1883 94 1948 ceps
108 1865 247 1934 dominus
264 1867 450 1934 Ludovicus
467 1866 538 1932 Rex
555 1866 728 1948 Huugarie
745 1867 890 1946 illustris,
906 1866 1009 1930 frater
1025 1873 1137 1930 noster

36 1974 201 2056 mussitans,
217 1995 255 2039 ex
276 1976 375 2040 certis
391 1975 544 2056 legitimis
560 1976 665 2040 causis
692 1973 860 2038 Communi
878 1973 1089 2040 Venetiamm
1106 1977 1139 2036 et

36 2080 91 2159 eius
112 2082 300 2164 sequacibus
326 2103 462 2164 guerras
488 2102 617 2147 movere
633 2082 794 2164 proponit,
813 2101 936 2161 nosque
952 2079 1051 2144 simus
1067 2099 1137 2143 oum

34 2185 103 2250 dicto
117 2185 202 2270 Rege
216 2190 297 2254 talis
313 2193 347 2252 et
363 2187 453 2254 firme
469 2187 687 2254 fraternitatis
703 2192 737 2252 et
752 2189 892 2252 amicitie
909 2185 1037 2250 vinculo
1053 2185 1138 2250 fede-

34 2295 91 2375 rati,
104 2300 135 2358 vt
146 2315 214 2361 eum
233 2298 267 2360 in
285 2297 414 2378 guerris
438 2293 623 2379 hujusmodi
649 2294 739 2360 nulla
757 2295 886 2360 racione
903 2295 1064 2376 possimus
1081 2301 1138 2358 aut

33 2401 110 2465 etiam
125 2404 256 2470 velimus
276 2403 458 2484 dimittere;
482 2404 555 2468 ideo
581 2401 672 2468 finali
698 2403 861 2468 decisione
879 2400 1064 2485 Imperialis
1081 2397 1138 2466 Se·

33 2510 130 2574 renites
145 2511 290 2578 decrevit
307 2513 394 2578 dicto
404 2512 499 2596 Regi,
512 2519 680 2593 tamquam
691 2510 787 2575 fratri
802 2509 1020 2590 dilectissimo,
1032 2510 1064 2572 in
1075 2507 1137 2573 hiis

31 2625 55 2679 el
68 2618 94 2682 iu
109 2618 176 2704 alijs
201 2617 466 2688 incumbentibus
492 2618 552 2684 sibi
579 2620 728 2702 negotiis,
755 2620 846 2683 iuxta
872 2624 1017 2684 nostrum
1043 2636 1137 2700 posse

32 2722 161 2790 aduersus
186 2727 298 2792 dictos
324 2723 478 2806 Venetos,
503 2731 537 2790 et
563 2727 731 2810 signanter
757 2723 907 2790 Vicarios
924 2731 956 2787 et
973 2721 1139 2788 Officiales

30 2837 143 2913 noebos,
166 2837 223 2917 qni
248 2835 316 2900 sibi
341 2833 508 2898 adversari
534 2831 767 2898 contenderent
793 2833 825 2896 in
852 2851 971 2914 guerra
987 2831 1138 2914 presenti,

31 2957 108 3018 quam
122 2962 160 3006 ex
175 2942 364 3008 dilectionis
380 2941 506 3021 ardore,
523 2961 588 3022 quo
605 2939 725 3004 dictum
750 2939 886 3005 fratrem
903 2944 1048 3005 nostrum
1066 2956 1138 3021 pro·

29 3050 178 3129 sequimur,
193 3055 228 3114 et
244 3049 416 3115 occasione
442 3067 498 3112 sue
522 3049 658 3131 justitie,
683 3047 812 3131 (quam)
828 3048 994 3131 propriam
1010 3050 1138 3128 reputa-

28 3173 89 3230 nus,
111 3177 184 3222 cura
210 3156 358 3222 sollicita
384 3162 415 3220 et
441 3155 585 3219 fraterne
611 3153 793 3221 dilectionis
826 3153 934 3220 studio
959 3151 1138 3218 subuenire.

28 3255 196 3328 Consultnm
223 3263 323 3328 nobis
349 3267 497 3345 apparet,
522 3268 619 3344 teque
645 3262 841 3343 requirimus
857 3268 890 3325 et
905 3260 1075 3324 hortamur
1090 3263 1139 3322 at·

29 3372 105 3451 lente,
120 3378 287 3454 qnatenus
305 3378 339 3433 tu
356 3369 444 3435 uelut
459 3389 479 3433 a
496 3370 667 3451 temetipso
694 3368 873 3434 consultius
889 3365 1028 3432 scribere
1044 3371 1078 3430 et
1092 3366 1139 3429 in·

28 3475 122 3541 tiuare
137 3477 303 3544 deliberes
319 3475 482 3542 nobilibus
508 3476 698 3542 Barnaboni
715 3481 748 3540 et
764 3473 889 3541 Galeas
905 3474 944 3539 de
960 3472 1140 3540 Viceoomi·

26 3581 105 3666 libus,
119 3583 265 3651 Vicariis
285 3583 476 3664 Mediolani,
493 3585 612 3650 nostris
630 3589 662 3648 et
678 3584 812 3666 Imperii
824 3581 917 3648 Sacri
927 3581 1054 3647 dilectis
1063 3579 1140 3646 flde-

26 3685 99 3771 libus
122 3693 207 3776 qnod
233 3693 304 3776 ipsi
329 3691 483 3756 adversus
507 3691 670 3775 prelatum
697 3692 900 3756 carissimum
926 3688 1063 3754 fratrem
1085 3709 1140 3754 no·

25 3803 108 3863 stmnr
123 3800 251 3883 Regem
269 3797 428 3882 Vagarie,
444 3798 583 3864 nobilem
600 3798 813 3864 Franciscum
824 3799 863 3862 de
875 3793 1026 3863 Carraria
1043 3795 1139 3864 Vica-

24 3903 90 3971 rinm
113 3914 263 3974 nostrum
291 3893 417 3988 Padus,¹
440 3913 474 3970 et
498 3907 580 3971 alios
606 3905 773 3989 adjutores
798 3904 900 3988 Regis
925 3904 1035 3987 ipsius,
1051 3903 1139 3968 dicto

8 4005 217 4081 'iuraturum
233 4012 411 4079 Communi
427 4020 460 4078 et
476 4033 588 4080 eorum
598 4012 808 4097 complicibus
820 4009 1139 4077 confederationibus

24 4119 101 4206 (lgr),
110 4123 257 4188 consiliis
268 4121 322 4186 vel
338 4119 468 4185 auxiliis
483 4121 574 4185 nullo
588 4119 684 4186 modo
703 4140 759 4184 seu
776 4120 891 4202 quovis
902 4123 1051 4203 pretextu
1069 4114 1141 4180 sub-

23 4231 142 4310 uniant,
159 4236 218 4295 aut
238 4227 353 4311 aliquo
369 4227 465 4293 modo
481 4226 709 4310 suffragentur.
726 4229 757 4293 N
761 4247 812 4290 am
831 4227 887 4308 qui
903 4215 993 4292 secus
1009 4225 1139 4302 feceret,

23 4335 94 4416 quod
108 4345 220 4404 tarsen
250 4336 293 4401 de
318 4335 398 4419 ipsis
419 4343 452 4400 et
469 4335 542 4401 aliis
560 4335 701 4402 Vicariis
718 4334 837 4399 nostris
854 4355 918 4398 non
934 4331 1140 4410 confidimus;

23 4447 85 4508 tnnc
99 4444 258 4512 adversus
288 4445 375 4510 tales
401 4444 620 4510 inobedientes
637 4445 839 4528 disponimus
855 4443 960 4507 eidem
975 4440 1070 4506 fratri
1086 4459 1139 4503 no-

22 4559 77 4617 mo
92 4576 230 4650 persona
257 4559 294 4619 et
320 4552 417 4618 rebus
443 4555 567 4636 pariter
593 4551 776 4652 suffragari.
793 4549 889 4618 Vnde
905 4547 1066 4614 industria
1082 4555 1140 4614 tua
