<?xml version="1.0" encoding="UTF-8"?>
<!DOCTYPE html PUBLIC "-//W3C//DTD XHTML 1.0 Transitional//EN"
    "http://www.w3.org/TR/xhtml1/DTD/xhtml1-transitional.dtd">
<html xmlns="http://www.w3.org/1999/xhtml" xml:lang="en" lang="en">
 <head>
  <title>
</title>
<meta http-equiv="Content-Type" content="text/html;charset=utf-8" />
  <meta name='ocr-system' content='tesseract 3.04.00' />
  <meta name='ocr-capabilities' content='ocr_page ocr_carea ocr_par ocr_line ocrx_word'/>
</head>
<body>
  <div class='ocr_page' id='page_1' title='image "./magyardiplomacz00wenzgoog_0632.png"; bbox 0 0 3214 5250; ppageno 0'>
   <div class='ocr_carea' id='block_1_1' title="bbox 400 359 1172 418">
    <p class='ocr_par' dir='ltr' id='par_1_1' title="bbox 400 359 1172 418">
     <span class='ocr_line' id='line_1_1' title="bbox 400 359 1172 418; baseline 0 -2"><span class='ocrx_word' id='word_1_1' title='bbox 400 359 463 418; x_wconf 77' lang='lat'>61‘2</span> <span class='ocrx_word' id='word_1_2' title='bbox 755 373 986 418; x_wconf 78' lang='lat' dir='ltr'>orunonnenmr</span> <span class='ocrx_word' id='word_1_3' title='bbox 1006 359 1172 418; x_wconf 72' lang='lat' dir='ltr'>arinensis,</span> 
     </span>
    </p>
   </div>
   <div class='ocr_carea' id='block_1_2' title="bbox 277 529 1515 618">
    <p class='ocr_par' dir='ltr' id='par_1_2' title="bbox 277 529 1515 618">
     <span class='ocr_line' id='line_1_2' title="bbox 277 529 1515 618; baseline -0.008 -16"><span class='ocrx_word' id='word_1_4' title='bbox 277 611 281 618; x_wconf 47' lang='grc'><strong>,</strong></span> <span class='ocrx_word' id='word_1_5' title='bbox 399 533 585 601; x_wconf 82' lang='lat' dir='ltr'>tissortione</span> <span class='ocrx_word' id='word_1_6' title='bbox 615 531 777 600; x_wconf 87' lang='lat' dir='ltr'>dictorum</span> <span class='ocrx_word' id='word_1_7' title='bbox 802 553 982 618; x_wconf 90' lang='lat' dir='ltr'>pannorum</span> <span class='ocrx_word' id='word_1_8' title='bbox 1008 537 1042 597; x_wconf 90' lang='lat' dir='ltr'>et</span> <span class='ocrx_word' id='word_1_9' title='bbox 1068 530 1207 597; x_wconf 90' lang='lat' dir='ltr'>aliarum</span> <span class='ocrx_word' id='word_1_10' title='bbox 1236 529 1471 596; x_wconf 80' lang='lat' dir='ltr'>mecentiarum</span> <span class='ocrx_word' id='word_1_11' title='bbox 1491 535 1515 592; x_wconf 89' lang='lat' dir='ltr'>et</span> 
     </span>
    </p>
   </div>
   <div class='ocr_carea' id='block_1_3' title="bbox 401 639 1590 943">
    <p class='ocr_par' dir='ltr' id='par_1_3' title="bbox 401 639 1590 943">
     <span class='ocr_line' id='line_1_3' title="bbox 401 639 1589 726; baseline -0.007 -18"><span class='ocrx_word' id='word_1_12' title='bbox 401 666 457 708; x_wconf 89' lang='lat' dir='ltr'>seu</span> <span class='ocrx_word' id='word_1_13' title='bbox 474 664 581 708; x_wconf 89' lang='lat' dir='ltr'>rerum</span> <span class='ocrx_word' id='word_1_14' title='bbox 598 643 645 707; x_wconf 91' lang='lat' dir='ltr'>eis</span> <span class='ocrx_word' id='word_1_15' title='bbox 662 642 739 706; x_wconf 90' lang='lat' dir='ltr'>olim</span> <span class='ocrx_word' id='word_1_16' title='bbox 756 641 942 707; x_wconf 86' lang='lat' dir='ltr'>ablatarum</span> <span class='ocrx_word' id='word_1_17' title='bbox 959 663 1017 726; x_wconf 92' lang='lat' dir='ltr'>per</span> <span class='ocrx_word' id='word_1_18' title='bbox 1034 639 1265 724; x_wconf 88' lang='lat' dir='ltr'>stipendiarios</span> <span class='ocrx_word' id='word_1_19' title='bbox 1281 645 1315 703; x_wconf 89' lang='lat' dir='ltr'>et</span> <span class='ocrx_word' id='word_1_20' title='bbox 1339 661 1397 703; x_wconf 92' lang='lat' dir='ltr'>seu</span> <span class='ocrx_word' id='word_1_21' title='bbox 1420 643 1516 720; x_wconf 78' lang='lat' dir='ltr'><strong>gentes</strong></span> <span class='ocrx_word' id='word_1_22' title='bbox 1588 673 1589 718; x_wconf 50' lang='lat'><em>4</em></span> 
     </span>
     <span class='ocr_line' id='line_1_4' title="bbox 402 745 1517 834; baseline -0.008 -18"><span class='ocrx_word' id='word_1_23' title='bbox 402 751 482 816; x_wconf 90' lang='lat' dir='ltr'>dicti</span> <span class='ocrx_word' id='word_1_24' title='bbox 498 751 620 816; x_wconf 82' lang='lat' dir='ltr'>donnini</span> <span class='ocrx_word' id='word_1_25' title='bbox 638 751 750 834; x_wconf 83' lang='lat' dir='ltr'>Regis,</span> <span class='ocrx_word' id='word_1_26' title='bbox 766 775 786 816; x_wconf 89' lang='lat' dir='ltr'>a</span> <span class='ocrx_word' id='word_1_27' title='bbox 803 750 891 815; x_wconf 78' lang='lat' dir='ltr'>dioto</span> <span class='ocrx_word' id='word_1_28' title='bbox 909 749 1080 816; x_wconf 83' lang='lat' dir='ltr'>Communi</span> <span class='ocrx_word' id='word_1_29' title='bbox 1099 749 1284 832; x_wconf 72' lang='lat' dir='ltr'>recipiente,</span> <span class='ocrx_word' id='word_1_30' title='bbox 1310 753 1342 811; x_wconf 90' lang='lat' dir='ltr'>et</span> <span class='ocrx_word' id='word_1_31' title='bbox 1369 769 1424 812; x_wconf 88' lang='lat' dir='ltr'>seu</span> <span class='ocrx_word' id='word_1_32' title='bbox 1448 745 1517 809; x_wconf 83' lang='lat' dir='ltr'>alius</span> 
     </span>
     <span class='ocr_line' id='line_1_5' title="bbox 403 853 1590 943; baseline -0.006 -19"><span class='ocrx_word' id='word_1_33' title='bbox 403 859 452 926; x_wconf 88' lang='lat' dir='ltr'>vel</span> <span class='ocrx_word' id='word_1_34' title='bbox 469 860 526 924; x_wconf 90' lang='lat' dir='ltr'>alii</span> <span class='ocrx_word' id='word_1_35' title='bbox 543 882 601 943; x_wconf 92' lang='lat' dir='ltr'>pro</span> <span class='ocrx_word' id='word_1_36' title='bbox 618 860 664 922; x_wconf 89' lang='lat' dir='ltr'>eis</span> <span class='ocrx_word' id='word_1_37' title='bbox 682 859 732 923; x_wconf 85' lang='lat' dir='ltr'>rel</span> <span class='ocrx_word' id='word_1_38' title='bbox 749 859 859 942; x_wconf 86' lang='lat' dir='ltr'>aliquo</span> <span class='ocrx_word' id='word_1_39' title='bbox 876 879 985 923; x_wconf 91' lang='lat' dir='ltr'>eorum</span> <span class='ocrx_word' id='word_1_40' title='bbox 1010 859 1130 922; x_wconf 86' lang='lat' dir='ltr'>dictam</span> <span class='ocrx_word' id='word_1_41' title='bbox 1155 857 1377 939; x_wconf 80' lang='lat' dir='ltr'><strong>quantitatem</strong></span> <span class='ocrx_word' id='word_1_42' title='bbox 1401 853 1519 918; x_wconf 83' lang='lat' dir='ltr'>floreno</span> <span class='ocrx_word' id='word_1_43' title='bbox 1588 861 1590 892; x_wconf 66' lang='lat' dir='ltr'>r</span> 
     </span>
    </p>
   </div>
   <div class='ocr_carea' id='block_1_4' title="bbox 283 960 1519 1058">
    <p class='ocr_par' dir='ltr' id='par_1_4' title="bbox 283 957 1590 1058">
     <span class='ocr_line' id='line_1_6' title="bbox 283 960 1519 1058; baseline -0.008 -24"><span class='ocrx_word' id='word_1_44' title='bbox 283 1051 287 1058; x_wconf 31' lang='grc' dir='ltr'>Ι</span> <span class='ocrx_word' id='word_1_45' title='bbox 403 991 475 1034; x_wconf 90' lang='lat' dir='ltr'>rum</span> <span class='ocrx_word' id='word_1_46' title='bbox 492 966 572 1031; x_wconf 66' lang='grc' dir='ltr'>111Μ</span> <span class='ocrx_word' id='word_1_47' title='bbox 595 967 650 1031; x_wconf 79' lang='lat'>11⁰</span> <span class='ocrx_word' id='word_1_48' title='bbox 674 967 760 1046; x_wconf 86' lang='lat' dir='ltr'>auri,</span> <span class='ocrx_word' id='word_1_49' title='bbox 777 973 809 1030; x_wconf 91' lang='lat' dir='ltr'>et</span> <span class='ocrx_word' id='word_1_50' title='bbox 827 989 883 1031; x_wconf 85' lang='lat' dir='ltr'>seu</span> <span class='ocrx_word' id='word_1_51' title='bbox 901 967 960 1048; x_wconf 87' lang='lat' dir='ltr'>ipsi</span> <span class='ocrx_word' id='word_1_52' title='bbox 981 971 1180 1031; x_wconf 72' lang='lat' dir='ltr'><strong>mercatores</strong></span> <span class='ocrx_word' id='word_1_53' title='bbox 1197 971 1232 1029; x_wconf 91' lang='lat' dir='ltr'>et</span> <span class='ocrx_word' id='word_1_54' title='bbox 1247 965 1334 1028; x_wconf 87' lang='lat' dir='ltr'>cives</span> <span class='ocrx_word' id='word_1_55' title='bbox 1352 960 1519 1028; x_wconf 87' lang='lat' dir='ltr'>Florentini</span> 
     </span>
    </p>
   </div>
   <div class='ocr_carea' id='block_1_5' title="bbox 403 1071 1539 4618">
    <p class='ocr_par' dir='ltr' id='par_1_5' title="bbox 403 1067 1590 2347">
     <span class='ocr_line' id='line_1_7' title="bbox 403 1071 1520 1158; baseline -0.008 -16"><span class='ocrx_word' id='word_1_56' title='bbox 403 1084 436 1142; x_wconf 85' lang='lat' dir='ltr'>et</span> <span class='ocrx_word' id='word_1_57' title='bbox 453 1076 508 1142; x_wconf 85' lang='lat' dir='ltr'>alii</span> <span class='ocrx_word' id='word_1_58' title='bbox 527 1075 724 1154; x_wconf 84' lang='lat' dir='ltr'>nominandi,</span> <span class='ocrx_word' id='word_1_59' title='bbox 742 1081 777 1138; x_wconf 90' lang='lat' dir='ltr'>ut</span> <span class='ocrx_word' id='word_1_60' title='bbox 794 1075 981 1158; x_wconf 80' lang='lat' dir='ltr'><strong>predicitur,</strong></span> <span class='ocrx_word' id='word_1_61' title='bbox 1009 1073 1130 1139; x_wconf 81' lang='lat' dir='ltr'>faciant</span> <span class='ocrx_word' id='word_1_62' title='bbox 1157 1072 1262 1154; x_wconf 86' lang='lat' dir='ltr'>finem,</span> <span class='ocrx_word' id='word_1_63' title='bbox 1288 1071 1520 1155; x_wconf 79' lang='lat' dir='ltr'>quietationem</span> 
     </span>
     <span class='ocr_line' id='line_1_8' title="bbox 403 1177 1521 1266; baseline -0.006 -18"><span class='ocrx_word' id='word_1_64' title='bbox 403 1183 655 1266; x_wconf 84' lang='lat' dir='ltr'>libertationenr,</span> <span class='ocrx_word' id='word_1_65' title='bbox 672 1181 888 1249; x_wconf 83' lang='lat' dir='ltr'>absolutinem</span> <span class='ocrx_word' id='word_1_66' title='bbox 904 1189 938 1246; x_wconf 88' lang='lat' dir='ltr'>et</span> <span class='ocrx_word' id='word_1_67' title='bbox 953 1187 1083 1265; x_wconf 89' lang='lat' dir='ltr'>pactum</span> <span class='ocrx_word' id='word_1_68' title='bbox 1100 1181 1140 1245; x_wconf 91' lang='lat' dir='ltr'>de</span> <span class='ocrx_word' id='word_1_69' title='bbox 1158 1181 1296 1245; x_wconf 90' lang='lat' dir='ltr'>ulterius</span> <span class='ocrx_word' id='word_1_70' title='bbox 1315 1201 1380 1244; x_wconf 91' lang='lat' dir='ltr'>non</span> <span class='ocrx_word' id='word_1_71' title='bbox 1397 1177 1521 1262; x_wconf 86' lang='lat' dir='ltr'>petendo</span> 
     </span>
     <span class='ocr_line' id='line_1_9' title="bbox 405 1287 1522 1374; baseline -0.006 -18"><span class='ocrx_word' id='word_1_72' title='bbox 405 1293 492 1357; x_wconf 90' lang='lat' dir='ltr'>dicto</span> <span class='ocrx_word' id='word_1_73' title='bbox 509 1291 640 1357; x_wconf 91' lang='lat' dir='ltr'>domino</span> <span class='ocrx_word' id='word_1_74' title='bbox 658 1291 752 1372; x_wconf 84' lang='lat' dir='ltr'>Regi,</span> <span class='ocrx_word' id='word_1_75' title='bbox 769 1295 801 1354; x_wconf 91' lang='lat' dir='ltr'>et</span> <span class='ocrx_word' id='word_1_76' title='bbox 819 1311 874 1356; x_wconf 72' lang='lat' dir='ltr'>seu</span> <span class='ocrx_word' id='word_1_77' title='bbox 891 1289 946 1355; x_wconf 91' lang='lat' dir='ltr'>alii</span> <span class='ocrx_word' id='word_1_78' title='bbox 965 1311 1024 1374; x_wconf 92' lang='lat' dir='ltr'>pro</span> <span class='ocrx_word' id='word_1_79' title='bbox 1041 1310 1078 1354; x_wconf 91' lang='lat' dir='ltr'>eo</span> <span class='ocrx_word' id='word_1_80' title='bbox 1096 1289 1262 1372; x_wconf 78' lang='lat' dir='ltr'>recipienti</span> <span class='ocrx_word' id='word_1_81' title='bbox 1284 1287 1424 1353; x_wconf 84' lang='lat' dir='ltr'>dedicta</span> <span class='ocrx_word' id='word_1_82' title='bbox 1436 1307 1522 1368; x_wconf 86' lang='lat' dir='ltr'>quau·</span> 
     </span>
     <span class='ocr_line' id='line_1_10' title="bbox 404 1395 1523 1479; baseline -0.006 -15"><span class='ocrx_word' id='word_1_83' title='bbox 404 1401 500 1466; x_wconf 89' lang='lat' dir='ltr'>titate</span> <span class='ocrx_word' id='word_1_84' title='bbox 527 1399 743 1464; x_wconf 82' lang='lat' dir='ltr'>Floronorum</span> <span class='ocrx_word' id='word_1_85' title='bbox 771 1396 852 1462; x_wconf 65' lang='grc' dir='ltr'>ΙΙΙ·Ι</span> <span class='ocrx_word' id='word_1_86' title='bbox 885 1395 939 1462; x_wconf 82' lang='lat' dir='ltr'>Ilc</span> <span class='ocrx_word' id='word_1_87' title='bbox 975 1399 1047 1462; x_wconf 87' lang='lat' dir='ltr'>auri</span> <span class='ocrx_word' id='word_1_88' title='bbox 1073 1396 1260 1462; x_wconf 89' lang='lat' dir='ltr'>solemniter</span> <span class='ocrx_word' id='word_1_89' title='bbox 1284 1417 1343 1479; x_wconf 87' lang='lat' dir='ltr'>per</span> <span class='ocrx_word' id='word_1_90' title='bbox 1369 1395 1523 1478; x_wconf 88' lang='lat' dir='ltr'>publicum</span> 
     </span>
     <span class='ocr_line' id='line_1_11' title="bbox 405 1504 1524 1588; baseline -0.007 -16"><span class='ocrx_word' id='word_1_91' title='bbox 405 1510 655 1572; x_wconf 83' lang='lat' dir='ltr'>instrumentum</span> <span class='ocrx_word' id='word_1_92' title='bbox 672 1504 890 1572; x_wconf 88' lang='lat' dir='ltr'>roborandum</span> <span class='ocrx_word' id='word_1_93' title='bbox 909 1505 1061 1588; x_wconf 86' lang='lat' dir='ltr'>capitulis</span> <span class='ocrx_word' id='word_1_94' title='bbox 1077 1511 1111 1570; x_wconf 89' lang='lat' dir='ltr'>et</span> <span class='ocrx_word' id='word_1_95' title='bbox 1128 1504 1389 1570; x_wconf 84' lang='lat' dir='ltr'>solemnitatibus</span> <span class='ocrx_word' id='word_1_96' title='bbox 1406 1511 1524 1585; x_wconf 87' lang='lat' dir='ltr'>oportu-</span> 
     </span>
     <span class='ocr_line' id='line_1_12' title="bbox 406 1611 1524 1696; baseline -0.006 -16"><span class='ocrx_word' id='word_1_97' title='bbox 406 1615 465 1695; x_wconf 87' lang='lat' dir='ltr'>nis,</span> <span class='ocrx_word' id='word_1_98' title='bbox 482 1615 716 1680; x_wconf 88' lang='lat' dir='ltr'>conficiendum</span> <span class='ocrx_word' id='word_1_99' title='bbox 734 1620 767 1678; x_wconf 93' lang='lat' dir='ltr'>et</span> <span class='ocrx_word' id='word_1_100' title='bbox 781 1613 959 1696; x_wconf 86' lang='lat' dir='ltr'>rogandum</span> <span class='ocrx_word' id='word_1_101' title='bbox 970 1635 1027 1696; x_wconf 88' lang='lat' dir='ltr'>per</span> <span class='ocrx_word' id='word_1_102' title='bbox 1038 1635 1087 1678; x_wconf 88' lang='lat' dir='ltr'>me</span> <span class='ocrx_word' id='word_1_103' title='bbox 1097 1613 1269 1677; x_wconf 86' lang='lat' dir='ltr'>Notarium</span> <span class='ocrx_word' id='word_1_104' title='bbox 1284 1611 1524 1694; x_wconf 85' lang='lat' dir='ltr'>infrascriptum,</span> 
     </span>
     <span class='ocr_line' id='line_1_13' title="bbox 406 1719 1524 1808; baseline -0.006 -20"><span class='ocrx_word' id='word_1_105' title='bbox 406 1722 493 1808; x_wconf 92' lang='lat' dir='ltr'>quod</span> <span class='ocrx_word' id='word_1_106' title='bbox 510 1745 605 1805; x_wconf 90' lang='lat' dir='ltr'>super</span> <span class='ocrx_word' id='word_1_107' title='bbox 622 1722 721 1788; x_wconf 88' lang='lat' dir='ltr'>alium</span> <span class='ocrx_word' id='word_1_108' title='bbox 740 1719 913 1788; x_wconf 88' lang='lat' dir='ltr'>Notarium</span> <span class='ocrx_word' id='word_1_109' title='bbox 931 1723 1037 1786; x_wconf 85' lang='lat' dir='ltr'>veniat</span> <span class='ocrx_word' id='word_1_110' title='bbox 1064 1721 1104 1786; x_wconf 92' lang='lat' dir='ltr'>ad</span> <span class='ocrx_word' id='word_1_111' title='bbox 1132 1722 1281 1786; x_wconf 86' lang='lat' dir='ltr'>notitiam</span> <span class='ocrx_word' id='word_1_112' title='bbox 1309 1720 1388 1784; x_wconf 92' lang='lat' dir='ltr'>dicti</span> <span class='ocrx_word' id='word_1_113' title='bbox 1416 1719 1524 1784; x_wconf 91' lang='lat' dir='ltr'>domini</span> 
     </span>
     <span class='ocr_line' id='line_1_14' title="bbox 407 1827 1526 1914; baseline -0.005 -18"><span class='ocrx_word' id='word_1_114' title='bbox 407 1831 519 1914; x_wconf 86' lang='lat' dir='ltr'>Regis,</span> <span class='ocrx_word' id='word_1_115' title='bbox 534 1839 632 1914; x_wconf 89' lang='lat' dir='ltr'>prout</span> <span class='ocrx_word' id='word_1_116' title='bbox 648 1837 681 1896; x_wconf 91' lang='lat' dir='ltr'>et</span> <span class='ocrx_word' id='word_1_117' title='bbox 699 1831 781 1895; x_wconf 91' lang='lat' dir='ltr'>sicut</span> <span class='ocrx_word' id='word_1_118' title='bbox 797 1838 829 1895; x_wconf 92' lang='lat' dir='ltr'>et</span> <span class='ocrx_word' id='word_1_119' title='bbox 846 1832 975 1914; x_wconf 87' lang='lat' dir='ltr'>quondo</span> <span class='ocrx_word' id='word_1_120' title='bbox 992 1829 1216 1896; x_wconf 80' lang='lat' dir='ltr'>declarabitur</span> <span class='ocrx_word' id='word_1_121' title='bbox 1233 1851 1291 1913; x_wconf 92' lang='lat' dir='ltr'>per</span> <span class='ocrx_word' id='word_1_122' title='bbox 1318 1829 1422 1892; x_wconf 89' lang='lat' dir='ltr'>dictos</span> <span class='ocrx_word' id='word_1_123' title='bbox 1439 1827 1526 1893; x_wconf 90' lang='lat' dir='ltr'>domi·</span> 
     </span>
     <span class='ocr_line' id='line_1_15' title="bbox 408 1937 1526 2021; baseline -0.003 -17"><span class='ocrx_word' id='word_1_124' title='bbox 408 1962 484 2005; x_wconf 92' lang='lat' dir='ltr'>num</span> <span class='ocrx_word' id='word_1_125' title='bbox 505 1940 693 2006; x_wconf 85' lang='lat' dir='ltr'>Jolraunorn</span> <span class='ocrx_word' id='word_1_126' title='bbox 720 1939 905 2006; x_wconf 85' lang='lat' dir='ltr'>Guidonem</span> <span class='ocrx_word' id='word_1_127' title='bbox 939 1947 971 2006; x_wconf 91' lang='lat' dir='ltr'>et</span> <span class='ocrx_word' id='word_1_128' title='bbox 997 1941 1209 2006; x_wconf 87' lang='lat' dir='ltr'>Franciscnm</span> <span class='ocrx_word' id='word_1_129' title='bbox 1235 1939 1276 2003; x_wconf 91' lang='lat' dir='ltr'>de</span> <span class='ocrx_word' id='word_1_130' title='bbox 1302 1937 1526 2021; x_wconf 84' lang='lat' dir='ltr'>Ardiugbellis.</span> 
     </span>
     <span class='ocr_line' id='line_1_16' title="bbox 408 2045 1526 2132; baseline -0.004 -20"><span class='ocrx_word' id='word_1_131' title='bbox 408 2055 506 2132; x_wconf 91' lang='lat' dir='ltr'>prout</span> <span class='ocrx_word' id='word_1_132' title='bbox 522 2049 581 2115; x_wconf 92' lang='lat' dir='ltr'>hec</span> <span class='ocrx_word' id='word_1_133' title='bbox 597 2055 630 2114; x_wconf 89' lang='lat' dir='ltr'>et</span> <span class='ocrx_word' id='word_1_134' title='bbox 647 2048 714 2114; x_wconf 84' lang='lat' dir='ltr'>alia</span> <span class='ocrx_word' id='word_1_135' title='bbox 730 2049 803 2132; x_wconf 90' lang='lat' dir='ltr'>plus</span> <span class='ocrx_word' id='word_1_136' title='bbox 821 2048 1000 2128; x_wconf 71' lang='lat' dir='ltr'>inlinitum,</span> <span class='ocrx_word' id='word_1_137' title='bbox 1018 2049 1065 2112; x_wconf 90' lang='lat' dir='ltr'>sic</span> <span class='ocrx_word' id='word_1_138' title='bbox 1081 2047 1132 2112; x_wconf 89' lang='lat' dir='ltr'>vel</span> <span class='ocrx_word' id='word_1_139' title='bbox 1149 2047 1247 2112; x_wconf 87' lang='lat' dir='ltr'>aliter</span> <span class='ocrx_word' id='word_1_140' title='bbox 1274 2053 1426 2112; x_wconf 88' lang='lat' dir='ltr'>constare</span> <span class='ocrx_word' id='word_1_141' title='bbox 1453 2045 1526 2109; x_wconf 82' lang='lat' dir='ltr'>dire-</span> 
     </span>
     <span class='ocr_line' id='line_1_17' title="bbox 409 2143 1527 2241; baseline -0.002 -21"><span class='ocrx_word' id='word_1_142' title='bbox 409 2143 486 2222; x_wconf 66' lang='lat' dir='ltr'>&#39;rnnt</span> <span class='ocrx_word' id='word_1_143' title='bbox 501 2157 631 2241; x_wconf 90' lang='lat' dir='ltr'>publico</span> <span class='ocrx_word' id='word_1_144' title='bbox 648 2157 863 2222; x_wconf 89' lang='lat' dir='ltr'>instrumento</span> <span class='ocrx_word' id='word_1_145' title='bbox 881 2156 956 2220; x_wconf 90' lang='lat' dir='ltr'>inde</span> <span class='ocrx_word' id='word_1_146' title='bbox 975 2155 1123 2221; x_wconf 85' lang='lat' dir='ltr'>confecto</span> <span class='ocrx_word' id='word_1_147' title='bbox 1139 2161 1173 2220; x_wconf 88' lang='lat' dir='ltr'>et</span> <span class='ocrx_word' id='word_1_148' title='bbox 1191 2163 1306 2239; x_wconf 85' lang='lat' dir='ltr'>rogato</span> <span class='ocrx_word' id='word_1_149' title='bbox 1323 2177 1380 2238; x_wconf 90' lang='lat' dir='ltr'>per</span> <span class='ocrx_word' id='word_1_150' title='bbox 1406 2175 1457 2220; x_wconf 91' lang='lat' dir='ltr'>me</span> <span class='ocrx_word' id='word_1_151' title='bbox 1478 2152 1527 2218; x_wconf 80' lang='lat' dir='ltr'>do</span> 
     </span>
     <span class='ocr_line' id='line_1_18' title="bbox 410 2262 1019 2347; baseline -0.002 -20"><span class='ocrx_word' id='word_1_152' title='bbox 410 2262 552 2330; x_wconf 85' lang='lat' dir='ltr'>hannem</span> <span class='ocrx_word' id='word_1_153' title='bbox 571 2264 748 2330; x_wconf 90' lang='lat' dir='ltr'>Notarium</span> <span class='ocrx_word' id='word_1_154' title='bbox 767 2263 1019 2347; x_wconf 83' lang='lat' dir='ltr'>infrascriptum.</span> 
     </span>
    </p>

    <p class='ocr_par' dir='ltr' id='par_1_6' title="bbox 410 2369 1539 4618">
     <span class='ocr_line' id='line_1_19' title="bbox 521 2369 1528 2456; baseline -0.001 -20"><span class='ocrx_word' id='word_1_155' title='bbox 521 2371 615 2437; x_wconf 73' lang='lat' dir='ltr'>Unde</span> <span class='ocrx_word' id='word_1_156' title='bbox 633 2371 727 2436; x_wconf 90' lang='lat' dir='ltr'>hodie</span> <span class='ocrx_word' id='word_1_157' title='bbox 746 2372 807 2436; x_wconf 82' lang='lat' dir='ltr'>liae</span> <span class='ocrx_word' id='word_1_158' title='bbox 824 2372 967 2455; x_wconf 89' lang='lat' dir='ltr'>presenti</span> <span class='ocrx_word' id='word_1_159' title='bbox 983 2370 1035 2434; x_wconf 87' lang='lat' dir='ltr'>die</span> <span class='ocrx_word' id='word_1_160' title='bbox 1052 2371 1110 2440; x_wconf 87' lang='lat' dir='ltr'>VJ.</span> <span class='ocrx_word' id='word_1_161' title='bbox 1127 2371 1246 2436; x_wconf 89' lang='lat' dir='ltr'>mensis</span> <span class='ocrx_word' id='word_1_162' title='bbox 1262 2369 1287 2435; x_wconf 88' lang='lat' dir='ltr'><strong>J</strong></span> <span class='ocrx_word' id='word_1_163' title='bbox 1288 2371 1355 2456; x_wconf 88' lang='lat' dir='ltr'>unij</span> <span class='ocrx_word' id='word_1_164' title='bbox 1373 2371 1528 2456; x_wconf 84' lang='lat' dir='ltr'>supradie-</span> 
     </span>
     <span class='ocr_line' id='line_1_20' title="bbox 411 2476 1530 2563; baseline 0 -21"><span class='ocrx_word' id='word_1_165' title='bbox 411 2485 455 2557; x_wconf 86' lang='lat' dir='ltr'>ta‚</span> <span class='ocrx_word' id='word_1_166' title='bbox 473 2479 665 2563; x_wconf 86' lang='lat' dir='ltr'>Ardingbus</span> <span class='ocrx_word' id='word_1_167' title='bbox 683 2481 759 2545; x_wconf 93' lang='lat' dir='ltr'>olim</span> <span class='ocrx_word' id='word_1_168' title='bbox 776 2476 874 2544; x_wconf 82' lang='lat' dir='ltr'>Oursi</span> <span class='ocrx_word' id='word_1_169' title='bbox 893 2478 931 2543; x_wconf 91' lang='lat' dir='ltr'>de</span> <span class='ocrx_word' id='word_1_170' title='bbox 956 2478 1079 2544; x_wconf 90' lang='lat' dir='ltr'>Ricciis</span> <span class='ocrx_word' id='word_1_171' title='bbox 1097 2485 1133 2544; x_wconf 93' lang='lat' dir='ltr'>ut</span> <span class='ocrx_word' id='word_1_172' title='bbox 1158 2480 1266 2561; x_wconf 79' lang='lat' dir='ltr'>sotim,</span> <span class='ocrx_word' id='word_1_173' title='bbox 1291 2486 1324 2545; x_wconf 92' lang='lat' dir='ltr'>et</span> <span class='ocrx_word' id='word_1_174' title='bbox 1345 2480 1415 2545; x_wconf 80' lang='lat' dir='ltr'>rice</span> <span class='ocrx_word' id='word_1_175' title='bbox 1440 2486 1471 2544; x_wconf 89' lang='lat' dir='ltr'>et</span> <span class='ocrx_word' id='word_1_176' title='bbox 1486 2501 1530 2543; x_wconf 83' lang='lat' dir='ltr'>no</span> 
     </span>
     <span class='ocr_line' id='line_1_21' title="bbox 411 2586 1532 2669; baseline -0.002 -17"><span class='ocrx_word' id='word_1_177' title='bbox 411 2589 496 2652; x_wconf 87' lang='lat' dir='ltr'>mine</span> <span class='ocrx_word' id='word_1_178' title='bbox 513 2588 591 2653; x_wconf 90' lang='lat' dir='ltr'>dicti</span> <span class='ocrx_word' id='word_1_179' title='bbox 608 2586 771 2654; x_wconf 87' lang='lat' dir='ltr'>Jobannis</span> <span class='ocrx_word' id='word_1_180' title='bbox 797 2587 837 2651; x_wconf 90' lang='lat' dir='ltr'>de</span> <span class='ocrx_word' id='word_1_181' title='bbox 863 2586 1061 2651; x_wconf 87' lang='lat' dir='ltr'>Porliuariis</span> <span class='ocrx_word' id='word_1_182' title='bbox 1087 2586 1126 2652; x_wconf 89' lang='lat' dir='ltr'>de</span> <span class='ocrx_word' id='word_1_183' title='bbox 1150 2587 1330 2669; x_wconf 85' lang='lat' dir='ltr'>Florentia,</span> <span class='ocrx_word' id='word_1_184' title='bbox 1357 2595 1390 2654; x_wconf 90' lang='lat' dir='ltr'>et</span> <span class='ocrx_word' id='word_1_185' title='bbox 1414 2589 1481 2654; x_wconf 83' lang='lat' dir='ltr'>rice</span> <span class='ocrx_word' id='word_1_186' title='bbox 1505 2595 1532 2650; x_wconf 92' lang='lat' dir='ltr'>et</span> 
     </span>
     <span class='ocr_line' id='line_1_22' title="bbox 410 2695 1533 2780; baseline 0.001 -22"><span class='ocrx_word' id='word_1_187' title='bbox 410 2696 538 2760; x_wconf 92' lang='lat' dir='ltr'>nomine</span> <span class='ocrx_word' id='word_1_188' title='bbox 569 2695 770 2760; x_wconf 90' lang='lat' dir='ltr'>Bartolomei</span> <span class='ocrx_word' id='word_1_189' title='bbox 794 2695 910 2759; x_wconf 83' lang='lat' dir='ltr'>Larini</span> <span class='ocrx_word' id='word_1_190' title='bbox 942 2695 982 2760; x_wconf 92' lang='lat' dir='ltr'>de</span> <span class='ocrx_word' id='word_1_191' title='bbox 1009 2695 1188 2776; x_wconf 84' lang='lat' dir='ltr'>Florentia,</span> <span class='ocrx_word' id='word_1_192' title='bbox 1223 2717 1284 2778; x_wconf 93' lang='lat' dir='ltr'>pro</span> <span class='ocrx_word' id='word_1_193' title='bbox 1322 2697 1441 2779; x_wconf 89' lang='lat' dir='ltr'>quibus</span> <span class='ocrx_word' id='word_1_194' title='bbox 1470 2717 1533 2780; x_wconf 89' lang='lat' dir='ltr'>pro·</span> 
     </span>
     <span class='ocr_line' id='line_1_23' title="bbox 410 2801 1532 2882; baseline 0 -16"><span class='ocrx_word' id='word_1_195' title='bbox 410 2805 500 2868; x_wconf 90' lang='lat' dir='ltr'>misit</span> <span class='ocrx_word' id='word_1_196' title='bbox 525 2803 664 2868; x_wconf 85' lang='lat' dir='ltr'>dorato</span> <span class='ocrx_word' id='word_1_197' title='bbox 690 2809 748 2867; x_wconf 92' lang='lat' dir='ltr'>etc.</span> <span class='ocrx_word' id='word_1_198' title='bbox 785 2802 957 2869; x_wconf 84' lang='lat' dir='ltr'>Johannes</span> <span class='ocrx_word' id='word_1_199' title='bbox 982 2801 1061 2867; x_wconf 88' lang='lat' dir='ltr'>Jani</span> <span class='ocrx_word' id='word_1_200' title='bbox 1088 2825 1146 2867; x_wconf 89' lang='lat' dir='ltr'>suo</span> <span class='ocrx_word' id='word_1_201' title='bbox 1173 2804 1310 2882; x_wconf 90' lang='lat' dir='ltr'>nomine,</span> <span class='ocrx_word' id='word_1_202' title='bbox 1336 2804 1532 2871; x_wconf 85' lang='lat' dir='ltr'>Bonacursus</span> 
     </span>
     <span class='ocr_line' id='line_1_24' title="bbox 411 2911 1532 2989; baseline 0 -15"><span class='ocrx_word' id='word_1_203' title='bbox 411 2911 551 2977; x_wconf 89' lang='lat' dir='ltr'>Berardi</span> <span class='ocrx_word' id='word_1_204' title='bbox 569 2918 601 2976; x_wconf 90' lang='lat' dir='ltr'>et</span> <span class='ocrx_word' id='word_1_205' title='bbox 618 2911 762 2977; x_wconf 85' lang='lat' dir='ltr'>lllicbael</span> <span class='ocrx_word' id='word_1_206' title='bbox 779 2911 947 2977; x_wconf 84' lang='lat' dir='ltr'>Francisoi</span> <span class='ocrx_word' id='word_1_207' title='bbox 973 2911 1057 2978; x_wconf 85' lang='lat' dir='ltr'>cives</span> <span class='ocrx_word' id='word_1_208' title='bbox 1074 2917 1107 2975; x_wconf 89' lang='lat' dir='ltr'>et</span> <span class='ocrx_word' id='word_1_209' title='bbox 1123 2919 1321 2979; x_wconf 81' lang='lat' dir='ltr'>mercatores</span> <span class='ocrx_word' id='word_1_210' title='bbox 1347 2912 1532 2989; x_wconf 80' lang='lat' dir='ltr'>Florentini,</span> 
     </span>
     <span class='ocr_line' id='line_1_25' title="bbox 410 3016 1531 3102; baseline -0.001 -20"><span class='ocrx_word' id='word_1_211' title='bbox 410 3026 443 3082; x_wconf 92' lang='lat' dir='ltr'>et</span> <span class='ocrx_word' id='word_1_212' title='bbox 460 3019 604 3084; x_wconf 83' lang='lat' dir='ltr'>bliclrael</span> <span class='ocrx_word' id='word_1_213' title='bbox 622 3019 837 3098; x_wconf 86' lang='lat' dir='ltr'>Bartolomei,</span> <span class='ocrx_word' id='word_1_214' title='bbox 848 3019 958 3102; x_wconf 89' lang='lat' dir='ltr'>populi</span> <span class='ocrx_word' id='word_1_215' title='bbox 971 3016 1092 3084; x_wconf 84' lang='lat' dir='ltr'>Sancte</span> <span class='ocrx_word' id='word_1_216' title='bbox 1109 3018 1294 3085; x_wconf 82' lang='lat' dir='ltr'>Felicitatis</span> <span class='ocrx_word' id='word_1_217' title='bbox 1305 3019 1345 3084; x_wconf 88' lang='lat' dir='ltr'>de</span> <span class='ocrx_word' id='word_1_218' title='bbox 1362 3020 1531 3098; x_wconf 84' lang='lat' dir='ltr'>Florentia,</span> 
     </span>
     <span class='ocr_line' id='line_1_26' title="bbox 410 3125 1534 3201; baseline -0.001 -11"><span class='ocrx_word' id='word_1_219' title='bbox 410 3128 479 3191; x_wconf 85' lang='lat' dir='ltr'>vice</span> <span class='ocrx_word' id='word_1_220' title='bbox 496 3133 528 3191; x_wconf 92' lang='lat' dir='ltr'>et</span> <span class='ocrx_word' id='word_1_221' title='bbox 545 3129 673 3193; x_wconf 91' lang='lat' dir='ltr'>nomine</span> <span class='ocrx_word' id='word_1_222' title='bbox 689 3127 819 3192; x_wconf 90' lang='lat' dir='ltr'>domine</span> <span class='ocrx_word' id='word_1_223' title='bbox 842 3127 939 3191; x_wconf 89' lang='lat' dir='ltr'>Piere</span> <span class='ocrx_word' id='word_1_224' title='bbox 965 3127 1043 3191; x_wconf 90' lang='lat' dir='ltr'>olim</span> <span class='ocrx_word' id='word_1_225' title='bbox 1070 3125 1229 3194; x_wconf 79' lang='lat' dir='ltr'>(luidonis</span> <span class='ocrx_word' id='word_1_226' title='bbox 1256 3129 1310 3194; x_wconf 92' lang='lat' dir='ltr'>del</span> <span class='ocrx_word' id='word_1_227' title='bbox 1329 3128 1534 3201; x_wconf 84' lang='lat' dir='ltr'>Biancboleti‚</span> 
     </span>
     <span class='ocr_line' id='line_1_27' title="bbox 412 3233 1533 3320; baseline -0.003 -20"><span class='ocrx_word' id='word_1_228' title='bbox 412 3242 446 3300; x_wconf 92' lang='lat' dir='ltr'>et</span> <span class='ocrx_word' id='word_1_229' title='bbox 461 3257 542 3300; x_wconf 73' lang='lat' dir='ltr'>error</span> <span class='ocrx_word' id='word_1_230' title='bbox 559 3237 636 3302; x_wconf 88' lang='lat' dir='ltr'>olim</span> <span class='ocrx_word' id='word_1_231' title='bbox 653 3235 855 3301; x_wconf 85' lang='lat' dir='ltr'>Bartolomei</span> <span class='ocrx_word' id='word_1_232' title='bbox 874 3235 957 3319; x_wconf 90' lang='lat' dir='ltr'>Lapi</span> <span class='ocrx_word' id='word_1_233' title='bbox 974 3233 1054 3299; x_wconf 92' lang='lat' dir='ltr'>Buti</span> <span class='ocrx_word' id='word_1_234' title='bbox 1072 3235 1150 3300; x_wconf 93' lang='lat' dir='ltr'>dicti</span> <span class='ocrx_word' id='word_1_235' title='bbox 1167 3237 1279 3320; x_wconf 90' lang='lat' dir='ltr'>populi</span> <span class='ocrx_word' id='word_1_236' title='bbox 1290 3235 1410 3302; x_wconf 84' lang='lat' dir='ltr'>Sancte</span> <span class='ocrx_word' id='word_1_237' title='bbox 1429 3234 1533 3301; x_wconf 83' lang='lat' dir='ltr'>Felici·</span> 
     </span>
     <span class='ocr_line' id='line_1_28' title="bbox 413 3342 1534 3428; baseline -0.002 -19"><span class='ocrx_word' id='word_1_238' title='bbox 413 3343 501 3422; x_wconf 89' lang='lat' dir='ltr'>tatis,</span> <span class='ocrx_word' id='word_1_239' title='bbox 521 3343 647 3408; x_wconf 82' lang='lat' dir='ltr'>latricis</span> <span class='ocrx_word' id='word_1_240' title='bbox 664 3349 696 3408; x_wconf 91' lang='lat' dir='ltr'>et</span> <span class='ocrx_word' id='word_1_241' title='bbox 713 3343 837 3409; x_wconf 91' lang='lat' dir='ltr'>tutorio</span> <span class='ocrx_word' id='word_1_242' title='bbox 855 3345 982 3408; x_wconf 90' lang='lat' dir='ltr'>nomine</span> <span class='ocrx_word' id='word_1_243' title='bbox 998 3343 1124 3428; x_wconf 79' lang='lat' dir='ltr'>Filippi</span> <span class='ocrx_word' id='word_1_244' title='bbox 1141 3342 1282 3410; x_wconf 81' lang='lat' dir='ltr'>Infantis</span> <span class='ocrx_word' id='word_1_245' title='bbox 1301 3347 1431 3411; x_wconf 85' lang='lat' dir='ltr'>elimet</span> <span class='ocrx_word' id='word_1_246' title='bbox 1455 3346 1534 3409; x_wconf 77' lang='lat' dir='ltr'>here</span> 
     </span>
     <span class='ocr_line' id='line_1_29' title="bbox 413 3449 1535 3533; baseline -0.001 -18"><span class='ocrx_word' id='word_1_247' title='bbox 413 3450 464 3515; x_wconf 89' lang='lat' dir='ltr'>dis</span> <span class='ocrx_word' id='word_1_248' title='bbox 481 3450 514 3514; x_wconf 92' lang='lat' dir='ltr'>in</span> <span class='ocrx_word' id='word_1_249' title='bbox 530 3450 668 3516; x_wconf 88' lang='lat' dir='ltr'>solidum</span> <span class='ocrx_word' id='word_1_250' title='bbox 686 3449 807 3516; x_wconf 91' lang='lat' dir='ltr'>domini</span> <span class='ocrx_word' id='word_1_251' title='bbox 823 3450 899 3517; x_wconf 80' lang='lat' dir='ltr'>cini</span> <span class='ocrx_word' id='word_1_252' title='bbox 913 3452 952 3517; x_wconf 89' lang='lat' dir='ltr'>de</span> <span class='ocrx_word' id='word_1_253' title='bbox 973 3451 1152 3533; x_wconf 80' lang='lat' dir='ltr'>Florentia,</span> <span class='ocrx_word' id='word_1_254' title='bbox 1170 3459 1207 3518; x_wconf 90' lang='lat' dir='ltr'>ut</span> <span class='ocrx_word' id='word_1_255' title='bbox 1232 3452 1272 3518; x_wconf 90' lang='lat' dir='ltr'>de</span> <span class='ocrx_word' id='word_1_256' title='bbox 1297 3453 1403 3519; x_wconf 89' lang='lat' dir='ltr'>tutela</span> <span class='ocrx_word' id='word_1_257' title='bbox 1428 3460 1486 3519; x_wconf 89' lang='lat' dir='ltr'>etc.</span> <span class='ocrx_word' id='word_1_258' title='bbox 1508 3457 1535 3514; x_wconf 88' lang='lat' dir='ltr'>et</span> 
     </span>
     <span class='ocr_line' id='line_1_30' title="bbox 413 3557 1536 3642; baseline 0.006 -25"><span class='ocrx_word' id='word_1_259' title='bbox 413 3558 481 3621; x_wconf 89' lang='lat' dir='ltr'>rice</span> <span class='ocrx_word' id='word_1_260' title='bbox 498 3564 531 3622; x_wconf 92' lang='lat' dir='ltr'>et</span> <span class='ocrx_word' id='word_1_261' title='bbox 546 3559 674 3623; x_wconf 90' lang='lat' dir='ltr'>nomine</span> <span class='ocrx_word' id='word_1_262' title='bbox 691 3557 771 3623; x_wconf 91' lang='lat' dir='ltr'>dicti</span> <span class='ocrx_word' id='word_1_263' title='bbox 788 3558 910 3642; x_wconf 85' lang='lat' dir='ltr'>Filippi</span> <span class='ocrx_word' id='word_1_264' title='bbox 927 3565 988 3624; x_wconf 90' lang='lat' dir='ltr'>etc.</span> <span class='ocrx_word' id='word_1_265' title='bbox 1004 3560 1198 3624; x_wconf 91' lang='lat' dir='ltr'>omnimodo</span> <span class='ocrx_word' id='word_1_266' title='bbox 1210 3559 1536 3638; x_wconf 81' lang='lat' dir='ltr'>etcfeceruntfinenr,</span> 
     </span>
     <span class='ocr_line' id='line_1_31' title="bbox 416 3666 1536 3754; baseline 0.006 -28"><span class='ocrx_word' id='word_1_267' title='bbox 416 3666 649 3746; x_wconf 87' lang='lat' dir='ltr'>quietationem</span> <span class='ocrx_word' id='word_1_268' title='bbox 666 3675 726 3732; x_wconf 89' lang='lat' dir='ltr'>etc.</span> <span class='ocrx_word' id='word_1_269' title='bbox 743 3666 840 3733; x_wconf 91' lang='lat' dir='ltr'>michi</span> <span class='ocrx_word' id='word_1_270' title='bbox 857 3667 881 3732; x_wconf 89' lang='lat' dir='ltr'>J</span> <span class='ocrx_word' id='word_1_271' title='bbox 883 3669 978 3734; x_wconf 90' lang='lat' dir='ltr'>oanni</span> <span class='ocrx_word' id='word_1_272' title='bbox 997 3667 1136 3734; x_wconf 89' lang='lat' dir='ltr'>Notario</span> <span class='ocrx_word' id='word_1_273' title='bbox 1153 3669 1364 3754; x_wconf 85' lang='lat' dir='ltr'>infrascripto</span> <span class='ocrx_word' id='word_1_274' title='bbox 1380 3679 1536 3754; x_wconf 85' lang='lat' dir='ltr'>tamquam</span> 
     </span>
     <span class='ocr_line' id='line_1_32' title="bbox 416 3773 1536 3861; baseline 0.004 -25"><span class='ocrx_word' id='word_1_275' title='bbox 416 3773 544 3856; x_wconf 89' lang='lat' dir='ltr'>publice</span> <span class='ocrx_word' id='word_1_276' title='bbox 560 3797 698 3859; x_wconf 88' lang='lat' dir='ltr'>persone</span> <span class='ocrx_word' id='word_1_277' title='bbox 714 3778 858 3859; x_wconf 89' lang='lat' dir='ltr'>presenti</span> <span class='ocrx_word' id='word_1_278' title='bbox 877 3783 909 3840; x_wconf 89' lang='lat' dir='ltr'>et</span> <span class='ocrx_word' id='word_1_279' title='bbox 924 3778 1093 3860; x_wconf 88' lang='lat' dir='ltr'>recipienti</span> <span class='ocrx_word' id='word_1_280' title='bbox 1119 3799 1180 3861; x_wconf 92' lang='lat' dir='ltr'>pro</span> <span class='ocrx_word' id='word_1_281' title='bbox 1207 3785 1240 3844; x_wconf 91' lang='lat' dir='ltr'>et</span> <span class='ocrx_word' id='word_1_282' title='bbox 1264 3778 1333 3845; x_wconf 85' lang='lat' dir='ltr'>rice</span> <span class='ocrx_word' id='word_1_283' title='bbox 1359 3786 1394 3846; x_wconf 89' lang='lat' dir='ltr'>et</span> <span class='ocrx_word' id='word_1_284' title='bbox 1419 3781 1536 3846; x_wconf 86' lang='lat' dir='ltr'>nomine</span> 
     </span>
     <span class='ocr_line' id='line_1_33' title="bbox 417 3879 1536 3968; baseline 0.003 -24"><span class='ocrx_word' id='word_1_285' title='bbox 417 3879 495 3946; x_wconf 90' lang='lat' dir='ltr'>dicti</span> <span class='ocrx_word' id='word_1_286' title='bbox 513 3882 645 3948; x_wconf 91' lang='lat' dir='ltr'>Domini</span> <span class='ocrx_word' id='word_1_287' title='bbox 662 3883 765 3968; x_wconf 83' lang='lat' dir='ltr'>Regis</span> <span class='ocrx_word' id='word_1_288' title='bbox 782 3885 899 3950; x_wconf 87' lang='lat' dir='ltr'>eteius</span> <span class='ocrx_word' id='word_1_289' title='bbox 921 3885 1088 3968; x_wconf 89' lang='lat' dir='ltr'>heredum,</span> <span class='ocrx_word' id='word_1_290' title='bbox 1105 3907 1246 3952; x_wconf 89' lang='lat' dir='ltr'>necnon</span> <span class='ocrx_word' id='word_1_291' title='bbox 1265 3889 1334 3952; x_wconf 89' lang='lat' dir='ltr'>vice</span> <span class='ocrx_word' id='word_1_292' title='bbox 1360 3895 1394 3953; x_wconf 88' lang='lat' dir='ltr'>et</span> <span class='ocrx_word' id='word_1_293' title='bbox 1418 3889 1536 3952; x_wconf 89' lang='lat' dir='ltr'>nomine</span> 
     </span>
     <span class='ocr_line' id='line_1_34' title="bbox 417 3988 1538 4078; baseline 0.004 -26"><span class='ocrx_word' id='word_1_294' title='bbox 417 3988 496 4054; x_wconf 89' lang='lat' dir='ltr'>dicti</span> <span class='ocrx_word' id='word_1_295' title='bbox 515 3989 705 4057; x_wconf 79' lang='lat' dir='ltr'>Communis</span> <span class='ocrx_word' id='word_1_296' title='bbox 721 3992 890 4059; x_wconf 83' lang='lat' dir='ltr'>Florentie</span> <span class='ocrx_word' id='word_1_297' title='bbox 907 3993 946 4058; x_wconf 91' lang='lat' dir='ltr'>de</span> <span class='ocrx_word' id='word_1_298' title='bbox 963 3994 1051 4060; x_wconf 88' lang='lat' dir='ltr'>dicta</span> <span class='ocrx_word' id='word_1_299' title='bbox 1068 3995 1252 4078; x_wconf 86' lang='lat' dir='ltr'>quantitate</span> <span class='ocrx_word' id='word_1_300' title='bbox 1269 3995 1462 4062; x_wconf 85' lang='lat' dir='ltr'>florenorum</span> <span class='ocrx_word' id='word_1_301' title='bbox 1471 3993 1538 4060; x_wconf 88' lang='lat' dir='ltr'>auri</span> 
     </span>
     <span class='ocr_line' id='line_1_35' title="bbox 417 4095 1539 4192; baseline 0.007 -34"><span class='ocrx_word' id='word_1_302' title='bbox 417 4095 500 4160; x_wconf 75' lang='lat' dir='ltr'>IIIM</span> <span class='ocrx_word' id='word_1_303' title='bbox 521 4097 580 4163; x_wconf 74' lang='grc' dir='ltr'>ΙΙ0</span> <span class='ocrx_word' id='word_1_304' title='bbox 606 4107 665 4165; x_wconf 90' lang='lat' dir='ltr'>etc.</span> <span class='ocrx_word' id='word_1_305' title='bbox 691 4100 867 4166; x_wconf 85' lang='lat' dir='ltr'>liberantes</span> <span class='ocrx_word' id='word_1_306' title='bbox 885 4107 945 4166; x_wconf 89' lang='lat' dir='ltr'>etc.</span> <span class='ocrx_word' id='word_1_307' title='bbox 962 4109 1127 4169; x_wconf 85' lang='lat' dir='ltr'>cassantes</span> <span class='ocrx_word' id='word_1_308' title='bbox 1143 4111 1204 4169; x_wconf 90' lang='lat' dir='ltr'>etc.</span> <span class='ocrx_word' id='word_1_309' title='bbox 1231 4103 1276 4168; x_wconf 83' lang='lat' dir='ltr'>Et</span> <span class='ocrx_word' id='word_1_310' title='bbox 1293 4104 1353 4169; x_wconf 87' lang='lat' dir='ltr'>hec</span> <span class='ocrx_word' id='word_1_311' title='bbox 1370 4106 1441 4192; x_wconf 88' lang='lat' dir='ltr'>ideo</span> <span class='ocrx_word' id='word_1_312' title='bbox 1465 4101 1539 4167; x_wconf 77' lang='lat' dir='ltr'>fece</span> 
     </span>
     <span class='ocr_line' id='line_1_36' title="bbox 418 4205 1538 4294; baseline 0.003 -27"><span class='ocrx_word' id='word_1_313' title='bbox 418 4211 494 4268; x_wconf 91' lang='lat' dir='ltr'>runt</span> <span class='ocrx_word' id='word_1_314' title='bbox 509 4205 586 4270; x_wconf 92' lang='lat' dir='ltr'>dicti</span> <span class='ocrx_word' id='word_1_315' title='bbox 603 4206 805 4291; x_wconf 86' lang='lat' dir='ltr'>Ardinghus‚</span> <span class='ocrx_word' id='word_1_316' title='bbox 821 4207 846 4274; x_wconf 90' lang='lat' dir='ltr'><strong>J</strong></span> <span class='ocrx_word' id='word_1_317' title='bbox 848 4209 991 4274; x_wconf 86' lang='lat' dir='ltr'>ohannes</span> <span class='ocrx_word' id='word_1_318' title='bbox 1002 4209 1111 4294; x_wconf 85' lang='lat' dir='ltr'>Giani,</span> <span class='ocrx_word' id='word_1_319' title='bbox 1127 4210 1387 4294; x_wconf 85' lang='lat' dir='ltr'>Buonaccursus‚</span> <span class='ocrx_word' id='word_1_320' title='bbox 1404 4208 1538 4279; x_wconf 86' lang='lat' dir='ltr'>Miclrael</span> 
     </span>
     <span class='ocr_line' id='line_1_37' title="bbox 419 4311 1538 4404; baseline 0.004 -29"><span class='ocrx_word' id='word_1_321' title='bbox 419 4311 598 4396; x_wconf 84' lang='lat' dir='ltr'>Francisci,</span> <span class='ocrx_word' id='word_1_322' title='bbox 616 4323 648 4379; x_wconf 90' lang='lat' dir='ltr'>et</span> <span class='ocrx_word' id='word_1_323' title='bbox 664 4314 811 4381; x_wconf 86' lang='lat' dir='ltr'>Michael</span> <span class='ocrx_word' id='word_1_324' title='bbox 827 4317 1031 4383; x_wconf 87' lang='lat' dir='ltr'>Bartolomei</span> <span class='ocrx_word' id='word_1_325' title='bbox 1053 4319 1148 4385; x_wconf 89' lang='lat' dir='ltr'>dictis</span> <span class='ocrx_word' id='word_1_326' title='bbox 1164 4318 1350 4386; x_wconf 91' lang='lat' dir='ltr'>nominibus</span> <span class='ocrx_word' id='word_1_327' title='bbox 1361 4329 1395 4387; x_wconf 90' lang='lat' dir='ltr'>et</span> <span class='ocrx_word' id='word_1_328' title='bbox 1404 4317 1538 4404; x_wconf 83' lang='lat' dir='ltr'>quolibet</span> 
     </span>
     <span class='ocr_line' id='line_1_38' title="bbox 418 4420 1537 4504; baseline 0.004 -21"><span class='ocrx_word' id='word_1_329' title='bbox 418 4420 570 4503; x_wconf 88' lang='lat' dir='ltr'>ipsorum,</span> <span class='ocrx_word' id='word_1_330' title='bbox 588 4422 675 4504; x_wconf 90' lang='lat' dir='ltr'>quod</span> <span class='ocrx_word' id='word_1_331' title='bbox 693 4423 846 4489; x_wconf 83' lang='lat' dir='ltr'>dixerunt</span> <span class='ocrx_word' id='word_1_332' title='bbox 865 4428 900 4488; x_wconf 92' lang='lat' dir='ltr'>et</span> <span class='ocrx_word' id='word_1_333' title='bbox 926 4425 1066 4492; x_wconf 83' lang='lat' dir='ltr'>confessi</span> <span class='ocrx_word' id='word_1_334' title='bbox 1091 4426 1222 4493; x_wconf 85' lang='lat' dir='ltr'>fuerunt</span> <span class='ocrx_word' id='word_1_335' title='bbox 1248 4428 1355 4494; x_wconf 91' lang='lat' dir='ltr'>dictus</span> <span class='ocrx_word' id='word_1_336' title='bbox 1379 4427 1537 4494; x_wconf 83' lang='lat' dir='ltr'>Johauues</span> 
     </span>
     <span class='ocr_line' id='line_1_39' title="bbox 419 4529 1538 4618; baseline 0.002 -25"><span class='ocrx_word' id='word_1_337' title='bbox 419 4530 459 4593; x_wconf 88' lang='lat' dir='ltr'>de</span> <span class='ocrx_word' id='word_1_338' title='bbox 477 4529 677 4596; x_wconf 76' lang='lat' dir='ltr'>Port&#39;inariis</span> <span class='ocrx_word' id='word_1_339' title='bbox 704 4533 948 4599; x_wconf 89' lang='lat' dir='ltr'>Bartolorneum</span> <span class='ocrx_word' id='word_1_340' title='bbox 976 4536 1101 4618; x_wconf 67' lang='lat' dir='ltr'>Inorini,</span> <span class='ocrx_word' id='word_1_341' title='bbox 1124 4536 1295 4602; x_wconf 84' lang='lat' dir='ltr'>Johannes</span> <span class='ocrx_word' id='word_1_342' title='bbox 1320 4535 1419 4603; x_wconf 83' lang='lat' dir='ltr'>Giarri</span> <span class='ocrx_word' id='word_1_343' title='bbox 1442 4535 1538 4600; x_wconf 84' lang='lat' dir='ltr'>Bona-</span> 
     </span>
    </p>
   </div>
   <div class='ocr_carea' id='block_1_6' title="bbox 0 0 1638 5250">
    <p class='ocr_par' dir='ltr' id='par_1_7' title="bbox 0 0 1638 5250">
     <span class='ocr_line' id='line_1_40' title="bbox 0 0 1638 5250; baseline 0 0"><span class='ocrx_word' id='word_1_344' title='bbox 0 0 1638 5250; x_wconf 95' lang='lat' dir='ltr'> </span> 
     </span>
    </p>
   </div>
  </div>
 </body>
</html>
