3182 5252
386 333 451 404 496
740 352 973 409 brunouuozmt
989 341 1157 409 suntuna

386 540 459 584 sare
475 518 575 586 semel
591 522 643 587 uel
659 521 783 604 pluries
798 542 857 604 pro
883 522 1039 606 predictis
1065 529 1098 588 61
1112 523 1188 606 alijs
1203 522 1322 588 locutis
1337 521 1421 588 inter
1438 542 1516 605 gen-

384 633 434 691 tes
459 633 587 693 nostras
612 635 644 694 et
671 629 772 713 ipsius
797 627 926 713 effectuj
954 631 1162 714 mancipandj
1189 631 1258 696 sine
1279 630 1515 714 impedimento,

385 735 437 799 uel
453 735 611 817 molestia,
627 736 748 824 eisdem
773 759 829 804 seu
856 759 966 804 eorum
992 738 1097 823 alterj,
1114 743 1172 804 aut
1187 738 1374 822 deputando
1390 738 1444 802 uel
1463 738 1515 802 de·

384 843 539 924 putandis
557 843 600 908 ab
616 844 672 926 eis,
688 866 745 909 seu
762 866 873 910 eorum
889 846 993 911 altero
1010 847 1043 911 in
1059 847 1214 912 comitiua
1229 846 1376 930 predicta
1393 847 1425 910 in
1442 868 1514 929 per·

384 951 471 1016 sonis
487 951 540 1015 uel
555 951 648 1016 bonis
666 974 683 1016 e
698 975 786 1035 uum,
811 954 863 1019 uel
892 953 1028 1019 alterius
1044 954 1186 1039 ipsorum
1203 953 1449 1036 quomodolibet
1466 955 1513 1017 in·

383 1056 527 1140 ferenda,
543 1059 652 1144 eisque
668 1061 830 1142 fduciam,
854 1063 1063 1128 securitatem
1080 1066 1114 1128 et
1130 1067 1274 1128 nostrum
1295 1062 1435 1127 liberum
1451 1062 1514 1127 sal·

383 1188 460 1234 uum
486 1170 683 1235 conductum
709 1170 915 1238 concedimus
941 1176 1040 1255 atque
1062 1170 1177 1237 damus
1193 1169 1253 1236 sub
1269 1169 1331 1236 fide
1349 1178 1464 1236 nostra
1478 1170 1514 1234 li-

383 1276 457 1341 bere
473 1299 571 1360 usque
587 1279 629 1344 ad
646 1282 821 1346 terminum
838 1281 963 1346 dierum
980 1280 1095 1363 viginti
1111 1279 1329 1344 incohandum
1345 1277 1443 1342 hodie
1461 1299 1512 1342 va-

382 1385 524 1451 litorum.
539 1385 683 1452 Nomina
698 1408 775 1453 uero
792 1388 953 1453 dictorum
967 1387 1197 1452 conductorum
1215 1391 1290 1450 suut
1306 1385 1382 1465 bec;
1399 1384 1509 1450 videli-

381 1499 433 1557 cet
470 1492 628 1560 Nicoleus
659 1494 700 1559 do
732 1493 854 1561 Sancto
886 1493 1115 1579 Fraymundo,
1147 1490 1269 1577 Symon
1301 1491 1512 1574 Oaraczulus,

381 1601 576 1668 Franciscus
592 1600 797 1670 Guindacius
814 1603 921 1667 dictus
937 1601 1126 1680 Monachus,
1142 1607 1175 1665 et
1191 1599 1334 1664 'l‘iuellus
1352 1597 1512 1665 Caraczu-

380 1710 431 1775 lus
457 1710 498 1775 de
533 1711 674 1796 Neapoli
701 1710 834 1777 Milites.
874 1711 963 1776 Data
987 1709 1127 1793 Neapolj
1156 1731 1215 1793 per
1239 1710 1344 1773 virum
1370 1707 1509 1774 nobilem

381 1817 548 1886 Gentilem
565 1819 606 1885 de
621 1819 793 1884 Merolinis
809 1817 850 1883 de
868 1816 1023 1884 Salmone
1039 1817 1166 1899 Legum
1178 1815 1363 1898 Doctorem,
1373 1815 1510 1880 Locum·

379 1934 543 1993 tenentem
553 1926 839 1993 Prothonotarium
851 1926 958 2011 Regni
970 1927 1074 1992 nostri
1090 1923 1213 2006 Sicilie,
1228 1921 1460 1989 Consiliarium
1478 1931 1510 1988 et

380 2036 507 2102 lidelem
532 2042 680 2102 nostrum
706 2036 861 2102 dilectum
887 2032 986 2099 Anno
1002 2033 1136 2100 Domini
1153 2030 1508 2098 mcoomxxxffi

379 2146 432 2212 ‹lie
464 2147 564 2214 VIII.
594 2145 767 2231 Februarij
801 2146 860 2212 VI.
887 2144 1082 2226 indictionis,
1106 2140 1294 2225 Regnorum
1324 2147 1509 2206 nostrorum

379 2277 465 2321 auno
482 2256 632 2321 secundo.

378 2401 412 2462 (Α
441 2400 578 2466 »Regislri
600 2400 751 2464 Angloini«
778 2404 837 2450 359.
850 2414 887 2449 sa.
902 2413 926 2449 a.
941 2398 1083 2448 kotetabol
1106 2397 1174 2460 Reg.
1189 2396 1282 2446 caroli
1297 2396 1348 2444 111,
1365 2399 1422 2444 tas.
1434 2395 1462 2454 l.,
1476 2411 1509 2444 aa

637 2551 640 2558 .
702 2492 776 2541 olasz
791 2491 844 2540 kir.
858 2489 973 2553 napolyi
983 2488 1177 2550 levdltarban.)

906 2817 979 2878 263.

375 2977 405 3042 A
423 2999 561 3066 moqyar
578 2976 799 3064 kirdlyno'uolc
815 2977 1070 3060 ledbeujdrdadro
1086 2998 1107 3038 a
1124 2971 1279 3037 velcaczei
1295 2972 1506 3055 kdztdrauadp

373 3111 412 3151 oz
428 3087 587 3172 aquileiui
608 3086 791 3172 patriarko
808 3087 840 3150 ds
858 3083 990 3148 Friuol·
1004 3083 1186 3170 to'bbfliura
1203 3083 1273 3146 ledat
1290 3106 1312 3145 o
1329 3079 1506 3164 de'kessc'pet
1542 3113 1552 3126 ·

665 3193 910 3282 helyredllitaai
927 3191 1214 3279 iqyelcezilc.1383.

480 3354 578 3422 Anno
609 3351 933 3422 MGGOLXXXII.
965 3351 1019 3417 die
1034 3349 1161 3416 decimo
1192 3349 1376 3416 Februarii.
1401 3346 1505 3430 Cap·
1560 3383 1561 3386 =

373 3470 441 3528 ta:
462 3462 556 3546 Quod
587 3485 646 3547 pro
679 3459 974 3544 oontemplantione
1005 3457 1218 3525 serenissime
1258 3463 1290 3522 et
1331 3454 1500 3522 Excellen-

373 3573 499 3638 tissime
515 3573 644 3637 domine
661 3571 788 3655 Regina
804 3571 987 3654 Hungarie,
1004 3589 1066 3650 quo
1082 3567 1122 3632 de
1139 3567 1201 3632 hoc
1216 3565 1330 3632 lecerit
1339 3565 1504 3632 instantis-

373 3680 452 3748 sime
469 3699 527 3742 nos
543 3680 652 3761 rogari
669 3699 729 3761 per
744 3676 987 3742 Ambaxatores
1004 3695 1088 3756 suos,
1114 3681 1148 3740 et
1172 3674 1270 3739 etiam
1295 3693 1356 3756 pro
1380 3672 1500 3736 honore

373 3788 476 3852 nostri
503 3785 658 3869 Dominii‚
674 3792 706 3852 et
723 3807 783 3871 pro
808 3785 894 3851 omni
920 3786 1007 3850 bono
1032 3790 1183 3869 respectu
1209 3783 1389 3862 ordinetur,
1414 3778 1499 3864 quod

373 3892 564 3976 Collegium,
582 3894 707 3959 scilicet
721 3893 890 3974 Dominus,
907 3891 1107 3974 Consiliarii,
1122 3888 1244 3976 Capita
1270 3897 1303 3955 et
1328 3888 1497 3974 Sapientes

372 4002 510 4067 Consilii
536 4003 678 4068 habeant
701 4001 869 4066 libetatem
897 4000 1047 4066 mittendi
1072 3997 1295 4065 Ambaxatam
1321 3999 1365 4064 ad
1388 4003 1498 4081 partes

374 4108 531 4176 Foroiulii
563 4131 623 4194 pro
648 4107 821 4175 tractando
847 4108 1056 4174 concordium
1081 4108 1168 4173 inter
1184 4107 1498 4174 Reverendissimum

372 4217 505 4284 Patrem
522 4226 554 4283 et
578 4218 757 4284 Dominum
782 4215 948 4282 dominum
974 4214 1186 4283 Cardinalem
1211 4224 1245 4282 et
1268 4214 1496 4282 Patriarcham

369 4322 635 4408 Aquilegiensem
650 4331 683 4390 61
698 4325 773 4390 illos
789 4324 830 4389 de
847 4324 962 4390 Patria
977 4324 1141 4389 Foroiulii
1151 4331 1185 4408 61
1200 4325 1342 4406 aliunde,
1359 4324 1494 4407 quinon

370 4439 446 4497 suut
462 4431 670 4498 hobedientes
687 4432 817 4498 domino
834 4431 1004 4498 (lardinali
1020 4439 1054 4499 61
1070 4431 1265 4498 Patriarche
1290 4432 1439 4517 predicto,
1453 4435 1491 4492 61

370 4539 456 4606 circa
471 4539 532 4606 hoc
546 4541 688 4607 fiendum
704 4547 737 4606 et
752 4542 994 4627 procurandum
1010 4541 1069 4608 liat
1082 4548 1188 4608 totum
1205 4548 1239 4608 61
1254 4540 1404 4626 quicquid
1423 4536 1493 4602 lieri
