3248 5242
637 407 732 486 1393.
1184 419 1246 484 733

117 587 249 662 domino
261 597 382 663 Comiti
400 597 441 663 de
459 597 542 662 bona
559 597 770 681 dispmitone,
786 619 884 681 quam
901 599 988 662 omni
999 596 1051 662 die
1068 600 1248 666 evidentius

118 704 241 771 habere
257 707 489 790 cognoscimus,
506 705 768 788 Magnitudinem
790 704 892 770 Suam
909 705 951 770 ad
969 704 1109 773 honores
1136 714 1170 773 et
1196 708 1249 773 be·

117 816 285 898 neplaoita
316 822 437 898 nostra,
455 815 496 880 ad
523 816 613 882 ouius
641 837 768 898 queque
793 821 888 899 grata
920 836 1029 881 sumus
1055 817 1124 883 rice
1156 837 1248 882 verse

117 929 273 1007 prompta
287 929 395 990 mente
412 923 572 1007 dispositi.

227 1027 283 1094 Ad
298 1030 438 1096 alteram
455 1035 582 1115 partem
599 1029 638 1094 de
655 1030 760 1095 tribus
777 1030 890 1114 galeis
906 1051 987 1112 quas
1004 1030 1074 1114 ipse
1098 1029 1247 1098 dominus

119 1137 239 1206 Comes
254 1140 394 1223 requirit
409 1161 429 1204 a
445 1139 542 1206 nobis
559 1161 619 1223 pro
636 1137 874 1204 damnificando
900 1137 1105 1222 Jadretinos,
1130 1146 1166 1206 ut
1182 1143 1248 1206 sint

117 1247 306 1313 obedientes
322 1248 452 1314 domino
463 1247 548 1332 Regi
565 1255 599 1314 et
615 1247 742 1314 Corone
758 1247 939 1329 Hungarie‚
954 1267 993 1312 ac
1012 1245 1073 1312 sibi
1090 1253 1248 1332 tanquam

116 1355 215 1420 Bano
232 1355 398 1421 Dalmatie
409 1363 467 1423 etc.
480 1381 487 1437 ;
502 1356 747 1439 respondeatur,
758 1353 844 1438 quod
854 1375 913 1419 nos
929 1374 1039 1420 sumus
1056 1357 1136 1422 satis
1153 1361 1245 1444 certi,

119 1463 207 1547 quod
225 1464 374 1530 dominus
400 1464 517 1531 Comes
534 1485 598 1529 non
616 1464 753 1544 dubitat,
770 1461 855 1546 quod
872 1483 931 1528 nos
949 1462 1089 1530 libenter
1104 1468 1245 1551 compla-

119 1592 265 1636 ceremus
281 1571 525 1654 Magnificentie
542 1571 608 1638 Sue
624 1572 668 1636 de
685 1574 811 1638 cunctis
827 1575 922 1640 nobis
947 1573 1158 1659 possibilibus
1172 1597 1245 1642 cum

118 1688 232 1747 nostro
248 1682 389 1760 honore3
414 1681 521 1746 sedin
541 1682 676 1746 veritate
701 1681 786 1747 istud
813 1681 898 1748 foret
924 1705 996 1748 oum
1024 1685 1123 1750 nimio
1150 1707 1248 1752 onere

118 1792 223 1856 nostri
239 1791 391 1872 Dominii,
409 1797 443 1855 et
460 1795 574 1855 contra
590 1789 634 1861 id,
651 1790 739 1873 quod
748 1793 913 1875 querimus
925 1799 958 1857 et
968 1794 1164 1874 quesivimus
1179 1800 1250 1860 tota

118 1899 182 1981 die,
199 1898 321 1962 seilicet
336 1897 442 1962 rivere
452 1896 486 1961 in
496 1917 576 1980 pace
587 1903 619 1961 et
629 1894 846 1962 benivolentia
860 1919 932 1965 cum
949 1901 1106 1981 omnibus,
1122 1907 1156 1965 et
1172 1923 1242 1985 pre·

119 2009 214 2090 cipue
231 2027 303 2072 cum
320 2005 521 2072 circavicinis
538 2006 667 2070 nostris.
683 2003 771 2070 Nam
789 2027 853 2072 non
874 2015 922 2073 est
948 2007 1092 2092 dubium,
1119 2010 1204 2092 quod
1223 2011 1249 2074 si

119 2117 273 2182 daremus
288 2114 373 2180 dicte
391 2112 456 2180 Sue
472 2112 719 2198 Magnificentie
744 2115 858 2198 galeas
883 2117 1056 2200 predictas,
1081 2115 1249 2185 Jadratini

119 2230 255 2309 possent
269 2225 354 2289 iuste
371 2231 404 2288 et
420 2222 664 2288 rationabiliter
679 2223 809 2307 gravari
834 2222 874 2288 de
891 2223 1001 2306 nobis;
1018 2231 1051 2290 et
1076 2232 1251 2310 propterea

119 2353 284 2417 rogamus,
316 2337 476 2416 quatenus
492 2331 564 2396 istis
583 2329 796 2396 consideratis
822 2335 854 2396 et
870 2331 952 2413 aliis,
968 2354 1030 2415 que
1055 2332 1120 2398 diei
1145 2356 1252 2400 neees-

120 2442 210 2506 saria
226 2461 290 2506 non
307 2445 391 2523 sunt,
408 2438 527 2504 habere
544 2460 602 2504 nos
619 2438 750 2522 placeat
767 2439 884 2506 merito
901 2446 1079 2508 excusatos.

119 2587 157 2650 (A
170 2587 300 2636 »Secreta
313 2587 428 2636 Consilii
442 2587 632 2652 Rogstorum‹
649 2588 740 2638 czimtl
753 2589 894 2640 velenczei
914 2589 1087 2640 allamalrttk
1100 2589 1132 2641 n.
1146 2590 1253 2642 littete-

580 2679 627 2728 bol
643 2683 684 2730 81.
698 2695 734 2729 ez.
748 2681 785 2740 a.)

610 2837 768 2850 a——u——a

125 3163 257 3252 Heduip
273 3161 394 3252 ienpyel
412 3165 633 3252 kirdlyne'aok
654 3160 902 3250 privilegiatae,
917 3162 1064 3253 melylyel
1091 3165 1254 3254 atyjo'nak
1362 3207 1368 3226 .

121 3275 148 3336 J.
166 3275 269 3358 Lujos
285 3296 426 3360 mapyar
442 3275 475 3337 e's
491 3274 614 3359 lenqyel
631 3273 815 3358 kirrilpnolc
832 3296 889 3358 epy
904 3275 1064 3340 malomra
1080 3277 1254 3340 corraserat

122 3381 303 3467 enqede'lye't
314 3381 426 3445 erdsiti
438 3404 516 3467 orep,
533 3406 555 3445 a
573 3381 771 3444 kartarraiok
782 3385 1007 3470 saepesmepyei
1016 3385 1167 3448 leobaiczi
1182 3389 1254 3448 adr·

502 3490 585 3574 ddja
601 3492 752 3552 sacimdra
771 3489 866 3554 1393.

232 3646 392 3731 Hedvigis
401 3644 466 3714 Dei
482 3650 595 3731 gracia
611 3647 739 3731 Regina
752 3645 896 3728 Polonie,
906 3649 1150 3736 Litbuanieque
1161 3651 1255 3718 Prin-

122 3778 198 3840 ceps
216 3753 374 3840 Suprema
390 3764 423 3821 et
439 3757 546 3822 Heres
562 3757 679 3821 Russie
696 3762 755 3822 etc.
772 3757 994 3841 significamus
1020 3758 1136 3842 quibus
1162 3781 1254 3844 expe·

121 3863 172 3929 dit
181 3865 349 3944 uniuersis,
359 3863 445 3949 quod
455 3864 568 3930 oblata
578 3863 697 3946 peticio
708 3863 856 3946 religiosi
865 3867 926 3930 viri
937 3867 1033 3932 Pauli
1045 3867 1168 3933 Prioris
1182 3867 1253 3935 Mo·

80 3983 85 3992 ‘
121 3971 260 4055 nasterij
279 3969 392 4039 Sancti
432 3971 594 4056 Anthonij
612 3993 713 4055 prope
732 3969 908 4058 Dunayecz
934 3973 988 4038 siti
1014 3972 1148 4041 Ordinis
1176 3975 1256 4042 Oar-

126 4079 304 4145 thusiensis
321 4083 427 4146 nostri
449 4082 560 4146 deuoti
570 4079 681 4146 dilecti
707 4080 903 4164 continebat,
928 4089 1087 4166 quatenus
1112 4085 1256 4151 litteram

125 4190 298 4274 papiream
331 4187 539 4254 Serenissimi
570 4187 733 4272 Principis
759 4187 930 4255 recolende
955 4193 1110 4257 memorie
1136 4193 1256 4258 domini

124 4296 282 4362 Lodovioi
299 4295 375 4361 olim
391 4296 562 4382 Hungarie
579 4303 611 4361 et
628 4296 766 4362 Polonie
783 4296 884 4381 Regis
910 4299 1066 4381 genitoris
1082 4303 1188 4366 nostri
1205 4323 1256 4366 ca·

124 4405 255 4484 rissimi,
272 4405 341 4470 eius
358 4426 433 4471 vero
451 4405 546 4488 sigilo
566 4427 721 4488 appresso
736 4406 903 4489 munitam,
929 4407 1093 4473 ratificare
1110 4415 1143 4473 et
1161 4411 1252 4474 inno·

120 4533 202 4578 uare
221 4511 260 4576 de
277 4512 394 4579 innata
412 4511 504 4578 nobis
523 4512 727 4596 benignitate
753 4513 971 4599 dignaremur.
999 4513 1100 4580 Cuius
1127 4517 1255 4598 quidem
1347 4559 1354 4572 ·

124 4620 222 4686 litere
238 4626 334 4686 tenor
351 4623 498 4706 sequitur
515 4629 547 4687 et
564 4627 613 4686 est
628 4622 726 4690 tulis:
