3214 5250
601 393 695 458 1387.
1140 395 1202 462 637

71 578 104 637 et
131 593 186 637 sen
214 572 369 655 actiones,
385 576 419 638 ct
446 593 502 640 seu
528 572 714 640 dotalibus
737 572 864 659 juribus
892 577 925 640 et
950 595 1006 639 seu
1022 573 1205 641 actionibus

69 683 336 765 renuntiandum,
351 682 560 749 refutandum
578 687 612 746 et
628 702 685 765 per
703 687 836 765 pactum
853 681 1018 766 publicum
1035 685 1203 749 remicten·

67 789 147 855 dum
173 797 205 855 et
229 789 414 855 faciendum
440 788 536 855 finem
562 795 595 855 ct
620 789 867 872 quietatiouem,
892 790 1137 856 liberantionem
1171 797 1204 855 et

67 904 201 981 pactum
226 897 391 981 publicum
419 897 458 962 dc
485 897 623 962 ulterius
650 919 715 961 non
742 898 881 981 petendo
913 898 1000 964 dicto
1031 896 1204 965 Communi

67 1004 250 1084 Florentio,
266 1011 299 1070 et
316 1026 371 1070 seu
390 1004 446 1069 alii
463 1027 522 1088 pro
539 1025 577 1070 eo
594 1004 772 1088 recipienti.
790 1003 874 1069 Item
886 1005 929 1070 ad
939 1006 1203 1073 consentiendum

68 1117 102 1176 et
117 1111 312 1198 parabolam
338 1111 481 1196 dandum
507 1108 643 1178 cuilibet
668 1111 857 1178 alienationi
874 1120 907 1179 et
923 1135 978 1179 seu
1004 1115 1203 1180 concessioni

65 1219 154 1287 facte
170 1243 230 1306 per
255 1243 490 1305 quemcumque
516 1228 550 1286 et
575 1243 632 1286 seu
659 1241 879 1304 quoscumque
906 1221 994 1286 dioto
1020 1219 1202 1303 Communi,

66 1327 118 1392 sel
145 1329 219 1395 aliis
245 1352 303 1413 pro
330 1351 367 1394 eo
394 1325 629 1414 accipientibus
644 1327 685 1394 de
702 1329 790 1394 dicta
816 1327 967 1411 Ciuitate,
987 1328 1152 1398 Comitatu
1170 1336 1203 1396 et

65 1436 235 1501 Districtn
260 1436 380 1503 Aretii.
405 1437 451 1504 ut
467 1436 510 1502 nd
526 1437 778 1520 promittendum
795 1437 914 1502 dictum
931 1436 1110 1505 Commune
1126 1437 1202 1504 Flo·

65 1546 185 1618 rentie,
202 1567 260 1610 nec
277 1545 377 1611 elium
395 1567 454 1630 pro
471 1567 518 1627 eo,
534 1565 594 1612 nec
611 1546 710 1610 etiam
726 1546 831 1629 ipsam
844 1543 1018 1612 Civitatem
1035 1543 1154 1628 Aretii,
1171 1552 1203 1611 et

64 1673 121 1717 seu
140 1652 211 1717 eius
228 1651 429 1720 Comitatum
454 1655 503 1718 rel
521 1653 725 1736 Districturn,
743 1660 775 1719 et
791 1675 847 1719 seu
863 1652 1010 1719 homines
1028 1656 1077 1720 vel
1093 1676 1203 1739 perso-

64 1780 125 1824 nas
145 1761 335 1826 eorumdem
360 1761 400 1826 de
425 1767 533 1826 cetero
549 1760 617 1826 ullo
633 1760 729 1826 modo
746 1781 809 1825 nou
826 1761 999 1827 molestare
1015 1762 1064 1826 vel
1081 1761 1203 1844 iuquie-

63 1874 153 1948 tare,
169 1874 201 1931 et
217 1888 273 1932 seu
284 1869 489 1952 questionem
505 1868 556 1933 vel
573 1869 829 1934 controversiam
847 1867 886 1932 de
900 1869 974 1952 jure
990 1869 1038 1934 vel
1056 1869 1097 1936 de
1114 1869 1201 1936 facto

62 1997 210 2060 movere,
236 1976 286 2042 vel
313 1979 433 2043 moveri
458 1976 565 2042 fecere
592 1997 647 2042 seu
680 1979 871 2056 consentire,
889 1977 945 2043 sed
961 1983 1117 2061 perpetuo
1134 1980 1200 2045 dic·

19 2101 24 2110 ·
61 2091 135 2150 tam
154 2086 401 2168 concessionem,
421 2091 454 2150 et
479 2085 586 2151 omnia
611 2090 644 2150 et
669 2085 799 2169 singula
819 2089 1041 2170 suprascripta
1057 2085 1151 2152 firma
1167 2092 1201 2151 et

61 2198 144 2257 rata
161 2191 292 2276 habere,
308 2198 420 2258 tenere
436 2199 469 2258 et
484 2192 668 2275 observare,
686 2200 718 2259 et
733 2191 855 2275 haberi,
868 2195 971 2258 teneri
988 2200 1021 2259 ct
1037 2191 1201 2258 observari

61 2299 185 2364 facere.
212 2301 257 2367 Et
273 2302 360 2385 quod
373 2301 493 2368 dictus
519 2300 669 2367 dominus
686 2301 862 2367 Ladizlaus
880 2301 952 2366 Rex
969 2300 1055 2367 infra
1071 2319 1200 2381 annum,

61 2414 243 2491 postquam
260 2411 322 2475 erit
339 2411 438 2476 etatis
463 2409 619 2494 legitime,
644 2409 823 2475 ratificabit
848 2431 982 2493 presens
1007 2411 1200 2475 mandatnm

62 2524 97 2582 et
114 2523 271 2583 contenta
285 2520 320 2582 in
336 2539 382 2598 eo,
399 2523 433 2583 ct
450 2520 559 2584 omnia
576 2525 609 2584 et
625 2518 755 2601 singula
772 2516 848 2583 inde
865 2525 1017 2583 secutura
1032 2516 1199 2602 perpubli-

61 2647 138 2690 cnm
166 2625 415 2691 instrumentum
448 2627 652 2692 scribendum
678 2633 711 2691 et
736 2625 920 2709 rogandum
946 2646 1043 2691 manu
1074 2624 1202 2690 Publici

60 2732 220 2819 Notarij3
243 2736 291 2801 ita
316 2737 404 2819 quod
430 2737 516 2802 inira
540 2737 661 2802 dictum
678 2736 852 2801 terminum
870 2740 1076 2819 presentetur
1093 2735 1126 2799 iu
1142 2756 1199 2818 pu-

60 2841 153 2906 blica
176 2841 282 2908 forma
309 2843 481 2910 Prioribus
511 2841 646 2909 Artium
672 2849 704 2908 et
729 2841 921 2912 Vexillilero
947 2841 1084 2907 Justitie
1116 2842 1196 2908 dicti

61 2949 268 3034 Communis,
294 2951 349 3035 qni
374 2973 435 3035 pro
455 2957 601 3034 tempore
616 2950 749 3017 suerint.
766 2949 849 3014 Item
867 2948 910 3013 ad
927 2949 1199 3030 substituendum,

61 3064 98 3122 et
114 3056 191 3123 loco
207 3058 366 3124 dictorum
392 3057 647 3125 Procuratorum
673 3064 707 3124 et
732 3057 907 3123 cuiuslibet
933 3063 966 3121 et
991 3077 1048 3122 seu
1064 3056 1200 3121 alterius

61 3186 179 3230 eorum
196 3168 389 3250 ponendum,
408 3166 650 3250 subrogandum
668 3173 700 3231 et
715 3166 912 3231 mictcndum
927 3185 1027 3229 unum
1044 3170 1076 3228 et
1091 3165 1200 3248 plures

60 3281 305 3358 procuratores,
331 3280 365 3340 et
389 3276 619 3357 revocandum,
645 3273 772 3340 firmum
798 3273 830 3337 in
858 3273 1064 3338 revocatione
1081 3278 1113 3336 et
1128 3272 1200 3339 sub·

61 3382 240 3447 stitutione
255 3381 288 3446 in
306 3403 340 3447 se
357 3382 526 3447 retinendo
542 3381 742 3448 mandatum.
764 3383 811 3447 Et
827 3402 885 3465 pro
902 3379 1057 3464 predictis
1074 3385 1106 3444 ot
1122 3399 1200 3463 qno-

60 3489 150 3555 libet
166 3496 199 3554 et
215 3511 271 3555 seu
287 3489 393 3556 altero
404 3513 524 3576 eorum,
542 3498 575 3557 et
589 3489 852 3575 dependentibus,
869 3498 902 3554 et
918 3509 974 3554 seu
990 3488 1142 3553 connexis
1159 3507 1198 3552 ex

61 3598 114 3662 eis
132 3599 315 3681 rogandum
331 3598 413 3680 fieri,
436 3605 469 3664 et
492 3599 603 3683 rogari
628 3597 814 3664 iaciendum
830 3603 1015 3662 contractus
1033 3603 1065 3662 et
1080 3600 1198 3660 instru-

62 3711 182 3772 menta
197 3729 295 3772 unum
313 3714 347 3773 et
362 3708 467 3793 plura,
483 3707 581 3774 semel
598 3715 631 3773 et
645 3707 777 3791 pluries,
793 3705 978 3772 vallendum
996 3711 1029 3770 et
1039 3702 1198 3794 ,roboran-

60 3817 147 3882 dum
163 3813 310 3880 omnibus
336 3823 369 3881 et
394 3814 530 3899 singulis
555 3815 670 3901 pactis,
696 3813 974 3899 promissionibus
992 3810 1198 3896 obligationi·

59 3925 137 4004 bus,
153 3923 308 4006 terminis,
326 3922 576 4004 conditionibus,
589 3923 793 4008 juramentis,
807 3919 968 4005 capitulis
985 3919 1197 4006 renuntiatio·

60 4033 172 4114 nibus,
203 4033 306 4116 penis,
337 4053 492 4117 penarum
522 4031 766 4112 adiectionibus
798 4029 967 4115 preceptis
998 4028 1134 4093 cautelis
1165 4031 1197 4091 et

59 4139 349 4222 sollemnitatibus,
383 4161 446 4224 quc
480 4147 514 4204 et
548 4160 631 4221 quas
666 4139 744 4205 dicti
779 4139 1029 4216 Procuratores,
1061 4141 1093 4198 ct
1128 4135 1197 4216 qui·

58 4248 148 4311 libet
172 4251 207 4312 et
231 4268 286 4311 seu
305 4249 390 4312 alter
415 4267 537 4328 eorum,
562 4246 614 4311 rel
640 4245 857 4311 substituendi
874 4244 987 4324 abeis,
1009 4249 1066 4307 aut
1085 4241 1196 4324 aliquo

60 4375 177 4419 eorum
204 4354 365 4420 voluerint
390 4359 425 4419 et
451 4375 507 4419 seu
531 4354 678 4420 voluerit.
704 4354 751 4420 Et
767 4350 965 4437 generaliter
981 4349 1147 4416 adomnia
1164 4357 1196 4413 et

62 4460 198 4544 singula
223 4460 415 4542 faciendum,
447 4460 660 4528 exercendum
685 4468 718 4527 et
742 4459 943 4545 operandum
974 4457 1008 4521 in
1038 4456 1196 4540 predictis

61 4571 155 4634 circa
180 4569 335 4653 predicta,
350 4578 384 4636 et
400 4571 569 4654 quodlibet
595 4569 824 4653 predictorum,
840 4574 872 4631 et
889 4564 1144 4647 dependentibus
1162 4570 1195 4632 et
