3226 5258
399 417 440 479 26
752 433 984 479 nrrnounenrrr
1003 418 1169 476 nmnhnnu.

396 616 477 676 mus,
492 595 578 658 inter
602 591 817 658 venerabilem
843 593 978 657 tratrem
1001 599 1147 657 nostrum
1163 587 1402 674 Marquardum
1420 591 1521 656 Patri·

397 702 533 766 areham
561 697 817 782 Aquilegensem
843 723 881 764 ex
908 723 973 766 una
988 705 1090 784 parte,
1106 705 1139 764 et
1155 699 1290 765 dilectos
1304 697 1389 763 filies
1405 697 1522 763 nobiles

396 808 485 872 vires
502 856 510 872 .
526 857 533 872 .
550 857 557 872 .
575 804 685 872 Duces
702 804 838 872 Austrie
854 829 893 871 ex
909 807 1024 889 altera,
1040 813 1158 890 treuga
1173 805 1313 890 pendeat
1328 825 1425 889 super
1435 826 1521 888 guer·
1607 879 1608 896 1

396 937 444 995 ra,
461 935 523 996 que
549 914 660 979 extitit
684 915 772 979 inter
798 935 860 996 eoa,
885 920 918 979 et
943 915 976 979 in
1002 913 1084 980 festo
1109 913 1207 980 Beati
1223 913 1362 979 Martini
1378 913 1520 998 proxime
1606 927 1608 990 ζ

398 1029 549 1087 secuturo
575 1021 694 1088 debeat
721 1022 892 1106 expirare:
910 1020 1147 1088 Oelsitudinem
1175 1020 1316 1105 Regiam
1346 1021 1521 1087 affectuose

397 1150 561 1212 regemne,
578 1135 737 1214 quatenus
755 1150 811 1212 spe
826 1129 917 1213 pacis
932 1129 1018 1198 inter'
1034 1130 1123 1214 ipsas
1138 1135 1259 1214 partes,
1270 1128 1521 1208 danteDomino,

396 1235 544 1303 faciende
560 1257 618 1320 pro
634 1235 734 1318 longa
749 1236 984 1320 prorogatione
1000 1235 1183 1302 huiusmodi
1200 1243 1312 1320 treuge
1328 1241 1441 1321 partes
1458 1236 1522 1302 Tus

397 1342 637 1426 Magnitudiuis
653 1345 854 1427 interponas,
871 1343 1030 1430 Alioquin
1047 1345 1102 1411 ubi
1118 1345 1303 1410 huiusmodi
1320 1352 1439 1429 treuga
1455 1366 1520 1410 curn
1606 1379 1608 1440 3

399 1449 495 1516 dietis
521 1451 668 1517 Ducibus
694 1473 759 1517 non
784 1460 894 1536 posset
918 1453 1041 1534 haberi,
1066 1453 1227 1537 prefatum
1244 1452 1475 1519 Patriarcbam
1492 1459 1521 1517 et
1606 1445 1608 1456 ⁴

398 1558 467 1625 eius
483 1555 740 1642 Aquilegensem
755 1559 938 1627 Ecclesiam
950 1560 1067 1627 Eidem
1078 1559 1303 1644 Magnitudiui
1319 1559 1433 1625 intime
1444 1581 1522 1624 eom-

398 1663 597 1732 mendamus.
614 1661 738 1732 Datum
753 1663 919 1734 Arinione
946 1667 1008 1735 IV.
1028 1666 1187 1733 kalendas
1203 1665 1297 1748 Julii,
1312 1665 1522 1732 Pontificatus

398 1774 502 1840 nostri
519 1795 604 1842 auno
621 1774 773 1842 secundo.

722 1921 783 1981 (XI.
798 1922 917 1987 Gergely
930 1921 1005 1987 phpa
1017 1919 1206 1986 regestaibol.)

939 2228 990 2291 25.

399 2387 547 2450 Erzee'bet
563 2388 826 2475 anyakirdlyed,
841 2389 872 2453 I.
889 2391 990 2476 Lejos
1006 2411 1144 2476 ntegyer
1161 2389 1193 2452 e's
1208 2389 1331 2474 leegyel
1346 2385 1525 2472 kira'lynele

400 2493 718 2582 Lengpelerezcipbae
734 2497 987 2582 belytcrtoue'je,
1012 2495 1192 2580 neegerdsiti
1210 2495 1349 2560 Kralelee'
1363 2493 1526 2558 odrosnale

740 2605 962 2672 ‹irrerelcoddei
970 2609 1075 2693 jegal.
1101 2609 1196 2672 1372.

508 2763 672 2832 Nouerint
696 2765 837 2830 uniuersi
862 2765 1066 2848 presencium
1092 2765 1246 2831 noticiam
1272 2763 1426 2843 habituri,
1442 2762 1528 2846 quod

399 2872 470 2938 Nes
486 2872 658 2939 Elisabeth
673 2873 737 2938 Dei
753 2873 867 2955 gracia
883 2871 998 2940 Senior
1014 2871 1186 2956 Hungan'e
1197 2871 1377 2939 etPolonie
1390 2869 1527 2953 Regina,

400 2979 565 3066 cupientes
581 2979 736 3046 Ciuitatis
761 2987 869 3046 nostre
894 2980 1044 3063 capitalis
1060 2986 1093 3046 et
1107 2979 1360 3060 excellencieris,
1377 2978 1530 3044 videlicet

401 3087 630 3154 Oracouiensis
646 3088 680 3153 in
696 3095 802 3154 status
827 3089 1045 3172 disposicione
1070 3087 1141 3154 fieri
1157 3094 1304 3172 tempere
1319 3086 1530 3172 gubernacio-

399 3197 450 3264 nis
465 3200 576 3261 nostre
603 3195 823 3262 condicionem
848 3195 1012 3262 meliorem
1039 3201 1071 3262 et
1095 3195 1274 3276 honestam,
1290 3195 1531 3278 deposiciouenr

401 3303 542 3368 emnium
557 3301 841 3369 mercimoniorum
858 3309 890 3369 et
905 3323 1014 3370 rerum
1030 3305 1194 3370 venalium
1204 3305 1422 3388 cuiuscunque
1433 3323 1531 3386 gene-

400 3411 455 3492 riS,
472 3408 598 3492 speciei,
615 3409 742 3492 coloris,
767 3411 984 3477 estimaeienis
1003 3417 1035 3477 et
1051 3413 1152 3495 precii
1178 3413 1329 3494 existant,
1346 3411 1386 3477 de
1402 3410 1533 3474 uniuer-

401 3517 446 3580 sis
462 3514 573 3580 mundi
589 3515 739 3599 partibus
763 3517 797 3581 in
822 3519 991 3584 ciuitatem
1011 3523 1160 3585 nostram
1175 3515 1426 3584 Oraceuiensem
1443 3516 1530 3580 reni·

401 3622 536 3704 encium,
554 3623 588 3687 in
603 3623 668 3688 iam
680 3623 768 3688 dicta
784 3624 919 3691 ciuitate
936 3623 1148 3692 Oracouiensi
1164 3633 1278 3691 nostra
1293 3625 1439 3706 facimus,
1456 3645 1534 3688 cen·

402 3726 565 3796 stituimus
581 3737 615 3795 et
632 3731 829 3815 ordinemne,
846 3731 1020 3798 seeundum
1037 3733 1123 3818 quod
1138 3732 1201 3797 luit
1216 3731 1419 3816 temporibus
1436 3729 1534 3796 Sere·

400 3837 524 3904 nissimi
550 3835 715 3922 Principis
741 3839 862 3904 domini
888 3839 1040 3906 Casimiri
1064 3840 1168 3908 felicis
1193 3839 1435 3907 recordacionis
1451 3838 1536 3904 olim

401 3945 503 4029 Regis
519 3946 662 4028 Polemo,
678 3947 791 4013 fratris
806 3950 909 4013 nostri
925 3950 1094 4034 carissimi,
1105 3948 1315 4016 obseruatum
1331 3955 1365 4014 et
1381 3954 1538 4027 tentum,

401 4049 585 4117 inhibentes
600 4058 711 4118 nostro
728 4051 834 4135 Regio
852 4054 960 4120 edicte
977 4056 1125 4122 omnibus
1141 4061 1176 4120 et
1192 4055 1330 4138 singulis
1340 4056 1540 4120 mercatori·

400 4156 460 4223 bus
477 4164 510 4223 et
524 4159 789 4241 negociatoribus
804 4161 962 4228 uniuersis
979 4184 1179 4230 cumeorum
1196 4160 1356 4230 mercibus
1366 4163 1400 4227 in
1411 4183 1541 4229 menie-

400 4271 505 4331 ratam
532 4267 782 4334 Oraeouiensenr
809 4270 973 4337 ciuitatem
997 4272 1210 4354 venientibus,
1234 4279 1395 4357 quatenus
1419 4271 1542 4337 omnia

400 4375 542 4455 ipsorum
558 4377 769 4442 mercimonia
784 4382 819 4442 et
833 4398 886 4443 res
902 4381 1032 4445 venales
1051 4381 1193 4446 uniuersi
1210 4381 1341 4464 generis
1356 4378 1477 4444 ibidem
1500 4379 1542 4442 in

401 4477 545 4544 Ciuitate
561 4478 771 4546 Craeouiensi
798 4488 946 4549 statuant
961 4491 994 4549 et
1010 4484 1183 4568 deponant.
1208 4486 1249 4551 In
1264 4487 1356 4551 euius
1372 4487 1420 4551 rei
1437 4485 1543 4552 testi-

401 4586 543 4652 monium
569 4587 711 4675 sigillum
736 4597 880 4656 uestrum
906 4593 1111 4678 presentibus
1129 4601 1176 4660 est
1192 4615 1379 4680 appensum.
1406 4591 1543 4658 Actum
