3210 5252
422 363 486 423 112
658 361 664 368 “
774 373 1008 421 nunonaczmr
1024 361 1192 420 nunninus

420 535 510 602 dicta
525 541 637 601 nostra
647 537 810 602 concessio
826 541 859 601 et
875 534 1035 602 indultum
1052 533 1127 600 aliis
1141 534 1266 600 nostris
1282 532 1481 601 Civitatibus
1495 553 1547 598 seu

419 642 548 729 oppidis
563 641 689 708 nullum
705 642 833 726 penitus
858 640 1074 726 preiudicium
1093 639 1201 707 iacere
1216 639 1360 726 debeant
1376 642 1446 708 siue
1463 640 1546 707 dam·

418 771 503 816 num.
519 749 647 844 Damus
662 752 795 834 insuper
811 748 987 816 Advocato
1009 747 1167 832 sepedicti
1183 749 1303 832 oppidi,
1321 750 1379 832 qui
1394 770 1457 833 pro
1473 757 1545 815 tem·

418 880 497 943 pore
529 858 638 940 inerit,
671 858 705 923 in
742 859 848 924 causis
880 855 1101 923 criminalibus
1132 862 1166 921 et
1198 856 1405 941 capitalibus,
1436 861 1548 942 utputa

417 965 507 1048 furti,
523 966 699 1051 sanguinis,
716 964 893 1050 homicidij,
910 964 1128 1030 membrorum
1153 965 1375 1048 mutilationis,
1401 964 1545 1049 incendij,

418 1095 457 1141 ac
473 1074 642 1160 quibusuis
658 1073 741 1158 alijs,
756 1072 930 1155 iudicandi,
940 1071 1168 1152 sententiandi,
1181 1072 1339 1156 puniendi
1355 1078 1389 1137 et
1405 1072 1547 1139 condem·

420 1182 520 1251 nandi
544 1180 724 1266 plenariam
750 1180 952 1262 facultatem,
971 1181 1063 1245 iuxta
1079 1180 1104 1246 J
1105 1180 1174 1246 uris
1190 1179 1361 1246 Teutonici
1379 1180 1546 1259 clausulas,

418 1289 573 1357 articulos
598 1295 696 1373 atque
715 1296 846 1373 puncta.
881 1288 921 1354 In
948 1308 1086 1371 quorum
1110 1288 1254 1353 omnium
1274 1287 1503 1354 testimonium
1516 1293 1546 1352 ct

419 1397 520 1466 robur
535 1396 700 1481 perpeduc
725 1394 890 1462 firmitatis
913 1402 1080 1479 presentes
1103 1393 1174 1460 fieri
1190 1393 1324 1461 fecimus
1339 1401 1372 1460 et
1386 1397 1492 1461 nostri
1507 1396 1545 1460 si·

420 1506 493 1588 gilli
517 1503 689 1590 pendentis
706 1501 911 1590 (munimine)
937 1525 997 1586 per
1012 1503 1121 1569 omnia
1147 1500 1297 1570 duximus
1318 1502 1545 1580 roborandum.

420 1611 543 1678 Actum
568 1613 602 1676 in
618 1609 824 1677 Sandomiria
847 1608 984 1676 sabbato
1000 1613 1076 1693 post
1091 1609 1179 1674 diem
1193 1607 1291 1675 Beati
1307 1609 1333 1677 J
1334 1608 1429 1676 acobi
1444 1607 1546 1694 Apos-

420 1721 481 1785 toli
491 1719 635 1803 gloriosi,
652 1740 736 1785 anno
749 1717 884 1784 Domini
894 1716 1063 1784 millesimo
1073 1718 1299 1784 trecentesimo
1308 1720 1545 1802 septuagesimo

418 1828 543 1911 quinto.
558 1827 769 1894 Presentibus
785 1826 836 1892 his
853 1825 1021 1892 Dominis:
1036 1825 1136 1892 Petro
1147 1822 1416 1906 Sandomiriensi,
1426 1825 1544 1892 Dobes·

417 1929 474 2003 l'ao
490 1934 702 2002 Oracouiensi
727 1933 904 2016 Palatinis3
929 1932 1064 2000 Creslao
1091 1931 1356 2020 Sandomiriensi,
1382 1933 1545 2002 Stanislao

420 2043 619 2124 Visliciensi,
636 2041 736 2108 Petro
754 2040 958 2124 Lublincnsi,
977 2039 1111 2108 Oreslao
1129 2039 1326 2108 Sandeccnsi
1345 2039 1545 2120 Castellanis‚

420 2157 453 2218 et
469 2149 638 2218 Stanislao
663 2150 702 2214 de
728 2150 1018 2230 Wroczimowicze,
1045 2171 1085 2214 ac
1107 2149 1181 2215 aliis
1209 2150 1320 2216 multis
1345 2149 1410 2216 fide
1436 2150 1544 2235 dignis.

418 2259 542 2328 Datum
557 2280 615 2344 per
638 2279 753 2325 manus
777 2256 981 2324 honorabilis
1002 2256 1148 2322 Zawisze
1163 2247 1401 2324 Archidieconi
1418 2263 1450 2323 et
1466 2255 1545 2324 Can·

419 2367 545 2453 cellarij
564 2366 808 2449 Oracowiensis,
825 2369 926 2434 nestri
942 2366 1056 2434 fidelis.

419 2511 520 2577 (Jagiel
533 2513 556 2564 1.
569 2513 681 2564 Ulaszlb
694 2513 805 2577 lengyel
819 2513 968 2578 kirdlynak
978 2511 1226 2578 megerdsitesebdl‚
1238 2528 1271 2563 az
1284 2527 1311 2564 u.
1325 2527 1351 2564 u.
1379 2516 1482 2565 »Liber
1494 2513 1544 2562 bie·

418 2601 488 2680 trica
509 2601 683 2666 Regnl‹·ban
693 2601 819 2653 CXVIII.
841 2603 899 2653 liiii.
923 2605 983 2654 244.
999 2601 1036 2666 l.;
1067 2617 1084 2652 a
1106 2602 1325 2668 vembilengyel
1340 2604 1444 2668 kirdlyi
1467 2601 1544 2654 levil-

920 2692 1042 2754 ttrban.)

957 3015 1009 3080 94.

421 3179 573 3245 Carruca
591 3177 730 3243 Ferersca
737 3176 1111 3264 padaaifejedclcmaek
1127 3201 1148 3242 a
1156 3175 1313 3261 florencai
1324 3177 1545 3264 kdatdrsondg.

936 3287 1040 3350 1375.

527 3446 670 3514 Domino
690 3445 860 3514 Paduano.

523 3554 700 3639 Magnifice
715 3553 856 3622 Domine
880 3553 1048 3640 fraterque
1065 3553 1244 3622 karissime.
1269 3553 1377 3624 Juxta
1402 3554 1544 3623 fraterni·

416 3661 496 3727 tatis
520 3669 626 3728 vestre
652 3663 783 3730 salubre
808 3664 976 3731 consilium
1002 3669 1134 3730 matura
1148 3661 1387 3731 deliberacione
1404 3663 1544 3730 decreui-

417 3791 495 3851 mus,
520 3776 648 3837 nostros
674 3769 939 3858 Ambaxiatorcs,
965 3793 1029 3838 vna
1055 3793 1126 3837 curu
1152 3768 1348 3840 Oratoribus
1379 3769 1545 3856 Magnifici

415 3877 529 3944 fratris
545 3882 649 3947 nostri
666 3881 787 3948 domini
804 3881 1018 3965 Bernabonis‚
1035 3880 1078 3947 ad
1094 3880 1305 3948 Maiestatem
1316 3879 1421 3965 Regis
1437 3881 1545 3964 Unge-

415 3987 463 4051 ric
480 3987 652 4072 destinare,
668 3991 711 4056 ad
726 3989 966 4075 impetrandam
983 3991 1084 4075 ligam
1100 4011 1120 4056 a
1136 3987 1205 4056 Sua
1221 3989 1409 4056 Serenitate
1424 3991 1456 4056 in
1474 4010 1545 4074 par-

416 4095 504 4160 tibus
519 4093 620 4162 Italic
636 4119 697 4181 pro
714 4099 966 4165 conseruacions
975 4096 1128 4165 Statuam
1139 4106 1171 4164 et
1180 4097 1435 4184 tranquillitatis
1445 4096 1545 4165 tocius

415 4203 569 4286 regionis.
584 4205 632 4271 Et
648 4209 803 4290 quoniam
818 4207 1029 4275 utilissimum
1054 4209 1264 4288 arbitramur,
1280 4205 1401 4276 Vestra
1416 4208 1546 4273 Frater·

416 4310 530 4377 nitatis
555 4313 589 4378 in
614 4315 676 4382 hoc
700 4317 834 4400 negocio
859 4314 1018 4385 Oratores
1043 4318 1246 4398 intervenire,
1265 4315 1544 4401 Magnificencianr

417 4417 572 4486 Vestram
597 4423 784 4493 cordialiter
809 4427 1030 4511 deprecamur,
1063 4430 1223 4510 quatenus
1254 4425 1341 4509 ipsos
1373 4424 1544 4510 dignemini

415 4524 523 4593 iacere
538 4550 723 4614 preparare,
741 4541 775 4600 vt
790 4556 861 4599 cunr
880 4541 1007 4618 tompus
1032 4534 1133 4601 inerit
1149 4532 1192 4599 ad
1208 4533 1271 4600 hoc
1290 4532 1499 4601 tractandum
1516 4538 1544 4594 et
