3172 5254
588 377 680 460 1311.
707 398 711 412 ·
1126 379 1189 440 111

3 519 5 600 i
71 545 195 612 Nicolai.
212 543 339 631 Quibus
356 545 453 611 dictis
482 572 540 633 per
567 551 673 634 ipsum
691 553 857 617 domiuum
885 554 1082 638 Episcopum
1108 555 1190 621 Jac-

3 661 5 742 1
71 656 195 721 riensem
211 643 343 722 domino
371 653 525 722 Generali
542 659 699 741 predicto,
716 661 785 744 ipse
802 661 984 744 respondit:
1004 664 1091 746 quod
1108 663 1189 728 bene

3 751 5 790 i
71 767 201 830 11111111
217 763 259 828 11
275 764 472 830 mittendum
483 764 586 832 dictos
601 765 749 834 Nobiles.
766 769 811 834 Et
822 789 920 852 super
931 768 1018 835 facto
1035 771 1120 852 litus,
1139 794 1185 836 se-

4 861 5 864 *
70 875 195 939 cundum
231 872 495 940 informationem
529 895 628 956 quam
662 876 724 942 sibi
757 877 958 960 dederamus,
998 880 1188 964 respondit:

74 982 200 1049 Volebat
217 1004 272 1048 eos
288 982 394 1047 111111
411 983 568 1066 provisos,
595 984 682 1069 quod
707 984 862 1050 fortilicia
889 986 997 1052 litoris
1023 994 1095 1053 erat
1126 987 1189 1054 sor·

3 1165 5 1186 ¹
73 1092 184 1156 tissima
200 1092 263 1158 toti
279 1090 419 1172 mundo;
436 1098 470 1157 et
483 1091 518 1156 in
534 1113 610 1158 casu
627 1113 691 1176 quo
703 1092 768 1177 ipsi
779 1093 926 1160 Baroues
937 1117 1010 1160 cum
1021 1102 1116 1179 gente
1128 1117 1189 1160 sua

3 1259 5 1284 ,
70 1201 286 1283 permitterent
317 1199 444 1284 seponi
469 1201 502 1265 in
519 1205 644 1266 terram
659 1202 692 1265 in
709 1201 805 1267 litore
832 1202 989 1288 predicto,
1014 1205 1076 1287 ipsi
1102 1205 1191 1289 prin-

3 1289 6 1330 *
70 1309 208 1392 cipaliter
240 1307 462 1375 substinerent
486 1309 594 1376 omnia
619 1311 765 1393 pericula
781 1309 815 1374 in
840 1314 987 1394 personis
1013 1334 1124 1378 eorum
1156 1314 1189 1378 in

69 1416 250 1483 debellando
265 1416 454 1482 fortiliciam
463 1416 663 1499 predictam
680 1423 713 1483 et
730 1417 758 1481 si
774 1423 941 1500 oporteret
958 1439 1013 1484 eos
1029 1419 1184 1485 reducere

71 1527 142 1590 sein
165 1525 292 1608 galleis,
318 1546 385 1589 non
411 1528 545 1608 possent
569 1523 677 1588 facere
703 1522 771 1589 ullo
789 1523 946 1606 modo;et
970 1527 1003 1590 in
1028 1547 1105 1592 casu
1122 1550 1185 1610 quo

68 1634 120 1716 ipsi
148 1634 334 1699 obtinerent
365 1630 549 1696 fortilitiam
575 1630 765 1714 predictum,
791 1653 855 1697 non
880 1642 1015 1718 possent
1045 1644 1181 1720 propter

67 1742 118 1806 boo
140 1739 268 1824 aliquid
283 1739 392 1806 lacere
409 1736 547 1805 Civitati
564 1737 788 1820 Venetiarum,
805 1741 960 1823 quianon
977 1750 1108 1825 possent
1133 1765 1183 1809 ve-

67 1852 125 1914 nire
141 1849 318 1928 Venetiae,
335 1846 392 1912 sed
408 1848 477 1932 ipse
493 1846 587 1931 galee
618 1855 724 1913 essent
740 1848 805 1930 ille,
821 1871 883 1933 que
898 1858 1033 1933 possent
1053 1851 1100 1916 ire
1117 1851 1181 1919 Ve-

22 1989 27 1996 ·
67 1959 179 2040 netias;
206 1958 289 2022 etin
305 1977 383 2022 casu
399 1977 462 2039 quo
478 1955 663 2022 obtinerent
679 1977 790 2021 eorum
807 1957 1019 2024 intentionem
1036 1959 1074 2025 de
1099 1957 1185 2025 (1111-

66 2071 125 2131 late
148 2063 307 2149 predicta,
336 2063 401 2146 ipsi
422 2062 608 2128 Januenses
634 2062 794 2129 baberent
825 2063 1004 2132 dominium
1029 2065 1184 2133 Civitatis

66 2174 204 2255 predicte,
221 2177 257 2237 et
266 2171 444 2237 utilitatem
458 2169 643 2254 predarum,
669 2173 779 2255 stipsi
798 2172 936 2256 Vngeri,
954 2175 1010 2258 qui
1039 2197 1185 2258 perman-

67 2283 171 2347 sissent
186 2285 221 2347 in
238 2281 333 2345 litore
349 2287 382 2345 et
401 2286 517 2360 essent,
542 2279 653 2345 forent
677 2283 847 2362 carcerati,
872 2281 1057 2349 dannenses
1075 2285 1103 2348 si
1125 2285 1187 2349 vel-

69 2389 135 2458 lent.
158 2397 190 2456 et
206 2392 242 2454 in
259 2387 410 2454 manibus
426 2409 537 2453 eorum
554 2389 581 2453 si
606 2388 735 2455 vellent.
761 2388 930 2475 Quantum
956 2397 1064 2458 autem
1082 2394 1125 2459 11
1141 2417 1188 2459 se-

68 2499 204 2583 cuudum,
221 2499 262 2564 de
282 2497 489 2581 procedendo
514 2496 651 2563 ulterius
677 2497 721 2564 ad
748 2503 937 2582 tractatum,
963 2501 1185 2568 ordinavimus

69 2605 101 2670 de
115 2607 219 2673 eundo
238 2626 313 2671 oras
323 2605 366 2672 ad
397 2605 504 2688 ipsum
521 2605 687 2671 dominum
703 2605 866 2672 Karolum
883 2615 917 2672 et
933 2608 1015 2676 alios
1031 2610 1190 2695 BaroneS,

69 2713 231 2780 secundum
248 2711 328 2798 quid
353 2712 482 2779 videtur
507 2713 642 2778 essedo
667 2713 846 2779 intentione
872 2714 1026 2799 ipsorum,
1044 2724 1079 2784 ut
1095 2719 1188 2784 nobis

73 2822 171 2888 retulit
186 2825 260 2907 ipse
286 2821 434 2887 dominus
451 2819 644 2902 Generalis;
659 2829 691 2887 et
707 2844 901 2907 exponemus
917 2825 963 2889 eis
987 2824 1086 2910 11111,
1101 2829 1188 2912 quod

69 2932 268 2997 concordium
284 2930 389 2997 solum
405 2952 477 2996 oum
492 2930 621 2997 domino
653 2931 745 3014 Rege
762 2931 884 3015 absque
916 2933 1025 3018 aliquo
1051 2935 1187 3021 colliga·

66 3045 160 3105 torum
190 3061 258 3106 non
274 3038 375 3105 habet
390 3060 449 3105 nos
468 3038 613 3104 relevare
639 3038 681 3104 ab
698 3039 861 3121 oneribus,
876 3041 910 3104 in
936 3039 1050 3124 quibus
1076 3065 1185 3112 sumus

67 3148 309 3227 presentraliter
331 3147 481 3232 impliciti
497 3169 556 3232 per
581 3147 693 3231 galeas
718 3146 897 3230 Janenses;
923 3156 956 3213 et
982 3149 1188 3233 1111111111-

68 3275 193 3325 nuenses
209 3279 274 3340 pur
290 3257 416 3324 nollent
442 3255 484 3321 ad
501 3257 706 3322 concordium
736 3257 940 3337 descendere,
967 3261 1188 3326 necessarium

66 3365 182 3432 omnino
198 3369 297 3448 esset,
313 3364 402 3448 quod
417 3384 560 3430 essemus
585 3365 761 3430 concordes
803 3365 920 3430 saltem
945 3387 1017 3431 cum
1044 3367 1188 3435 Domino

66 3468 166 3538 Padus
183 3479 216 3538 et
232 3473 366 3538 domino
386 3472 591 3553 Patriareha,
608 3474 685 3555 quia
700 3472 797 3539 lactis
823 3472 918 3538 dietis
945 3474 1129 3560 concordijs
1149 3483 1181 3540 et

65 3589 142 3646 reete
173 3581 382 3665 procedendo
415 3583 450 3646 in
475 3582 563 3665 ipsis,
595 3581 677 3647 bene
706 3589 815 3666 posset
845 3584 947 3648 teneri
973 3584 1097 3664 modus,
1123 3605 1189 3666 quo

69 3685 241 3755 dannenses
257 3710 322 3756 non
337 3696 469 3772 possent
484 3690 621 3755 multum
637 3711 755 3756 nocere
771 3690 875 3754 nobis
894 3689 989 3756 Circa
1022 3712 1084 3774 que
1115 3712 1188 3758 oum

66 3799 202 3863 omnibus
220 3797 326 3864 modis
344 3804 376 3864 et
391 3798 460 3880 viis,
477 3819 559 3883 quas
576 3800 763 3882 poterimus,
779 3799 981 3877 instabimus,
997 3805 1068 3865 toto
1086 3821 1183 3884 posse

67 3910 173 3973 nostre.
190 3906 317 3976 Verum
335 3903 525 3972 Dominatio
551 3905 675 3975 Vestra
690 3906 771 3972 bene
788 3908 849 3972 scit
875 3891 1066 3973 mundatum
1098 3909 1185 3991 quod

68 4009 258 4096 habemuse
277 4035 341 4097 quo
358 4014 447 4080 nullo
464 4013 559 4080 modo
576 4014 781 4097 recedemus
800 4015 856 4080 sed
882 4013 963 4080 bene
981 4015 1188 4100 considerare

3 4163 5 4178 .
68 4125 198 4207 potestis,
232 4123 312 4207 quid
345 4122 452 4189 facere
483 4145 663 4207 possumus.
695 4123 792 4190 Unde
817 4123 969 4207 dignetur
995 4125 1188 4191 Dominatio

3 4263 5 4316 l
67 4225 177 4298 Vestra
192 4253 292 4316 super
308 4231 370 4298 hoc
385 4232 565 4316 providere,
581 4239 618 4298 ut
634 4233 695 4299 sibi
715 4233 876 4299 videbitur
886 4232 1037 4316 expedire
1067 4239 1099 4300 et
1116 4234 1184 4299 sine

69 4359 159 4419 mora,
184 4363 256 4406 eum
284 4340 338 4405 isti
364 4362 427 4407 non
454 4341 520 4407 sint
546 4341 696 4427 dispositi
728 4340 914 4407 dimittendi
941 4363 974 4406 se
1006 4342 1124 4407 ducere
1156 4343 1189 4407 in

3 4433 5 4498 ἶ
69 4443 193 4529 longum.
225 4447 392 4514 Sentimus
407 4471 428 4514 a
445 4471 559 4534 campo
576 4472 635 4536 per
660 4450 826 4516 dominum
844 4447 1039 4515 Generalem
1056 4449 1190 4516 redeuu-

3 4637 5 4652 .
82 4575 125 4619 em
140 4581 158 4624 a
173 4580 297 4644 eampo,
324 4559 411 4642 quod
438 4559 588 4625 dominus
613 4560 807 4626 Patriareha
834 4557 963 4624 ostendi
989 4558 1066 4625 fecit
1092 4583 1190 4626 1111111
