3226 5254
408 352 471 410 350
760 367 994 410 urenouaozrnr
1011 353 1178 410 surtinus.

406 545 597 606 memorare,
613 525 766 590 continue
782 531 891 590 tamen
916 546 1143 592 remaneamus
1169 524 1441 591 indissolubiliter
1463 523 1540 588 obli-

407 635 485 714 gati.
501 631 589 699 Nam
605 633 690 716 licet,
708 635 796 718 quod
813 635 992 701 humillime
1009 633 1133 700 dictum
1150 635 1204 714 sit,
1214 654 1335 716 magna
1351 640 1539 700 nostrorum

407 744 523 807 civium
541 741 735 810 Guelforum
752 766 876 824 manus,
892 766 956 809 non
984 743 1053 808 sine
1080 742 1249 826 sanguinis
1265 743 1412 826 impensa
1427 743 1464 806 in
1490 763 1540 806 ac·

408 850 582 933 quisitione
598 851 706 937 Regni
729 851 839 920 Sicilie
856 859 972 918 eontra
988 850 1198 917 Manfredum
1219 851 1279 916 sub
1304 850 1539 934 gloriosissimo

405 957 559 1042 Principe
575 959 702 1024 Karolo
717 962 823 1043 primo
839 958 980 1025 fideliter
996 959 1165 1038 militarit3
1195 957 1280 1040 licet,
1295 965 1332 1024 ut
1347 960 1478 1023 minora
1494 959 1540 1022 di-

406 1065 582 1148 mittsmus,
598 1089 663 1133 non
679 1067 892 1133 obiecerimus
908 1065 1106 1148 Conradinu,
1124 1073 1157 1132 et
1177 1067 1368 1131 recentioris
1384 1066 1538 1132 memorie

407 1173 627 1259 Principibus,
653 1177 687 1240 in
703 1199 762 1244 nos
787 1198 847 1260 pro
873 1177 982 1260 Regni
1008 1177 1114 1242 salute
1140 1177 1353 1240 maximorum
1378 1173 1537 1240 bellorum

407 1282 550 1365 pondera
575 1283 800 1350 transferendo
826 1284 1070 1368 opposuerimus
1104 1285 1188 1348 uires
1213 1290 1362 1364 nostras;
1397 1288 1431 1348 et
1462 1283 1537 1349 licet

406 1413 500 1457 omne
517 1391 782 1458 Florentinorum
799 1415 900 1477 genus
916 1391 1048 1458 insimul
1059 1401 1291 1477 congregatum
1307 1415 1366 1477 pro
1383 1392 1492 1459 salute
1507 1399 1538 1456 et

407 1501 635 1567 sublimatione
650 1502 745 1566 huius
763 1502 976 1586 sacratissimi
989 1501 1119 1585 generis
1136 1500 1223 1567 bella
1249 1507 1344 1584 gerat
1369 1507 1403 1566 et
1419 1521 1454 1565 se
1471 1521 1538 1564 cer-

405 1609 528 1675 tissime
538 1611 635 1674 morti
645 1608 817 1690 devoveat;
833 1617 966 1694 recepta
975 1616 1086 1675 tamen
1099 1608 1267 1690 beneficia,
1283 1629 1348 1674 non
1358 1610 1537 1692 poterimus

407 1716 581 1800 adequare.
605 1716 763 1784 Vestrum
785 1718 870 1783 enirn
885 1723 935 1784 est
951 1725 984 1783 et
1000 1719 1098 1784 vestri
1114 1717 1289 1803 sanguinis,
1305 1717 1535 1800 gloriosissime

407 1826 574 1909 Princeps,
591 1826 679 1909 quod
704 1824 890 1893 felicissirne
909 1825 1144 1892 reeordationis
1160 1825 1307 1891 Karolus
1323 1823 1470 1910 Magnus
1487 1821 1538 1887 Pi·

407 1934 475 2016 pini
499 1932 594 2012 filius,
618 1931 796 2000 Civitatem
813 1941 961 2000 nostram
985 1956 1006 1999 a
1032 1934 1143 1999 Totila
1162 1933 1312 2013 deletam,
1328 1954 1450 2017 magna
1466 1954 1535 1998 curn

406 2040 529 2122 pietate
545 2042 698 2122 restituit,
725 2042 898 2125 multisque
925 2041 1104 2126 privilegiis
1122 2042 1299 2108 exornavit.
1314 2039 1474 2107 Vestrum
1490 2052 1537 2105 est

407 2149 493 2230 qnod
509 2148 674 2214 antefatus
691 2147 766 2214 dive
776 2150 931 2215 memorie
942 2149 1111 2234 Princeps,
1120 2149 1355 2217 commilitones
1373 2171 1448 2215 suos
1463 2148 1536 2213 Flo-

407 2256 552 2321 rentincs
577 2251 724 2336 Guelfos
750 2255 918 2321 Manfredi
942 2257 1065 2323 viribus
1092 2278 1131 2322 ex
1154 2257 1265 2340 patria
1289 2256 1412 2342 pulsoS,
1428 2257 1463 2338 in
1478 2256 1536 2321 lrae

406 2365 484 2430 urbe
500 2365 653 2447 reposuit,
670 2372 703 2429 et
718 2365 751 2429 in
768 2372 867 2444 statu,
884 2387 979 2448 quern
995 2365 1102 2430 adhuc
1121 2387 1142 2430 e
1158 2364 1226 2432 Sua
1242 2365 1420 2450 Majestete
1430 2385 1536 2446 recog·

407 2474 578 2553 noscimus
594 2479 751 2557 tenemus,
776 2474 852 2554 suis,
868 2480 906 2539 ut
921 2475 968 2540 ita
984 2474 1138 2554 dicamne,
1163 2473 1312 2540 manibus
1328 2473 1535 2540 confirmarit.

407 2579 609 2646 Omittamus
634 2587 715 2664 quot
740 2589 773 2646 et
800 2588 925 2664 quanta
941 2604 1000 2666 pro
1015 2583 1167 2648 libertate
1183 2588 1216 2647 et
1231 2583 1335 2648 salute
1362 2584 1466 2648 nostri
1482 2601 1535 2664 po·

407 2690 477 2771 puli
492 2691 593 2753 ceteri
610 2696 683 2772 post
698 2690 789 2754 illum
808 2690 987 2756 clarissime
1004 2692 1159 2756 memorie
1175 2691 1347 2774 Princieps
1365 2690 1449 2774 (lgy)
1464 2710 1536 2755 con·

407 2797 575 2876 suluerint,
591 2802 735 2881 quotque
759 2797 845 2863 bella
870 2799 1080 2882 susceperint,
1097 2821 1160 2882 que
1177 2798 1277 2863 nichil
1292 2799 1333 2864 de
1349 2818 1426 2862 vere
1443 2797 1536 2862 dilec-

383 2955 385 2958 .
406 2907 506 2970 tionis
532 2903 730 2987 perfectione
757 2905 919 2986 deficeret,
945 2905 1033 2990 quod
1052 2906 1222 2972 lacrimose
1238 2905 1422 2987 recolimus,
1437 2923 1535 2988 usqne

407 3001 459 3078 nd'
474 3013 640 3096 ponendas
665 3034 726 3097 pro
752 3014 844 3080 nobis
870 3015 997 3079 animas
1022 3020 1257 3099 pervenerunt3
1290 3016 1479 3080 omittamus
1505 3018 1536 3077 et

407 3120 510 3187 multa
525 3121 599 3203 alia,
627 3143 689 3205 que
717 3122 794 3204 quia
820 3122 914 3205 plene
939 3122 1056 3188 referri
1081 3129 1255 3208 nequeunt,
1276 3122 1471 3207 prudentius
1488 3127 1535 3187 est

407 3237 535 3312 tacere3
566 3233 769 3313 omittamus,
792 3253 833 3296 ne
857 3231 1001 3298 blandiri
1019 3232 1194 3314 videamur,
1220 3239 1253 3298 et
1278 3254 1341 3316 que
1373 3230 1535 3298 modernis

378 3338 607 3422 temporibus
632 3339 725 3404 nobis
752 3360 773 3404 a
798 3337 918 3404 Vestre
943 3341 1133 3424 Majestatis
1150 3338 1299 3406 Culmine
1316 3347 1393 3406 sunt
1409 3338 1534 3407 collato.

409 3445 495 3512 Sunt
520 3447 606 3512 eninr
631 3446 708 3512 stilo
734 3446 839 3513 ferreo
865 3450 985 3514 nostris
1006 3449 1162 3532 impressa
1178 3448 1350 3528 mentibus,
1367 3447 1464 3513 nullis
1481 3467 1534 3511 un·

407 3576 506 3636 quam
527 3555 730 3638 temporibus
755 3554 923 3621 abolenda.
949 3554 1021 3639 Qus
1046 3577 1119 3621 cum
1144 3557 1191 3622 ita
1216 3557 1292 3638 sint,
1308 3554 1534 3640 benignissime

407 3662 585 3746 Princeps;
609 3685 743 3747 cumque
760 3664 819 3730 hec
842 3687 901 3730 nos
916 3663 1058 3730 reddant
1073 3665 1137 3730 toti
1152 3664 1248 3747 stirpi
1260 3663 1373 3748 Regis,
1390 3665 1458 3729 sine
1475 3661 1534 3726 dif-

407 3769 547 3837 ferentia
570 3773 785 3838 eommuniter
801 3772 980 3856 obligatos3
998 3773 1025 3836 si
1041 3773 1128 3836 inter
1144 3772 1302 3855 sanguine
1318 3769 1446 3856 prefato
1462 3793 1535 3837 eon·

407 3879 534 3945 iunctos
551 3878 685 3961 aliquod
702 3879 871 3946 dissidium
887 3881 1021 3962 oriatur,
1046 3901 1261 3964 possumusne
1277 3901 1351 3946 curn
1365 3879 1534 3945 honestate

407 3993 532 4070 partem
550 4009 646 4052 unam
665 3988 792 4072 eligere,
809 3994 842 4053 et
858 4011 916 4072 pro
933 4010 998 4054 uno
1025 3993 1140 4054 eontra
1155 3988 1265 4069 alium,
1281 3988 1429 4072 quisquis
1444 3986 1534 4052 iusti·

407 4085 493 4159 ciam
508 4093 625 4174 foveat,
641 4095 835 4162 decertare?
858 4095 990 4162 Etenim
1001 4117 1206 4180 quocumque
1221 4103 1334 4161 noster
1348 4095 1486 4180 populus
1501 4112 1533 4158 se

407 4208 585 4284 convertat,
612 4208 679 4268 stat
704 4204 824 4268 invicta
849 4203 1078 4269 beneficiorum
1096 4204 1185 4268 acies
1202 4210 1316 4268 eontra
1332 4223 1400 4286 nos,
1414 4206 1531 4267 monet·

407 4312 519 4397 quein
536 4313 606 4395 ipso
623 4333 807 4396 congressu,
833 4334 892 4378 nos
917 4311 1164 4396 ingratitudinis
1180 4313 1326 4378 maculas
1342 4319 1466 4396 turpes,
1481 4311 1533 4375 ho

408 4420 546 4486 nestatis
569 4419 646 4504 jura
670 4420 867 4504 dirumpere,
884 4428 917 4485 et
933 4442 1007 4487 vere
1033 4421 1185 4486 caritatis
1200 4420 1328 4486 vincula
1344 4423 1476 4488 violam.
1490 4419 1532 4485 Et

410 4536 454 4610 ut,
478 4530 659 4596 omittendo
676 4535 812 4610 ceteros,
838 4530 878 4593 de
902 4528 1041 4615 Regina,
1066 4536 1182 4595 contra
1207 4551 1306 4612 quum
1331 4530 1532 4613 requirimur,
