3182 5252
575 354 668 414 1383.
1120 354 1184 414 497

63 525 181 609 poterit
198 527 362 610 perillum
381 529 520 608 modum,
545 551 618 594 cum
635 528 691 594 illo
709 527 830 606 ordine,
847 533 878 590 et
906 528 990 593 siout
1018 528 1182 594 videbitur

64 628 207 716 Collegio
225 635 275 700 vel
290 635 406 699 maiori
422 638 518 720 parti.

166 739 389 807 Terminatum
405 765 464 828 per
474 743 667 829 Collegium,
683 743 771 827 quod
786 743 994 809 Reverendus
1011 743 1114 810 Pater
1132 743 1188 810 do·

64 847 166 912 minus
183 847 381 915 Patriarcha
398 848 576 917 Gradensie
592 851 690 918 vadat
714 849 920 917 Ambaxator
936 849 978 915 ad
994 858 1106 933 partes
1122 850 1187 918 Fo-

64 953 169 1018 roiulii
185 976 243 1038 pro
260 963 405 1022 tractatu
422 958 587 1023 concordii
604 965 636 1024 et
654 960 754 1042 pacis.

132 1101 168 1158 (Α
184 1100 292 1149 »misti«
309 1101 398 1150 czimd
412 1102 552 1152 velenczei
566 1103 795 1166 dilamkonyvbdl
818 1103 974 1152 XXXVIII.
988 1104 1045 1154 kot.
1060 1108 1083 1152 9.
1097 1102 1114 1151 l.

610 1265 705 1272 *—

591 1391 664 1452 264„

60 1546 127 1610 III.
145 1545 272 1632 lidroly
289 1548 413 1611 sicilici
429 1549 610 1634 kirdlynalc
638 1550 825 1635 adomdnya
841 1573 862 1612 o
879 1551 1187 1639 Mayyarorszdpbdl

103 1655 168 1718 vele
177 1657 242 1738 jou
258 1656 451 1721 advarnoka
478 1657 694 1722 Saevit-Pelori
711 1658 844 1744 Gyo'rpy
860 1663 1022 1723 szdmdra.
1050 1663 1143 1724 1383.

169 1812 239 1878 Nos
265 1814 409 1880 Karolus
433 1814 566 1882 Tertius
592 1816 652 1882 stb.
677 1813 855 1901 (Georgius
882 1817 920 1882 de
943 1816 1066 1885 Sancto
1083 1818 1186 1886 Petro

63 1923 232 2008 Vagatur,
248 1923 422 1990 familiaris
439 1931 471 1989 et
487 1923 590 1991 fidelis
617 1924 951 2010 dilectus,habetp1·o
968 1949 1001 1991 se
1017 1934 1049 1991 et
1064 1926 1189 1994 heredi-

60 2031 117 2096 bus
144 2032 213 2095 suis
238 2031 271 2094 in
289 2037 493 2113 perpetuum)
518 2030 654 2095 fundum
670 2031 726 2114 qui
741 2029 803 2096 luit
819 2029 949 2098 Nicolai
966 2032 1005 2096 de
1022 2033 1189 2099 Marmore

60 2140 194 2206 rebellio
220 2141 253 2202 in
281 2139 377 2222 Ruga
403 2136 658 2204 Oathalanorum
686 2139 839 2204 Ciuitatis
864 2139 1021 2224 Neapolis
1038 2147 1099 2206 eto.
1115 2165 1185 2207 cum

61 2247 222 2327 domibus,
258 2247 416 2326 membris
453 2246 643 2329 redditibus
679 2249 851 2332 aperturis,
876 2250 947 2332 vijs,
971 2248 1099 2332 juribus
1128 2257 1187 2314 etc.

63 2357 176 2439 (1383.
195 2361 246 2420 28.
262 2356 432 2435 februari.)

63 2504 95 2562 (Α
121 2503 261 2568 ›Registri
285 2504 434 2568 dugioiui‹
460 2508 521 2554 359.
535 2519 573 2553 ez.
587 2518 611 2554 a.
625 2503 767 2553 kdtetebdl
779 2503 848 2568 Bag.
863 2504 955 2554 Caroli
969 2505 1020 2556 111.
1047 2506 1189 2570 197.l.,az

384 2595 458 2643 olssz
473 2593 525 2642 kir.
540 2595 654 2658 napolyr'
667 2594 858 2655 leveltarban.)

548 2757 707 2766 -—-—--1

589 2923 662 2984 265.

7 3115 9 3120 ·
38 3140 42 3148 ,
61 3082 183 3148 Baneio
200 3083 324 3148 Milatos
341 3081 491 3146 celeuczei
501 3081 619 3166 μοῖράν
637 3081 840 3146 Toartkoll.
856 3081 967 3144 Irtvdc
982 3080 1189 3166 Scerdorazdp

235 3192 266 3254 ris
285 3191 427 3255 Boazoia
445 3190 650 3275 kircilydaak
666 3191 906 3276 teuperaapw'a.
925 3186 1019 3251 1383.

171 3350 269 3414 Anno
302 3347 638 3416 MCCOLXXXIII.
671 3348 845 3413 indictione
878 3354 978 3432 sexta,
1009 3347 1059 3413 die
1090 3347 1190 3417 VIII.

62 3457 190 3548 Marcii.
214 3455 380 3541 Capta:
397 3457 481 3523 (lum
508 3455 742 3522 Serenissimus
768 3462 800 3521 et
825 3455 1124 3522 Excellentissimos
1137 3457 1190 3521 do-

62 3567 169 3633 minus
185 3563 258 3630 Rex
274 3563 380 3630 Raxie
397 3588 500 3649 nuper
517 3565 643 3630 miserit
659 3563 820 3648 quendam
840 3565 992 3629 nuncium
1009 3584 1102 3630 suum
1118 3585 1187 3648 spe·

62 3674 178 3740 cialem
194 3697 267 3738 oum
283 3673 381 3740 litera
398 3675 602 3740 credulitatis
619 3673 720 3738 nobili
737 3674 807 3736 vivo
825 3693 878 3736 ser
906 3671 1045 3738 Nicolao
1071 3673 1190 3738 Baseio

60 3782 119 3844 ciri
136 3789 260 3864 nostro,
282 3803 341 3866 per
366 3805 461 3866 quem
487 3783 641 3846 nuncium
665 3781 736 3863 ipse
762 3779 912 3845 dominns
939 3781 1010 3846 Rex
1034 3777 1140 3846 Raxic
1157 3787 1190 3846 et

61 3889 202 3954 Bossine
219 3890 366 3956 notificat
382 3890 469 3955 dieto
486 3912 538 3953 ser
554 3888 694 3953 Nicolao
714 3888 841 3970 Baseio,
867 3888 952 3971 quod
970 3888 1069 3972 elegit
1085 3889 1190 3971 ipsum

61 3999 93 4061 in
111 3990 325 4063 Admiratum
342 4019 436 4062 suum
454 4019 524 4062 cum
543 4019 660 4079 magno
678 3997 798 4061 honore
814 3997 892 4060 civis
909 3997 1014 4060 nostri
1031 3995 1190 4079 predicti,

60 4113 92 4168 et
108 4127 169 4189 pro
186 4111 276 4171 statu
288 4105 452 4171 ethonore
468 4107 572 4170 nostri
589 4105 733 4171 Dominii
749 4105 859 4186 faciat,
876 4110 909 4167 et
926 4103 1111 4187 specialiter
1126 4104 1188 4169 isto

60 4221 216 4298 tempore,
233 4236 424 4280 conservare
439 4234 513 4297 ymo
532 4235 650 4296 augere
667 4214 826 4278 amicitias
843 4219 876 4276 et
901 4211 1102 4295 complacere
1119 4211 1186 4276 Do-

59 4323 157 4386 minis
173 4319 289 4388 Mundi
306 4324 338 4388 in
356 4323 418 4387 hiis
437 4323 583 4403 cambae,
607 4322 662 4387 sed
689 4321 820 4386 dubium
843 4322 886 4386 sit
902 4322 941 4386 de
966 4321 1027 4385 hoc
1053 4329 1186 4404 propter

65 4436 193 4512 purtem
204 4437 334 4514 captam
350 4433 383 4495 in
400 4431 522 4497 Maiori
533 4429 677 4496 Consilio
688 4426 904 4494 MOOOLVI.
916 4427 1093 4494 XXVIII.
1104 4451 1190 4495 men·

70 4537 115 4602 sis
133 4535 335 4618 Novembris
351 4559 409 4621 per
429 4559 527 4619 quam
550 4536 751 4621 prohibetur,
775 4535 863 4618 quod
889 4538 990 4600 nostri
1018 4537 1101 4602 cives
1125 4559 1189 4604 non

110 4673 175 4712 nor.
191 4675 273 4712 nuno.
288 4675 357 4712 mer.
373 4683 416 4695 —-
432 4675 502 4712 nou
517 4675 577 4713 nxr.
593 4675 631 4711 111.
1039 4648 1080 4715 32
