3134 5254
417 429 480 497 318
771 445 1006 500 orotouacmar
1024 429 1189 501 nitidant.

413 621 525 678 nostra
541 614 668 678 (livitus
685 613 726 677 ab
743 614 808 679 illis
824 615 1020 680 turbulentis
1036 617 1186 696 motibus,
1203 638 1284 700 qnos
1301 616 1426 681 illorum
1442 609 1520 678 susci·

410 725 491 788 tavit
525 724 690 807 iniquitas,
718 723 759 787 ad
785 721 1057 805 tranquillitatem
1085 722 1337 806 placidissimam
1365 723 1520 806 respirauit,

414 831 507 896 ranis
524 839 557 896 et
573 833 735 917 perversis
750 831 950 896 tractatibus
968 832 1157 897 machinari.
1174 834 1219 898 Et
1230 839 1265 898 ut
1276 839 1455 914 ceteraque
1468 831 1521 896 lon·

412 941 578 1018 gissimum
596 941 679 1004 l'oret
697 945 886 1023 exprimere,
904 940 1031 1005 silentio
1054 947 1274 1020 transeamns;
1300 962 1372 1004 ecce
1390 961 1463 1004 unus
1475 941 1520 1002 im-

410 1048 601 1131 purissimus
618 1049 695 1112 ciris
713 1057 834 1126 noster,
850 1051 877 1113 si
895 1055 1002 1114 tamen
1021 1051 1100 1114 ciris
1113 1049 1268 1114 dicendus
1286 1057 1345 1132 est,
1363 1049 1414 1134 qui
1425 1055 1519 1113 eontra

410 1157 550 1237 quietem
568 1159 675 1240 patrie
692 1159 775 1222 talia
792 1159 957 1240 cogitarit,
974 1157 1048 1222 dum
1061 1157 1211 1222 Paduam
1228 1165 1258 1223 et
1278 1159 1320 1222 ad
1336 1157 1448 1225 Vestro
1463 1157 1520 1221 lla-

406 1263 536 1346 jestatis
554 1264 678 1330 felicem
697 1267 871 1330 exercitum
889 1266 1087 1348 accessisset,
1104 1266 1163 1330 sub
1181 1269 1285 1350 spetie
1303 1266 1449 1332 visitandi
1459 1262 1520 1328 (lla-

412 1373 586 1438 iitudinem
607 1373 827 1438 Illustrissimi
844 1372 1007 1455 Principis
1024 1373 1147 1437 domini
1171 1373 1290 1438 Karoli
1306 1374 1346 1438 de
1363 1371 1518 1456 Dyraehio,

409 1479 524 1544 borum
542 1479 882 1545 inhumanissimorum
909 1481 1072 1545 hominum
1101 1480 1363 1564 suggestionibus
1377 1482 1519 1545 incitatus,

412 1590 497 1672 cepit
513 1589 686 1654 maximam
705 1591 979 1673 conspirationem
991 1590 1197 1656 turbaturum
1207 1596 1356 1656 nostram
1377 1587 1520 1672 Rempnb-
1564 1579 1566 1584 ’

410 1696 506 1762 licam
523 1699 684 1778 ordinare,
700 1704 795 1762 tanta
811 1697 1003 1778 calliditate,
1020 1705 1111 1764 tanto
1132 1699 1216 1780 dolo,
1232 1705 1388 1782 tantaque
1405 1697 1520 1772 malitia,

412 1807 499 1888 quod
516 1808 577 1871 nisi
593 1806 714 1871 Divina
731 1805 871 1871 Bonitas
888 1827 980 1872 suam
997 1808 1178 1889 nequiciam
1196 1808 1405 1890 prevenisset,
1424 1801 1517 1889 procul

410 1913 509 1978 dubio
525 1914 679 1979 subverso
696 1921 783 1980 statu
800 1933 919 1996 nostro,
935 1917 966 1980 in
985 1913 1219 1980 desolationem
1246 1921 1432 1998 perpetuam
1446 1914 1517 1976 banc

327 2034 332 2044 ’
411 2021 651 2088 devotissimam
669 2022 780 2090 Vestri
798 2022 957 2087 Culminis
977 2019 1149 2088 Civitatem
1167 2025 1199 2086 in
1218 2044 1276 2088 suo
1293 2023 1445 2087 scelerato
1460 2039 1517 2102 pro-

409 2116 517 2212 posito
534 2129 745 2213 perduxisset.
772 2132 817 2196 Et
844 2136 881 2195 ut
897 2131 1103 2214 iniquitatem
1129 2153 1220 2196 suam
1246 2131 1375 2196 facilius
1400 2135 1515 2213 poneret

412 2239 454 2302 ad
471 2237 628 2320 effectum,
648 2247 681 2305 et
697 2241 895 2305 auctoritate
922 2241 1036 2323 majori
1062 2242 1179 2306 eirium
1205 2243 1331 2306 animos
1356 2240 1516 2306 inclinaret

411 2349 499 2430 quod
515 2347 691 2413 reserentes
707 2347 884 2428 horremus,
900 2347 1050 2413 manibus
1067 2349 1191 2431 propiis
1216 2350 1248 2412 in
1269 2348 1376 2432 lapide
1392 2345 1516 2430 quodam

412 2461 571 2520 secretum
600 2456 741 2538 sigillum
769 2455 885 2538 prefati
905 2455 1087 2522 Clarissimi
1105 2455 1268 2538 Principis
1293 2455 1413 2520 domini
1428 2453 1520 2519 Karo-

411 2563 443 2644 li,
461 2563 542 2630 adeo
560 2564 690 2647 proprie
708 2563 869 2646 figuravit,
886 2564 972 2647 quod
989 2587 1052 2630 non
1069 2564 1173 2630 solnm
1185 2571 1367 2644 extraneos
1378 2562 1430 2628 sed
1446 2558 1520 2642 sigil-

412 2671 549 2737 latorem
566 2671 686 2756 prefati
704 2672 876 2755 Principis,
903 2678 934 2736 et
951 2673 1056 2757 ipsum
1075 2673 1221 2739 eumdem
1238 2673 1335 2739 facile
1352 2671 1520 2754 decepisset.

412 2778 553 2863 Scripsit
570 2781 699 2863 insuper
716 2788 747 2844 et
763 2780 907 2862 dictavit,
925 2781 1002 2862 quia
1023 2781 1193 2846 licteratns
1212 2777 1520 2862 homosuit,lan1iliu·

410 2888 516 2950 ritatis
544 2887 749 2970 privilegium
776 2889 880 2952 eidem
906 2888 1135 2972 adulterinum,
1167 2888 1249 2953 illud
1275 2888 1417 2970 sigillum
1447 2881 1520 2968 quod
1563 2909 1565 2916 ¹

411 2995 672 3078 supradiximus,
697 2996 921 3077 imprimendo.
947 2996 1135 3064 Fabrioarit
1159 3003 1191 3061 et
1219 2997 1300 3062 alias
1326 2998 1450 3062 litteras
1472 2991 1520 3056 sub

409 3106 537 3168 nomine
563 3104 620 3169 illo
645 3104 824 3169 clarissimo
850 3105 971 3170 domini
989 3105 1120 3187 Koroli,
1137 3127 1218 3188 equas
1234 3106 1277 3170 ad
1303 3128 1412 3170 omnes
1437 3101 1520 3166 Guel-

411 3211 459 3274 sos
476 3211 685 3278 Florentinos
697 3211 794 3294 dirigi
806 3215 990 3294 simulabat,
1002 3237 1139 3298 quarum
1151 3215 1232 3279 serie
1243 3214 1442 3291 credebatur,
1453 3220 1521 3276 tam

411 3341 507 3402 quarn
524 3320 679 3385 familiari
696 3342 754 3386 suo
772 3322 1049 3388 confidentissimo
1066 3324 1162 3388 tidem
1180 3325 1320 3406 plenam,
1346 3323 1520 3407 quicumque

411 3426 604 3494 Gucllorum
622 3429 695 3493 illas
712 3430 899 3513 inspexerit,
916 3432 1079 3500 adbibere.
1093 3432 1162 3498 Nec
1188 3440 1282 3516 putet
1309 3433 1424 3516 aliquis
1441 3430 1519 3494 heca

411 3535 504 3601 nobis
521 3537 610 3618 fingi,
628 3544 715 3602 stant
727 3538 842 3620 littere,
853 3545 917 3604 stat
930 3541 1071 3618 sigillum
1082 3541 1161 3605 illud
1173 3541 1348 3624 lapideum,
1364 3546 1428 3605 stat
1438 3539 1520 3602 etiam

409 3644 495 3708 illius
513 3644 680 3710 inhumani
698 3645 836 3711 hominis
854 3655 1036 3731 spontanea
1054 3657 1084 3713 et
1104 3649 1275 3714 manifesta
1294 3649 1459 3728 consessio,
1473 3665 1522 3728 per

409 3774 505 3836 quarn
523 3753 620 3836 digno
638 3755 797 3838 supplicio
808 3755 867 3844 luit
886 3757 1039 3840 affectus,
1056 3767 1091 3824 ut
1102 3761 1234 3842 possint,
1249 3779 1446 3842 quecumque
1457 3753 1520 3819 scri·

409 3859 512 3925 bimus
544 3883 603 3944 per
635 3881 700 3926 rem
734 3862 927 3928 evidentiam
959 3865 1185 3930 demonstrari.
1212 3866 1277 3931 His
1303 3866 1412 3949 itaque
1430 3864 1518 3927 l'retus

409 3968 592 4033 falsificatis
609 3968 729 4033 litteris
755 3971 839 4053 cepit
865 3971 1080 4053 plurimorum
1106 3973 1231 4052 civium,
1257 3995 1322 4037 non
1348 3970 1522 4036 (duellorum

409 4084 545 4159 tantum,
562 4078 616 4159 qui
634 4077 694 4142 soli
712 4079 852 4160 patriam
871 4087 997 4164 regunt,
1015 4081 1070 4146 scd
1091 4084 1283 4165 cupidorum
1309 4083 1408 4166 prede
1431 4077 1522 4164 gratia

409 4184 515 4248 lacere
526 4184 710 4265 novitatem,
720 4186 844 4250 animos
854 4193 1049 4270 pertentare,
1066 4197 1098 4254 ot
1115 4199 1278 4274 quotquot
1293 4191 1450 4256 allocutus
1469 4185 1523 4250 sur·

412 4298 474 4370 rat,
501 4293 679 4356 autoritate
696 4292 880 4359 litterarum
897 4305 1011 4378 motos,
1034 4300 1074 4364 ad
1095 4321 1188 4364 suum
1215 4301 1378 4366 funestum
1394 4295 1522 4384 proposi-

409 4407 476 4464 tum
494 4399 669 4464 inclinavit.
687 4401 730 4465 Et
747 4404 809 4467 nisi
824 4403 938 4470 fuisset
956 4414 1080 4473 tantuin
1102 4409 1226 4474 facilins
1247 4431 1308 4492 per
1318 4411 1382 4475 Dei
1399 4407 1522 4492 gratiam

409 4507 598 4586 revelatum,
615 4510 734 4573 neniini
753 4511 885 4578 dubium
902 4522 959 4598 est,
977 4519 1055 4599 quin
1072 4526 1176 4584 totum
1198 4520 1285 4603 quod
1301 4521 1336 4584 in
1352 4541 1408 4585 sua
1425 4516 1523 4596 malig-

408 4615 512 4680 nitate.
529 4623 732 4700 conceperat,
748 4620 944 4702 perfecisset.
963 4625 1175 4710 Suggerebat,
1193 4629 1330 4694 eundem
1351 4630 1404 4693 ille
1431 4625 1499 4712 pres
1513 4661 1523 4673 ·
