<?xml version="1.0" encoding="UTF-8"?>
<!DOCTYPE html PUBLIC "-//W3C//DTD XHTML 1.0 Transitional//EN"
    "http://www.w3.org/TR/xhtml1/DTD/xhtml1-transitional.dtd">
<html xmlns="http://www.w3.org/1999/xhtml" xml:lang="en" lang="en">
 <head>
  <title>
</title>
<meta http-equiv="Content-Type" content="text/html;charset=utf-8" />
  <meta name='ocr-system' content='tesseract 3.04.00' />
  <meta name='ocr-capabilities' content='ocr_page ocr_carea ocr_par ocr_line ocrx_word'/>
</head>
<body>
  <div class='ocr_page' id='page_1' title='image "./magyardiplomacz00wenzgoog_0061.png"; bbox 0 0 3226 5258; ppageno 0'>
   <div class='ocr_carea' id='block_1_1' title="bbox 595 379 1204 444">
    <p class='ocr_par' dir='ltr' id='par_1_1' title="bbox 595 379 1204 444">
     <span class='ocr_line' id='line_1_1' title="bbox 595 379 1204 444; baseline -0.003 0"><span class='ocrx_word' id='word_1_1' title='bbox 595 381 691 444; x_wconf 83' lang='grc'><strong>1372.</strong></span> <span class='ocrx_word' id='word_1_2' title='bbox 1162 379 1204 444; x_wconf 86' lang='grc'>25</span> 
     </span>
    </p>
   </div>
   <div class='ocr_carea' id='block_1_2' title="bbox 84 555 1203 644">
    <p class='ocr_par' dir='ltr' id='par_1_2' title="bbox 84 555 1203 644">
     <span class='ocr_line' id='line_1_2' title="bbox 84 555 1203 644; baseline -0.004 -20"><span class='ocrx_word' id='word_1_3' title='bbox 84 561 171 626; x_wconf 89' lang='lat' dir='ltr'>oione</span> <span class='ocrx_word' id='word_1_4' title='bbox 199 559 442 644; x_wconf 88' lang='lat' dir='ltr'>prouidebimus</span> <span class='ocrx_word' id='word_1_5' title='bbox 473 557 513 623; x_wconf 93' lang='lat' dir='ltr'>de</span> <span class='ocrx_word' id='word_1_6' title='bbox 543 558 698 624; x_wconf 83' lang='lat' dir='ltr'>remediis</span> <span class='ocrx_word' id='word_1_7' title='bbox 728 557 951 640; x_wconf 89' lang='lat' dir='ltr'>oportunist</span> <span class='ocrx_word' id='word_1_8' title='bbox 920 555 981 620; x_wconf 92' lang='lat' dir='ltr'>st.b</span> <span class='ocrx_word' id='word_1_9' title='bbox 1013 555 1125 640; x_wconf 86' lang='grc'><strong>(1372.</strong></span> <span class='ocrx_word' id='word_1_10' title='bbox 1152 555 1203 622; x_wconf 87' lang='lat' dir='ltr'>die</span> 
     </span>
    </p>
   </div>
   <div class='ocr_carea' id='block_1_3' title="bbox 87 667 1120 844">
    <p class='ocr_par' dir='ltr' id='par_1_3' title="bbox 87 667 1120 844">
     <span class='ocr_line' id='line_1_3' title="bbox 87 667 238 734; baseline 0.028 -4"><span class='ocrx_word' id='word_1_11' title='bbox 87 670 132 733; x_wconf 75' lang='lat'>24.</span> <span class='ocrx_word' id='word_1_12' title='bbox 149 667 238 734; x_wconf 85' lang='lat' dir='ltr'>Man.</span> 
     </span>
     <span class='ocr_line' id='line_1_4' title="bbox 150 667 1120 844; baseline 0.001 -20"><span class='ocrx_word' id='word_1_13' title='bbox 150 776 183 836; x_wconf 84' lang='grc' dir='ltr'>(Δ</span> <span class='ocrx_word' id='word_1_14' title='bbox 197 667 306 828; x_wconf 72' lang='lat' dir='ltr'>›urbe‹</span> <span class='ocrx_word' id='word_1_15' title='bbox 322 776 411 828; x_wconf 83' lang='lat' dir='ltr'>czimtl</span> <span class='ocrx_word' id='word_1_16' title='bbox 424 777 563 829; x_wconf 81' lang='lat' dir='ltr'>velenczei</span> <span class='ocrx_word' id='word_1_17' title='bbox 578 777 808 844; x_wconf 74' lang='lat' dir='ltr'>tilamlrdnyvbol</span> <span class='ocrx_word' id='word_1_18' title='bbox 822 775 951 827; x_wconf 80' lang='lat' dir='ltr'>XXXIV.</span> <span class='ocrx_word' id='word_1_19' title='bbox 965 776 1023 826; x_wconf 77' lang='lat' dir='ltr'>ket.</span> <span class='ocrx_word' id='word_1_20' title='bbox 1038 781 1078 826; x_wconf 79' lang='grc'>19.</span> <span class='ocrx_word' id='word_1_21' title='bbox 1092 777 1120 838; x_wconf 85' lang='grc'>1.)</span> 
     </span>
    </p>
   </div>
   <div class='ocr_carea' id='block_1_4' title="bbox 614 1046 665 1111">
    <p class='ocr_par' dir='ltr' id='par_1_4' title="bbox 614 1046 665 1111">
     <span class='ocr_line' id='line_1_5' title="bbox 614 1046 665 1111; baseline -0.078 0"><span class='ocrx_word' id='word_1_22' title='bbox 614 1046 665 1111; x_wconf 85' lang='grc'>23.</span> 
     </span>
    </p>
   </div>
   <div class='ocr_carea' id='block_1_5' title="bbox 83 1207 1203 1512">
    <p class='ocr_par' dir='ltr' id='par_1_5' title="bbox 83 1207 1203 1512">
     <span class='ocr_line' id='line_1_6' title="bbox 83 1207 1203 1296; baseline 0.002 -26"><span class='ocrx_word' id='word_1_23' title='bbox 83 1207 217 1292; x_wconf 66' lang='lat' dir='ltr'>trajan</span> <span class='ocrx_word' id='word_1_24' title='bbox 232 1231 385 1296; x_wconf 74' lang='lat' dir='ltr'>moqyar·</span> <span class='ocrx_word' id='word_1_25' title='bbox 401 1211 435 1273; x_wconf 81' lang='lat' dir='ltr'>e&#39;s</span> <span class='ocrx_word' id='word_1_26' title='bbox 451 1209 573 1296; x_wconf 72' lang='lat' dir='ltr'>lengyel</span> <span class='ocrx_word' id='word_1_27' title='bbox 590 1209 774 1296; x_wconf 77' lang='lat' dir='ltr'>kirdlynak</span> <span class='ocrx_word' id='word_1_28' title='bbox 786 1209 843 1272; x_wconf 89' lang='lat' dir='ltr'>XI.</span> <span class='ocrx_word' id='word_1_29' title='bbox 854 1209 991 1295; x_wconf 80' lang='lat' dir='ltr'>Ger·9ely</span> <span class='ocrx_word' id='word_1_30' title='bbox 1002 1213 1105 1294; x_wconf 77' lang='lat' dir='ltr'>pcipe,</span> <span class='ocrx_word' id='word_1_31' title='bbox 1121 1211 1203 1296; x_wconf 71' lang='lat' dir='ltr'>boyy</span> 
     </span>
     <span class='ocr_line' id='line_1_7' title="bbox 84 1316 1203 1404; baseline 0.004 -28"><span class='ocrx_word' id='word_1_32' title='bbox 84 1316 263 1382; x_wconf 75' lang='lat' dir='ltr'>uerberari</span> <span class='ocrx_word' id='word_1_33' title='bbox 288 1317 498 1403; x_wconf 73' lang='lat' dir='ltr'>kiizta&#39;rsasdg</span> <span class='ocrx_word' id='word_1_34' title='bbox 524 1319 557 1382; x_wconf 84' lang='lat' dir='ltr'>e&#39;r</span> <span class='ocrx_word' id='word_1_35' title='bbox 583 1340 605 1384; x_wconf 80' lang='lat' dir='ltr'>a</span> <span class='ocrx_word' id='word_1_36' title='bbox 629 1318 759 1402; x_wconf 72' lang='lat' dir='ltr'>paderni</span> <span class='ocrx_word' id='word_1_37' title='bbox 765 1317 937 1404; x_wconf 77' lang='lat' dir='ltr'>fejedelom</span> <span class='ocrx_word' id='word_1_38' title='bbox 953 1317 1035 1382; x_wconf 77' lang='lat' dir='ltr'>kuzri</span> <span class='ocrx_word' id='word_1_39' title='bbox 1050 1317 1203 1402; x_wconf 82' lang='lat' dir='ltr'>differen-</span> 
     </span>
     <span class='ocr_line' id='line_1_8' title="bbox 381 1424 894 1512; baseline -0.008 -22"><span class='ocrx_word' id='word_1_40' title='bbox 381 1425 516 1490; x_wconf 71' lang='lat' dir='ltr'>aethan</span> <span class='ocrx_word' id='word_1_41' title='bbox 532 1424 774 1512; x_wconf 76' lang='lat' dir='ltr'>kdzbeojdrjcn.</span> <span class='ocrx_word' id='word_1_42' title='bbox 803 1427 863 1490; x_wconf 83' lang='lat'>137</span> <span class='ocrx_word' id='word_1_43' title='bbox 865 1425 894 1486; x_wconf 82' lang='lat'>2.</span> 
     </span>
    </p>
   </div>
   <div class='ocr_carea' id='block_1_6' title="bbox 28 1580 1201 3501">
    <p class='ocr_par' dir='ltr' id='par_1_6' title="bbox 28 1580 1201 3485">
     <span class='ocr_line' id='line_1_9' title="bbox 180 1580 1201 1670; baseline 0.001 -19"><span class='ocrx_word' id='word_1_44' title='bbox 180 1584 362 1670; x_wconf 83' lang='lat' dir='ltr'>Gregorius</span> <span class='ocrx_word' id='word_1_45' title='bbox 387 1585 571 1669; x_wconf 80' lang='lat' dir='ltr'>Episcopus</span> <span class='ocrx_word' id='word_1_46' title='bbox 592 1589 652 1651; x_wconf 88' lang='lat' dir='ltr'>etc.</span> <span class='ocrx_word' id='word_1_47' title='bbox 679 1586 847 1652; x_wconf 87' lang='lat' dir='ltr'>carissimo</span> <span class='ocrx_word' id='word_1_48' title='bbox 863 1586 896 1650; x_wconf 92' lang='lat' dir='ltr'>in</span> <span class='ocrx_word' id='word_1_49' title='bbox 912 1580 1035 1651; x_wconf 81' lang='lat' dir='ltr'>Christi</span> <span class='ocrx_word' id='word_1_50' title='bbox 1053 1583 1120 1651; x_wconf 88' lang='lat' dir='ltr'>filio</span> <span class='ocrx_word' id='word_1_51' title='bbox 1136 1586 1201 1652; x_wconf 87' lang='lat' dir='ltr'>Lu·</span> 
     </span>
     <span class='ocr_line' id='line_1_10' title="bbox 28 1691 1200 1778; baseline 0.001 -21"><span class='ocrx_word' id='word_1_52' title='bbox 28 1715 35 1752; x_wconf 61' lang='lat'>=.</span> <span class='ocrx_word' id='word_1_53' title='bbox 85 1692 185 1760; x_wconf 76' lang='lat' dir='ltr'>dorico</span> <span class='ocrx_word' id='word_1_54' title='bbox 211 1694 296 1777; x_wconf 83' lang='lat' dir='ltr'>Regi</span> <span class='ocrx_word' id='word_1_55' title='bbox 320 1691 469 1778; x_wconf 82' lang='lat' dir='ltr'>Vngarie</span> <span class='ocrx_word' id='word_1_56' title='bbox 494 1692 625 1774; x_wconf 80' lang='lat' dir='ltr'>illustri,</span> <span class='ocrx_word' id='word_1_57' title='bbox 650 1693 788 1760; x_wconf 87' lang='lat' dir='ltr'>salutem</span> <span class='ocrx_word' id='word_1_58' title='bbox 804 1700 863 1759; x_wconf 90' lang='lat' dir='ltr'>etc.</span> <span class='ocrx_word' id='word_1_59' title='bbox 880 1694 931 1760; x_wconf 91' lang='lat' dir='ltr'>De</span> <span class='ocrx_word' id='word_1_60' title='bbox 948 1693 1122 1774; x_wconf 83' lang='lat' dir='ltr'>discordia,</span> <span class='ocrx_word' id='word_1_61' title='bbox 1138 1715 1200 1778; x_wconf 88' lang='lat' dir='ltr'>que</span> 
     </span>
     <span class='ocr_line' id='line_1_11' title="bbox 28 1799 1200 1874; baseline 0.002 -10"><span class='ocrx_word' id='word_1_62' title='bbox 28 1811 29 1874; x_wconf 58' lang='grc' dir='ltr'>ζ</span> <span class='ocrx_word' id='word_1_63' title='bbox 84 1801 158 1866; x_wconf 85' lang='lat' dir='ltr'>inter</span> <span class='ocrx_word' id='word_1_64' title='bbox 189 1801 325 1868; x_wconf 88' lang='lat' dir='ltr'>dilectos</span> <span class='ocrx_word' id='word_1_65' title='bbox 350 1801 434 1867; x_wconf 90' lang='lat' dir='ltr'>filios</span> <span class='ocrx_word' id='word_1_66' title='bbox 459 1799 600 1867; x_wconf 89' lang='lat' dir='ltr'>nobilem</span> <span class='ocrx_word' id='word_1_67' title='bbox 624 1802 729 1868; x_wconf 89' lang='lat' dir='ltr'>virum</span> <span class='ocrx_word' id='word_1_68' title='bbox 746 1850 754 1865; x_wconf 90' lang='lat'><strong>.</strong></span> <span class='ocrx_word' id='word_1_69' title='bbox 771 1848 778 1864; x_wconf 92' lang='lat'><strong>.</strong></span> <span class='ocrx_word' id='word_1_70' title='bbox 794 1850 801 1866; x_wconf 88' lang='lat'><strong>.</strong></span> <span class='ocrx_word' id='word_1_71' title='bbox 818 1799 942 1867; x_wconf 84' lang='lat' dir='ltr'>Ducem</span> <span class='ocrx_word' id='word_1_72' title='bbox 967 1807 1000 1866; x_wconf 90' lang='lat' dir='ltr'>et</span> <span class='ocrx_word' id='word_1_73' title='bbox 1025 1799 1200 1867; x_wconf 78' lang='lat' dir='ltr'>Commune</span> 
     </span>
     <span class='ocr_line' id='line_1_12' title="bbox 28 1905 1201 1993; baseline -0.001 -19"><span class='ocrx_word' id='word_1_74' title='bbox 28 1971 29 1974; x_wconf 74' lang='grc'>,</span> <span class='ocrx_word' id='word_1_75' title='bbox 85 1905 290 1974; x_wconf 83' lang='lat' dir='ltr'>Veneciarum</span> <span class='ocrx_word' id='word_1_76' title='bbox 315 1931 355 1974; x_wconf 86' lang='lat' dir='ltr'>ex</span> <span class='ocrx_word' id='word_1_77' title='bbox 379 1930 444 1974; x_wconf 89' lang='lat' dir='ltr'>una</span> <span class='ocrx_word' id='word_1_78' title='bbox 468 1914 573 1993; x_wconf 88' lang='lat' dir='ltr'>parte,</span> <span class='ocrx_word' id='word_1_79' title='bbox 589 1929 628 1975; x_wconf 87' lang='lat' dir='ltr'>ac</span> <span class='ocrx_word' id='word_1_80' title='bbox 643 1908 858 1976; x_wconf 82' lang='lat' dir='ltr'>Franciscum</span> <span class='ocrx_word' id='word_1_81' title='bbox 874 1909 914 1974; x_wconf 91' lang='lat' dir='ltr'>de</span> <span class='ocrx_word' id='word_1_82' title='bbox 930 1907 1089 1976; x_wconf 84' lang='lat' dir='ltr'>Carraria</span> <span class='ocrx_word' id='word_1_83' title='bbox 1113 1909 1201 1975; x_wconf 87' lang='lat' dir='ltr'>Mili·</span> 
     </span>
     <span class='ocr_line' id='line_1_13' title="bbox 28 2014 1201 2100; baseline 0.003 -22"><span class='ocrx_word' id='word_1_84' title='bbox 28 2021 29 2030; x_wconf 78' lang='grc'>’</span> <span class='ocrx_word' id='word_1_85' title='bbox 86 2020 151 2098; x_wconf 84' lang='lat' dir='ltr'>tem,</span> <span class='ocrx_word' id='word_1_86' title='bbox 165 2017 199 2081; x_wconf 93' lang='lat' dir='ltr'>in</span> <span class='ocrx_word' id='word_1_87' title='bbox 215 2015 357 2083; x_wconf 72' lang='lat' dir='ltr'>Ciuitate</span> <span class='ocrx_word' id='word_1_88' title='bbox 373 2015 533 2083; x_wconf 83' lang='lat' dir='ltr'>Paduana</span> <span class='ocrx_word' id='word_1_89' title='bbox 558 2016 765 2100; x_wconf 88' lang='lat' dir='ltr'>Imperialem</span> <span class='ocrx_word' id='word_1_90' title='bbox 791 2014 959 2082; x_wconf 89' lang='lat' dir='ltr'>Vioarium</span> <span class='ocrx_word' id='word_1_91' title='bbox 975 2038 1014 2082; x_wconf 84' lang='lat' dir='ltr'>ex</span> <span class='ocrx_word' id='word_1_92' title='bbox 1030 2017 1136 2083; x_wconf 86' lang='lat' dir='ltr'>altera</span> <span class='ocrx_word' id='word_1_93' title='bbox 1152 2024 1201 2084; x_wconf 94' lang='lat' dir='ltr'>est</span> 
     </span>
     <span class='ocr_line' id='line_1_14' title="bbox 28 2122 1199 2210; baseline 0.003 -24"><span class='ocrx_word' id='word_1_94' title='bbox 28 2181 30 2184; x_wconf 92' lang='lat'>.</span> <span class='ocrx_word' id='word_1_95' title='bbox 85 2131 196 2210; x_wconf 83' lang='lat' dir='ltr'>exorto,</span> <span class='ocrx_word' id='word_1_96' title='bbox 210 2146 269 2208; x_wconf 92' lang='lat' dir='ltr'>pro</span> <span class='ocrx_word' id='word_1_97' title='bbox 286 2145 424 2208; x_wconf 89' lang='lat' dir='ltr'>quorum</span> <span class='ocrx_word' id='word_1_98' title='bbox 440 2122 594 2192; x_wconf 85' lang='lat' dir='ltr'>facienda</span> <span class='ocrx_word' id='word_1_99' title='bbox 609 2124 784 2191; x_wconf 89' lang='lat' dir='ltr'>concordia</span> <span class='ocrx_word' id='word_1_100' title='bbox 798 2145 858 2207; x_wconf 86' lang='lat' dir='ltr'>per</span> <span class='ocrx_word' id='word_1_101' title='bbox 873 2131 1018 2190; x_wconf 89' lang='lat' dir='ltr'>nostrum</span> <span class='ocrx_word' id='word_1_102' title='bbox 1036 2123 1199 2190; x_wconf 87' lang='lat' dir='ltr'>Nuncium</span> 
     </span>
     <span class='ocr_line' id='line_1_15' title="bbox 28 2229 1200 2316; baseline 0 -20"><span class='ocrx_word' id='word_1_103' title='bbox 28 2229 30 2286; x_wconf 71' lang='grc' dir='ltr'><em>ῗ</em></span> <span class='ocrx_word' id='word_1_104' title='bbox 85 2239 184 2314; x_wconf 85' lang='lat' dir='ltr'>portes</span> <span class='ocrx_word' id='word_1_105' title='bbox 199 2239 309 2300; x_wconf 86' lang='lat' dir='ltr'>nostre</span> <span class='ocrx_word' id='word_1_106' title='bbox 325 2232 553 2299; x_wconf 82' lang='lat' dir='ltr'>sollicitudinis</span> <span class='ocrx_word' id='word_1_107' title='bbox 568 2230 769 2316; x_wconf 78' lang='lat' dir='ltr'>adhibemus,</span> <span class='ocrx_word' id='word_1_108' title='bbox 785 2253 857 2296; x_wconf 91' lang='lat' dir='ltr'>cum</span> <span class='ocrx_word' id='word_1_109' title='bbox 872 2231 945 2316; x_wconf 86' lang='lat' dir='ltr'>ipsa</span> <span class='ocrx_word' id='word_1_110' title='bbox 960 2232 1123 2299; x_wconf 88' lang='lat' dir='ltr'>discordia</span> <span class='ocrx_word' id='word_1_111' title='bbox 1132 2253 1200 2297; x_wconf 84' lang='lat' dir='ltr'>ver-</span> 
     </span>
     <span class='ocr_line' id='line_1_16' title="bbox 28 2338 1200 2426; baseline -0.002 -20"><span class='ocrx_word' id='word_1_112' title='bbox 28 2389 29 2406; x_wconf 56' lang='lat'>,</span> <span class='ocrx_word' id='word_1_113' title='bbox 86 2359 153 2421; x_wconf 87' lang='lat' dir='ltr'>gere</span> <span class='ocrx_word' id='word_1_114' title='bbox 174 2342 278 2426; x_wconf 79' lang='lat' dir='ltr'>possit</span> <span class='ocrx_word' id='word_1_115' title='bbox 304 2341 337 2405; x_wconf 93' lang='lat' dir='ltr'>in</span> <span class='ocrx_word' id='word_1_116' title='bbox 363 2339 487 2425; x_wconf 89' lang='lat' dir='ltr'>grande</span> <span class='ocrx_word' id='word_1_117' title='bbox 511 2340 659 2406; x_wconf 87' lang='lat' dir='ltr'>Romane</span> <span class='ocrx_word' id='word_1_118' title='bbox 688 2338 834 2405; x_wconf 81' lang='lat' dir='ltr'>Ecclesie</span> <span class='ocrx_word' id='word_1_119' title='bbox 851 2345 884 2405; x_wconf 91' lang='lat' dir='ltr'>et</span> <span class='ocrx_word' id='word_1_120' title='bbox 900 2339 1078 2425; x_wconf 84' lang='lat' dir='ltr'>reipublice</span> <span class='ocrx_word' id='word_1_121' title='bbox 1102 2340 1200 2406; x_wconf 90' lang='lat' dir='ltr'>detri-</span> 
     </span>
     <span class='ocr_line' id='line_1_17' title="bbox 28 2431 1200 2533; baseline 0.001 -22"><span class='ocrx_word' id='word_1_122' title='bbox 28 2471 29 2474; x_wconf 52' lang='grc'><strong>“</strong></span> <span class='ocrx_word' id='word_1_123' title='bbox 85 2456 225 2532; x_wconf 89' lang='lat' dir='ltr'>mentum,</span> <span class='ocrx_word' id='word_1_124' title='bbox 240 2448 385 2516; x_wconf 85' lang='lat' dir='ltr'>dolentes</span> <span class='ocrx_word' id='word_1_125' title='bbox 401 2431 688 2533; x_wconf 85' lang='lat' dir='ltr'>quamplurimum</span> <span class='ocrx_word' id='word_1_126' title='bbox 712 2446 869 2514; x_wconf 87' lang='lat' dir='ltr'>materias</span> <span class='ocrx_word' id='word_1_127' title='bbox 884 2447 1004 2513; x_wconf 86' lang='lat' dir='ltr'>fomitis</span> <span class='ocrx_word' id='word_1_128' title='bbox 1020 2449 1122 2532; x_wconf 88' lang='lat' dir='ltr'>ipsius</span> <span class='ocrx_word' id='word_1_129' title='bbox 1139 2448 1200 2513; x_wconf 86' lang='lat' dir='ltr'>dis·</span> 
     </span>
     <span class='ocr_line' id='line_1_18' title="bbox 85 2553 1199 2640; baseline 0.003 -20.805"><span class='ocrx_word' id='word_1_130' title='bbox 85 2555 191 2637; x_wconf 86' lang='lat' dir='ltr'>cordio,</span> <span class='ocrx_word' id='word_1_131' title='bbox 215 2556 299 2622; x_wconf 85' lang='lat' dir='ltr'>inter</span> <span class='ocrx_word' id='word_1_132' title='bbox 325 2577 406 2640; x_wconf 86' lang='lat' dir='ltr'>quas</span> <span class='ocrx_word' id='word_1_133' title='bbox 431 2561 525 2636; x_wconf 90' lang='lat' dir='ltr'>esset,</span> <span class='ocrx_word' id='word_1_134' title='bbox 542 2555 569 2622; x_wconf 91' lang='lat' dir='ltr'>si</span> <span class='ocrx_word' id='word_1_135' title='bbox 585 2554 697 2622; x_wconf 88' lang='lat' dir='ltr'>dilecti</span> <span class='ocrx_word' id='word_1_136' title='bbox 722 2555 779 2621; x_wconf 90' lang='lat' dir='ltr'>filii</span> <span class='ocrx_word' id='word_1_137' title='bbox 797 2554 919 2622; x_wconf 91' lang='lat' dir='ltr'>nobiles</span> <span class='ocrx_word' id='word_1_138' title='bbox 940 2553 1002 2620; x_wconf 82' lang='lat' dir='ltr'>viri</span> <span class='ocrx_word' id='word_1_139' title='bbox 1018 2606 1025 2621; x_wconf 93' lang='lat'><strong>.</strong></span> <span class='ocrx_word' id='word_1_140' title='bbox 1042 2606 1049 2621; x_wconf 93' lang='lat'><strong>.</strong></span> <span class='ocrx_word' id='word_1_141' title='bbox 1066 2605 1073 2620; x_wconf 93' lang='lat'><strong><em>.</em></strong></span> <span class='ocrx_word' id='word_1_142' title='bbox 1089 2554 1199 2623; x_wconf 82' lang='lat' dir='ltr'>Duces</span> 
     </span>
     <span class='ocr_line' id='line_1_19' title="bbox 28 2658 1199 2748; baseline 0.004 -22"><span class='ocrx_word' id='word_1_143' title='bbox 28 2659 30 2668; x_wconf 60' lang='lat'>‘</span> <span class='ocrx_word' id='word_1_144' title='bbox 84 2658 217 2744; x_wconf 82' lang='lat' dir='ltr'>Austris,</span> <span class='ocrx_word' id='word_1_145' title='bbox 233 2669 267 2729; x_wconf 90' lang='lat' dir='ltr'>et</span> <span class='ocrx_word' id='word_1_146' title='bbox 283 2660 553 2748; x_wconf 85' lang='lat' dir='ltr'>Canissegnorius</span> <span class='ocrx_word' id='word_1_147' title='bbox 568 2661 607 2728; x_wconf 92' lang='lat' dir='ltr'>de</span> <span class='ocrx_word' id='word_1_148' title='bbox 623 2663 657 2728; x_wconf 92' lang='lat' dir='ltr'>la</span> <span class='ocrx_word' id='word_1_149' title='bbox 674 2661 772 2730; x_wconf 84' lang='lat' dir='ltr'>Scala</span> <span class='ocrx_word' id='word_1_150' title='bbox 783 2684 816 2729; x_wconf 91' lang='lat' dir='ltr'>se</span> <span class='ocrx_word' id='word_1_151' title='bbox 826 2669 941 2729; x_wconf 86' lang='lat' dir='ltr'>contra</span> <span class='ocrx_word' id='word_1_152' title='bbox 956 2663 1078 2730; x_wconf 90' lang='lat' dir='ltr'>dictum</span> <span class='ocrx_word' id='word_1_153' title='bbox 1094 2664 1199 2731; x_wconf 87' lang='lat' dir='ltr'>Fran-</span> 
     </span>
     <span class='ocr_line' id='line_1_20' title="bbox 29 2749 1197 2856; baseline 0.003 -22"><span class='ocrx_word' id='word_1_154' title='bbox 29 2749 31 2822; x_wconf 59' lang='grc' dir='ltr'><strong><em>ῗ</em></strong></span> <span class='ocrx_word' id='word_1_155' title='bbox 85 2772 194 2836; x_wconf 87' lang='lat' dir='ltr'>eiscnm</span> <span class='ocrx_word' id='word_1_156' title='bbox 217 2793 289 2838; x_wconf 91' lang='lat' dir='ltr'>oum</span> <span class='ocrx_word' id='word_1_157' title='bbox 314 2769 437 2838; x_wconf 87' lang='lat' dir='ltr'>eisdem</span> <span class='ocrx_word' id='word_1_158' title='bbox 461 2770 597 2838; x_wconf 91' lang='lat' dir='ltr'>Venetis</span> <span class='ocrx_word' id='word_1_159' title='bbox 622 2769 823 2854; x_wconf 86' lang='lat' dir='ltr'>colligarent,</span> <span class='ocrx_word' id='word_1_160' title='bbox 849 2771 994 2856; x_wconf 89' lang='lat' dir='ltr'>cupimus</span> <span class='ocrx_word' id='word_1_161' title='bbox 1019 2779 1197 2856; x_wconf 86' lang='lat' dir='ltr'>amputare.</span> 
     </span>
     <span class='ocr_line' id='line_1_21' title="bbox 29 2875 1198 2966; baseline 0.005 -26"><span class='ocrx_word' id='word_1_162' title='bbox 29 2907 31 2940; x_wconf 72' lang='grc' dir='ltr'><strong>ι</strong></span> <span class='ocrx_word' id='word_1_163' title='bbox 83 2875 215 2963; x_wconf 88' lang='lat' dir='ltr'>Ideoque</span> <span class='ocrx_word' id='word_1_164' title='bbox 240 2877 460 2945; x_wconf 70' lang='lat' dir='ltr'>serenitatem</span> <span class='ocrx_word' id='word_1_165' title='bbox 484 2877 599 2958; x_wconf 78' lang='lat' dir='ltr'>Tuam,</span> <span class='ocrx_word' id='word_1_166' title='bbox 625 2897 725 2962; x_wconf 89' lang='lat' dir='ltr'>quam</span> <span class='ocrx_word' id='word_1_167' title='bbox 750 2878 795 2944; x_wconf 86' lang='lat' dir='ltr'>ad</span> <span class='ocrx_word' id='word_1_168' title='bbox 819 2877 880 2945; x_wconf 92' lang='lat' dir='ltr'>hoc</span> <span class='ocrx_word' id='word_1_169' title='bbox 900 2880 1074 2948; x_wconf 84' lang='lat' dir='ltr'>valituram</span> <span class='ocrx_word' id='word_1_170' title='bbox 1091 2903 1198 2966; x_wconf 89' lang='lat' dir='ltr'>spera·</span> 
     </span>
     <span class='ocr_line' id='line_1_22' title="bbox 83 2986 1198 3072; baseline 0.004 -22"><span class='ocrx_word' id='word_1_171' title='bbox 83 3007 155 3068; x_wconf 87' lang='lat' dir='ltr'>mus,</span> <span class='ocrx_word' id='word_1_172' title='bbox 170 3008 337 3072; x_wconf 81' lang='lat' dir='ltr'>precamur</span> <span class='ocrx_word' id='word_1_173' title='bbox 352 2993 487 3069; x_wconf 89' lang='lat' dir='ltr'>attente,</span> <span class='ocrx_word' id='word_1_174' title='bbox 503 2994 662 3072; x_wconf 87' lang='lat' dir='ltr'>quatenus</span> <span class='ocrx_word' id='word_1_175' title='bbox 678 3008 716 3053; x_wconf 91' lang='lat' dir='ltr'>eo</span> <span class='ocrx_word' id='word_1_176' title='bbox 732 2986 829 3054; x_wconf 90' lang='lat' dir='ltr'>modo</span> <span class='ocrx_word' id='word_1_177' title='bbox 845 3008 910 3072; x_wconf 88' lang='lat' dir='ltr'>quo</span> <span class='ocrx_word' id='word_1_178' title='bbox 927 2988 1049 3072; x_wconf 89' lang='lat' dir='ltr'>deceat,</span> <span class='ocrx_word' id='word_1_179' title='bbox 1065 2989 1198 3056; x_wconf 89' lang='lat' dir='ltr'>studeas</span> 
     </span>
     <span class='ocr_line' id='line_1_23' title="bbox 83 3093 1197 3180; baseline 0.003 -23"><span class='ocrx_word' id='word_1_180' title='bbox 83 3094 288 3180; x_wconf 85' lang='lat' dir='ltr'>cumpreiatis</span> <span class='ocrx_word' id='word_1_181' title='bbox 299 3094 446 3162; x_wconf 91' lang='lat' dir='ltr'>Ducibus</span> <span class='ocrx_word' id='word_1_182' title='bbox 464 3099 498 3160; x_wconf 91' lang='lat' dir='ltr'>et</span> <span class='ocrx_word' id='word_1_183' title='bbox 519 3093 760 3180; x_wconf 88' lang='lat' dir='ltr'>Canesegnorio</span> <span class='ocrx_word' id='word_1_184' title='bbox 771 3094 910 3178; x_wconf 89' lang='lat' dir='ltr'>operari,</span> <span class='ocrx_word' id='word_1_185' title='bbox 922 3097 1009 3180; x_wconf 88' lang='lat' dir='ltr'>quod</span> <span class='ocrx_word' id='word_1_186' title='bbox 1021 3117 1080 3162; x_wconf 88' lang='lat' dir='ltr'>sua</span> <span class='ocrx_word' id='word_1_187' title='bbox 1090 3098 1197 3180; x_wconf 89' lang='lat' dir='ltr'>quiete</span> 
     </span>
     <span class='ocr_line' id='line_1_24' title="bbox 30 3200 1197 3294; baseline 0.001 -28"><span class='ocrx_word' id='word_1_188' title='bbox 30 3291 31 3294; x_wconf 8' lang='grc' dir='ltr'><strong>Ἴ</strong></span> <span class='ocrx_word' id='word_1_189' title='bbox 72 3203 237 3286; x_wconf 83' lang='lat' dir='ltr'>potientes,</span> <span class='ocrx_word' id='word_1_190' title='bbox 253 3209 286 3268; x_wconf 89' lang='lat' dir='ltr'>et</span> <span class='ocrx_word' id='word_1_191' title='bbox 301 3201 473 3268; x_wconf 89' lang='lat' dir='ltr'>materiam</span> <span class='ocrx_word' id='word_1_192' title='bbox 498 3200 702 3268; x_wconf 87' lang='lat' dir='ltr'>difficultatis</span> <span class='ocrx_word' id='word_1_193' title='bbox 717 3202 862 3286; x_wconf 87' lang='lat' dir='ltr'>predicte</span> <span class='ocrx_word' id='word_1_194' title='bbox 878 3202 1048 3270; x_wconf 88' lang='lat' dir='ltr'>concordie</span> <span class='ocrx_word' id='word_1_195' title='bbox 1065 3223 1197 3286; x_wconf 90' lang='lat' dir='ltr'>quomo-</span> 
     </span>
     <span class='ocr_line' id='line_1_25' title="bbox 30 3297 1196 3393; baseline 0.003 -23"><span class='ocrx_word' id='word_1_196' title='bbox 30 3297 31 3301; x_wconf 30' lang='lat'><em>*</em></span> <span class='ocrx_word' id='word_1_197' title='bbox 83 3305 195 3375; x_wconf 93' lang='lat' dir='ltr'>dolibet</span> <span class='ocrx_word' id='word_1_198' title='bbox 224 3330 290 3374; x_wconf 91' lang='lat' dir='ltr'>non</span> <span class='ocrx_word' id='word_1_199' title='bbox 306 3307 489 3392; x_wconf 87' lang='lat' dir='ltr'>prebentes,</span> <span class='ocrx_word' id='word_1_200' title='bbox 505 3308 607 3374; x_wconf 85' lang='lat' dir='ltr'>velint</span> <span class='ocrx_word' id='word_1_201' title='bbox 622 3305 757 3393; x_wconf 87' lang='lat' dir='ltr'>abipsa</span> <span class='ocrx_word' id='word_1_202' title='bbox 769 3309 976 3392; x_wconf 86' lang='lat' dir='ltr'>colligatione</span> <span class='ocrx_word' id='word_1_203' title='bbox 995 3309 1085 3393; x_wconf 90' lang='lat' dir='ltr'>penit</span> <span class='ocrx_word' id='word_1_204' title='bbox 1087 3330 1125 3374; x_wconf 92' lang='lat' dir='ltr'>us</span> <span class='ocrx_word' id='word_1_205' title='bbox 1072 3307 1196 3375; x_wconf 90' lang='lat' dir='ltr'>tab-</span> 
     </span>
     <span class='ocr_line' id='line_1_26' title="bbox 31 3413 1195 3501; baseline 0.009 -27"><span class='ocrx_word' id='word_1_206' title='bbox 31 3469 32 3474; x_wconf 75' lang='grc'>,</span> <span class='ocrx_word' id='word_1_207' title='bbox 83 3413 200 3483; x_wconf 88' lang='lat' dir='ltr'>stinere.</span> <span class='ocrx_word' id='word_1_208' title='bbox 224 3416 350 3484; x_wconf 88' lang='lat' dir='ltr'>Datum</span> <span class='ocrx_word' id='word_1_209' title='bbox 376 3415 540 3483; x_wconf 85' lang='lat' dir='ltr'>Avinione</span> <span class='ocrx_word' id='word_1_210' title='bbox 565 3413 606 3484; x_wconf 88' lang='lat' dir='ltr'>V.</span> <span class='ocrx_word' id='word_1_211' title='bbox 623 3416 782 3484; x_wconf 84' lang='lat' dir='ltr'>kalendas</span> <span class='ocrx_word' id='word_1_212' title='bbox 798 3415 893 3501; x_wconf 88' lang='lat' dir='ltr'>Julii,</span> <span class='ocrx_word' id='word_1_213' title='bbox 908 3417 1124 3485; x_wconf 89' lang='lat' dir='ltr'>Pontificatus</span> <span class='ocrx_word' id='word_1_214' title='bbox 1140 3440 1195 3484; x_wconf 92' lang='lat' dir='ltr'>no·</span> 
     </span>
    </p>
   </div>
   <div class='ocr_carea' id='block_1_7' title="bbox 32 3521 873 3702">
    <p class='ocr_par' dir='ltr' id='par_1_7' title="bbox 31 3515 873 3702">
     <span class='ocr_line' id='line_1_27' title="bbox 82 3521 398 3592; baseline 0.025 -7.718"><span class='ocrx_word' id='word_1_215' title='bbox 82 3521 136 3586; x_wconf 79' lang='lat' dir='ltr'>stri</span> <span class='ocrx_word' id='word_1_216' title='bbox 151 3543 229 3592; x_wconf 84' lang='lat' dir='ltr'>anno</span> <span class='ocrx_word' id='word_1_217' title='bbox 246 3523 398 3592; x_wconf 87' lang='lat' dir='ltr'>secundo.</span> 
     </span>
     <span class='ocr_line' id='line_1_28' title="bbox 32 3633 873 3702; baseline 0.008 -22"><span class='ocrx_word' id='word_1_218' title='bbox 32 3649 33 3656; x_wconf 47' lang='lat'>¹</span> <span class='ocrx_word' id='word_1_219' title='bbox 393 3635 454 3693; x_wconf 77' lang='lat' dir='ltr'>(xl</span> <span class='ocrx_word' id='word_1_220' title='bbox 467 3633 587 3701; x_wconf 84' lang='lat' dir='ltr'>Gergely</span> <span class='ocrx_word' id='word_1_221' title='bbox 600 3635 672 3702; x_wconf 73' lang='lat' dir='ltr'>papa</span> <span class='ocrx_word' id='word_1_222' title='bbox 685 3649 763 3701; x_wconf 83' lang='lat' dir='ltr'>reges</span> <span class='ocrx_word' id='word_1_223' title='bbox 765 3635 873 3698; x_wconf 75' lang='lat' dir='ltr'>tstibdl.)</span> 
     </span>
    </p>
   </div>
   <div class='ocr_carea' id='block_1_8' title="bbox 605 3926 657 3990">
    <p class='ocr_par' dir='ltr' id='par_1_8' title="bbox 605 3926 657 3990">
     <span class='ocr_line' id='line_1_29' title="bbox 605 3926 657 3990; baseline 0 -1"><span class='ocrx_word' id='word_1_224' title='bbox 605 3926 657 3990; x_wconf 79' lang='grc'>24.</span> 
     </span>
    </p>
   </div>
   <div class='ocr_carea' id='block_1_9' title="bbox 33 4079 1195 4392">
    <p class='ocr_par' dir='ltr' id='par_1_9' title="bbox 33 4079 1195 4392">
     <span class='ocr_line' id='line_1_30' title="bbox 33 4079 1195 4174; baseline 0.004 -29"><span class='ocrx_word' id='word_1_225' title='bbox 33 4137 34 4140; x_wconf 67' lang='grc'>,</span> <span class='ocrx_word' id='word_1_226' title='bbox 82 4079 106 4142; x_wconf 82' lang='grc' dir='ltr'>Ι.</span> <span class='ocrx_word' id='word_1_227' title='bbox 123 4081 209 4168; x_wconf 72' lang='lat' dir='ltr'>Lcybr</span> <span class='ocrx_word' id='word_1_228' title='bbox 234 4107 375 4172; x_wconf 73' lang='lat' dir='ltr'>magyar</span> <span class='ocrx_word' id='word_1_229' title='bbox 399 4086 432 4150; x_wconf 73' lang='grc' dir='ltr'>έε</span> <span class='ocrx_word' id='word_1_230' title='bbox 456 4086 581 4173; x_wconf 71' lang='lat' dir='ltr'>lengycl</span> <span class='ocrx_word' id='word_1_231' title='bbox 607 4087 788 4174; x_wconf 80' lang='lat' dir='ltr'>kirdtyook</span> <span class='ocrx_word' id='word_1_232' title='bbox 806 4087 867 4152; x_wconf 82' lang='grc' dir='ltr'>ΧΙ.</span> <span class='ocrx_word' id='word_1_233' title='bbox 887 4085 1023 4174; x_wconf 74' lang='lat' dir='ltr'>Gerydp</span> <span class='ocrx_word' id='word_1_234' title='bbox 1035 4091 1139 4173; x_wconf 83' lang='lat' dir='ltr'>pdpa,</span> <span class='ocrx_word' id='word_1_235' title='bbox 1156 4109 1195 4151; x_wconf 79' lang='lat' dir='ltr'>cz</span> 
     </span>
     <span class='ocr_line' id='line_1_31' title="bbox 82 4193 1195 4282; baseline 0.008 -32.62"><span class='ocrx_word' id='word_1_236' title='bbox 82 4194 228 4257; x_wconf 63' lang='lat' dir='ltr'>commui</span> <span class='ocrx_word' id='word_1_237' title='bbox 243 4194 371 4280; x_wconf 76' lang='lat' dir='ltr'>berceep</span> <span class='ocrx_word' id='word_1_238' title='bbox 386 4193 419 4258; x_wconf 66' lang='lat' dir='ltr'>te</span> <span class='ocrx_word' id='word_1_239' title='bbox 434 4217 474 4260; x_wconf 82' lang='lat' dir='ltr'>az</span> <span class='ocrx_word' id='word_1_240' title='bbox 484 4193 647 4279; x_wconf 79' lang='lat' dir='ltr'>aquilejai</span> <span class='ocrx_word' id='word_1_241' title='bbox 660 4195 842 4280; x_wconf 82' lang='lat' dir='ltr'>patriorka</span> <span class='ocrx_word' id='word_1_242' title='bbox 859 4193 942 4260; x_wconf 67' lang='lat' dir='ltr'>tosti</span> <span class='ocrx_word' id='word_1_243' title='bbox 949 4193 1195 4282; x_wconf 70' lang='lat' dir='ltr'>seqyomattnet</span> 
     </span>
     <span class='ocr_line' id='line_1_32' title="bbox 496 4305 765 4392; baseline -0.008 -22"><span class='ocrx_word' id='word_1_244' title='bbox 496 4305 765 4392; x_wconf 73' lang='lat' dir='ltr'>iigydbcn.1372.</span> 
     </span>
    </p>
   </div>
   <div class='ocr_carea' id='block_1_10' title="bbox 34 4460 1195 4656">
    <p class='ocr_par' dir='ltr' id='par_1_10' title="bbox 84 4460 1194 4656">
     <span class='ocr_line' id='line_1_33' title="bbox 178 4460 1194 4550; baseline 0.003 -22"><span class='ocrx_word' id='word_1_245' title='bbox 178 4460 359 4548; x_wconf 81' lang='lat' dir='ltr'>Gregorius</span> <span class='ocrx_word' id='word_1_246' title='bbox 374 4465 559 4550; x_wconf 81' lang='lat' dir='ltr'>Episcopus</span> <span class='ocrx_word' id='word_1_247' title='bbox 585 4471 645 4532; x_wconf 82' lang='lat' dir='ltr'>etc</span> <span class='ocrx_word' id='word_1_248' title='bbox 661 4465 829 4531; x_wconf 88' lang='lat' dir='ltr'>carissimo</span> <span class='ocrx_word' id='word_1_249' title='bbox 844 4467 877 4530; x_wconf 92' lang='lat' dir='ltr'>in</span> <span class='ocrx_word' id='word_1_250' title='bbox 895 4461 1028 4529; x_wconf 87' lang='lat' dir='ltr'>Christo</span> <span class='ocrx_word' id='word_1_251' title='bbox 1045 4465 1112 4530; x_wconf 84' lang='lat' dir='ltr'>tilio</span> <span class='ocrx_word' id='word_1_252' title='bbox 1128 4465 1194 4531; x_wconf 83' lang='lat' dir='ltr'>Lu-</span> 
     </span>
     <span class='ocr_line' id='line_1_34' title="bbox 34 4537 1195 4656; baseline 0.012 -30.593"><span class='ocrx_word' id='word_1_253' title='bbox 34 4537 185 4636; x_wconf 82' lang='lat' dir='ltr'>dorico</span> <span class='ocrx_word' id='word_1_254' title='bbox 199 4567 282 4656; x_wconf 82' lang='lat' dir='ltr'>Regi</span> <span class='ocrx_word' id='word_1_255' title='bbox 306 4569 456 4656; x_wconf 82' lang='lat' dir='ltr'>Vagarie</span> <span class='ocrx_word' id='word_1_256' title='bbox 481 4571 602 4640; x_wconf 89' lang='lat' dir='ltr'>illustri</span> <span class='ocrx_word' id='word_1_257' title='bbox 629 4571 767 4639; x_wconf 88' lang='lat' dir='ltr'>salutem</span> <span class='ocrx_word' id='word_1_258' title='bbox 785 4577 844 4637; x_wconf 90' lang='lat' dir='ltr'>etc.</span> <span class='ocrx_word' id='word_1_259' title='bbox 864 4568 956 4653; x_wconf 89' lang='lat' dir='ltr'>Cum,</span> <span class='ocrx_word' id='word_1_260' title='bbox 972 4572 1055 4638; x_wconf 90' lang='lat' dir='ltr'>sicut</span> <span class='ocrx_word' id='word_1_261' title='bbox 1071 4573 1195 4640; x_wconf 87' lang='lat' dir='ltr'>audivi·</span> 
     </span>
    </p>
   </div>
   <div class='ocr_carea' id='block_1_11' title="bbox 0 0 1618 5258">
    <p class='ocr_par' dir='ltr' id='par_1_11' title="bbox 0 0 1618 5258">
     <span class='ocr_line' id='line_1_35' title="bbox 0 0 1618 5258; baseline 0 0"><span class='ocrx_word' id='word_1_262' title='bbox 0 0 1618 5258; x_wconf 95' lang='lat' dir='ltr'> </span> 
     </span>
    </p>
   </div>
  </div>
 </body>
</html>
