3226 5258
599 413 695 477 1372.
1168 413 1208 478 41

13 659 14 666 χ
98 590 133 655 sie
154 591 275 655 ruitate
300 589 430 670 divisos,
456 611 555 672 esque
582 613 682 674 prope
710 589 787 654 lines
813 589 891 654 dieti
917 589 1024 672 Regni
1042 589 1159 655 Raeoie
1177 613 1215 656 ao

13 731 14 734 ¹
99 698 233 782 Albanis,
258 721 298 764 ac
323 697 535 782 Principatus
561 697 689 764 Achaia
705 705 738 762 et
755 697 903 764 Ducatus
928 693 1144 776 Athenarum,
1160 720 1216 764 sue

13 839 14 844 κ
98 807 214 889 perfidie
230 827 290 887 per
306 827 473 870 armorum
498 805 681 888 potenciam
708 804 935 887 subiugarnnt,
949 809 982 868 et
997 809 1108 868 tenent
1123 803 1215 868 estri-

99 917 154 976 ctos
167 911 225 978 snb
244 933 305 976 sue
328 911 505 976 miserabili
534 913 706 992 servitute;
729 918 761 976 et
777 920 845 976 tam
861 915 1010 995 potenter
1025 916 1156 992 tamque
1173 910 1215 975 le·

100 1019 202 1084 rociter
217 1019 303 1083 alies
328 1025 439 1102 partes
464 1015 727 1084 Christianorum
744 1018 895 1084 obsident
911 1024 943 1081 et
958 1019 1163 1102 impugnant,
1178 1041 1216 1082 ac

99 1125 242 1190 invadunt
268 1125 409 1191 assidue,
436 1125 611 1208 quodnisi
637 1125 785 1191 obvietur
810 1125 940 1204 eisdem,
966 1125 1005 1189 de
1031 1124 1216 1208 perdicione

99 1230 243 1298 dictorum
271 1231 484 1316 Principetns
511 1239 543 1297 et
569 1232 725 1316 Ducatus,
745 1233 945 1318 aliarumque
960 1239 1123 1298 terrerum
1139 1230 1216 1296 lide-

13 1365 15 1402 r
99 1340 163 1405 bum
185 1341 476 1406 ultramarinarum
503 1340 719 1423 probabiliter
744 1342 945 1424 pertimetur.
972 1337 1041 1406 Nos
1067 1340 1168 1424 igitur
1184 1339 1216 1403 in

100 1450 186 1513 tentis
202 1445 468 1513 Christianitatis
481 1448 634 1531 periculis
651 1449 690 1513 de
706 1448 875 1533 oportunis
885 1447 1056 1531 providere
1067 1445 1217 1512 remediis

101 1556 261 1638 cupientes,
277 1555 364 1620 inter
380 1557 446 1620 elie
462 1555 615 1637 remedia,
634 1556 705 1619 Deo
721 1556 830 1634 dante,
845 1554 940 1619 utilia
955 1575 1052 1638 super
1068 1553 1217 1620 resisten-

13 1711 14 1752 ἢ
99 1664 142 1729 eia
164 1661 301 1727 Turchis
327 1651 476 1728 facienda
502 1662 639 1745 prefatis
666 1663 816 1727 unionem
842 1662 885 1727 ed
901 1662 962 1726 hoc
978 1660 1047 1727 'Pue
1064 1660 1216 1744 Magnifi-

13 1815 14 1828 ,
101 1771 188 1834 mntie
204 1792 242 1835 ac
258 1769 397 1835 aliorum
414 1769 557 1835 fidelium
574 1768 613 1833 de
631 1769 725 1834 dictis
743 1770 967 1834 ultramarinis
978 1769 1128 1852 pertibus
1144 1789 1217 1852 pro·

13 1891 14 1926 ³
101 1877 233 1959 vidimus,
248 1885 281 1942 et
297 1877 495 1942 consulimus
511 1899 590 1959 esse,
607 1897 704 1960 quam
720 1877 785 1943 cito
795 1875 866 1942 fieri
875 1879 1005 1961 poterit,
1015 1875 1198 1942 leniendam
1213 1899 1220 1954 ;

13 1987 14 2002 ²
102 1994 126 2049 el
143 2006 231 2068 super
246 1984 307 2050 hoc
323 1986 421 2050 certis
445 1984 590 2051 Prelatis
607 2006 645 2049 ac
660 1983 872 2068 Principibus
888 1988 922 2048 et
936 1982 1150 2065 Magnetibus
1167 1981 1215 2047 di·

13 2085 14 2152 }
103 2093 225 2177 rigimns
239 2095 363 2178 scripta
379 2101 499 2159 nostra.
526 2091 637 2178 Quare
652 2093 811 2175 Regalem
829 2091 1065 2158 Celsitudinem
1082 2090 1218 2173 requiri·
1273 2098 1275 2114 '

102 2223 165 2266 mus
178 2208 210 2266 et
224 2202 394 2266 hortamur
420 2202 589 2280 adascius,
606 2222 644 2265 ae
659 2202 737 2266 totis
757 2201 865 2266 cordis
881 2198 1051 2264 affectibus
1068 2197 1218 2281 depreca-

103 2331 173 2388 mur,
196 2316 353 2393 quatenus
380 2309 423 2374 ed
449 2309 622 2376 Civitatem
649 2308 848 2387 Thebanam,
875 2327 937 2390 qne
963 2306 1039 2370 licet
1064 2304 1107 2369 sit
1124 2327 1144 2369 e
1160 2309 1238 2382 tuo,

13 2389 15 2472 l
103 2415 204 2499 Regno
213 2422 347 2496 remote,
359 2423 468 2481 temen
479 2416 563 2495 aliie,
574 2417 628 2498 qni
640 2416 682 2480 ad
692 2409 754 2481 hoc
764 2409 1107 2495 convocentur,'magis
1118 2434 1216 2496 quam

13 2557 15 2586 3
104 2524 177 2588 elius
190 2524 277 2590 locus
297 2531 469 2607 reputatur
495 2524 677 2603 accomoda,
694 2524 736 2589 ad
752 2523 910 2588 kalendas
927 2521 1044 2586 mensis
1060 2519 1213 2586 Octobris

13 2631 15 2640 ’
103 2633 232 2714 proxime
246 2634 386 2699 secuturi
404 2639 479 2697 tuos
489 2630 747 2696 Ambariatores
758 2638 791 2697 et
800 2636 1025 2714 procuratores
1035 2649 1107 2693 cum
1118 2627 1212 2711 pleno

13 2725 15 2810 l
105 2742 243 2808 mandato
258 2741 303 2808 ed
319 2740 529 2806 tractandum
545 2745 578 2803 et
594 2739 778 2805 laciendum
789 2741 940 2803 unionem
952 2735 1134 2804 huiusmodi
1145 2757 1217 2802 oum

13 2901 18 2958 l

13 2833 15 2850 ³
106 2849 311 2916 Ecclesisrnm
320 2848 464 2914 Prelatis
475 2871 513 2913 ac
523 2847 736 2931 Principibus
746 2855 777 2911 et
788 2845 1011 2929 Magnetibus,
1027 2845 1083 2927 qui
1100 2844 1133 2907 in
1147 2844 1220 2926 ipsa

105 2955 313 3039 unioneligari
323 2963 355 3020 et
366 2955 571 3020 contribuere
588 2953 757 3034 voluerint,
773 2960 806 3017 et
822 2951 865 3018 ad
882 2950 1080 3016 offerendum
1098 2956 1131 3014 et
1147 2969 1219 3033 pro·

108 3063 281 3130 mittendum
293 3071 419 3128 eertum
436 3061 618 3127 subsidium
635 3063 795 3143 armigero
808 3061 914 3142 gentis
925 3061 958 3123 in
969 3058 1053 3124 mari
1068 3056 1116 3121 vel
1132 3063 1221 3126 terra

13 3233 15 3246 ,
108 3173 234 3254 urende,
245 3172 317 3238 Tne
335 3172 491 3255 dignetur
504 3169 700 3236 Sublimitas
711 3160 883 3235 destinare.
904 3166 972 3233 Nos
989 3167 1074 3230 enim
1086 3161 1220 3228 Archie·

13 3327 15 3344 .
109 3277 220 3362 piscopo
231 3278 358 3362 prelato
376 3277 582 3360 iniunximus,
594 3276 681 3360 qnod
692 3275 734 3342 ed
744 3274 975 3359 requirendum
991 3293 1030 3336 ex
1044 3275 1138 3355 parte
1148 3291 1220 3336 nos·

13 3401 15 3424 ¹
110 3392 150 3450 tre
164 3393 200 3466 te,
209 3395 241 3452 et
250 3385 379 3451 eosdem
390 3383 542 3450 Prelatos
553 3406 592 3449 ac
602 3385 773 3466 Principes
786 3390 818 3448 et
827 3381 1006 3465 Magnetes
1017 3377 1133 3445 debeat
1149 3400 1219 3463 per-

110 3496 243 3560 sonaliter
259 3518 294 3560 se
305 3492 460 3573 conferre,
476 3491 526 3557 vel
544 3493 670 3582 mittere
697 3492 796 3557 elium
811 3491 883 3556 loco
901 3490 967 3569 sui;
991 3494 1111 3552 etcum
1128 3485 1219 3552 sitin

109 3621 184 3668 nora
198 3603 383 3686 periculum,
399 3607 432 3665 et
449 3601 617 3666 conventio
645 3597 916 3681 requirendorum
942 3593 1219 3678 huiusmodi'pro·

109 3715 167 3786 pter
189 3708 317 3792 longam
350 3729 459 3773 eorum
487 3708 681 3772 distenciam
708 3728 771 3771 non
796 3704 900 3789 possit
925 3703 1021 3768 citius
1053 3697 1219 3768 commode

13 3887 14 3902 χ
110 3813 181 3896 ien';
202 3817 347 3882 Eandem
364 3814 600 3880 Celsitudinem
627 3835 781 3897 rogemus
797 3833 836 3876 ex
852 3808 959 3890 eorde,
976 3817 1137 3893 quatenus
1153 3829 1219 3872 non

110 3928 259 4004 ermeteta
282 3923 465 3988 firmatione
491 3921 619 3987 unionis
644 3920 780 4004 prelato,
806 3941 904 4003 quam
931 3918 995 3982 cito
1015 3915 1145 4000 poteris,
1162 3921 1216 3979 tue

13 4011 16 4036 ”
112 4032 200 4108 gentis
216 4031 394 4096 subsidium
411 4037 525 4094 contra
540 4029 673 4094 eosdem
686 4027 832 4092 'l'urchos
846 4027 977 4090 mittere
988 4043 1052 4088 nen
1063 4020 1217 4101 retardes,

13 4193 17 4226 r
112 4135 309 4220 sicprompte‚
335 4137 381 4201 sio
407 4135 575 4219 magnifice
602 4156 698 4218 snper·
725 4133 787 4198 hiis
812 4132 968 4211 fecturus,
985 4150 1082 4213 qnam
1098 4134 1173 4191 tuus
1190 4135 1221 4190 et

13 4251 15 4318 3
112 4244 199 4308 totius
220 4242 482 4311 Christianitatis
508 4245 634 4310 damnis
661 4251 693 4308 et
719 4242 872 4326 periculis
897 4239 1034 4324 proinde
1054 4236 1220 4318 obiisset

13 4335 15 4388 ⁷
114 4349 316 4418 nichilominus
334 4355 439 4418 minue
455 4352 568 4418 exinde
586 4375 605 4418 a
620 4353 690 4417 Deo
718 4370 856 4433 perenne
872 4347 1031 4432 premium
1047 4363 1222 4427 consequa-

13 4459 15 4500 ἲ
115 4457 160 4521 ris.
174 4457 237 4526 Nos
262 4462 365 4527 eciem
391 4461 430 4524 de
456 4460 614 4527 mittendo
631 4459 673 4524 ad
690 4465 800 4542 partes
827 4456 901 4523 illas
918 4451 1108 4538 Apostolice
1125 4447 1220 4516 Sedis

117 4559 232 4648 teau,
247 4575 276 4634 et
293 4568 367 4634 aliis
383 4569 555 4652 oportunis
570 4565 760 4633 exhibendis
777 4561 937 4644 remediis
955 4561 1054 4628 dante
1071 4557 1223 4641 Domino,
