3190 5252
578 380 678 451 1318.
1131 387 1196 454 449

78 568 174 629 nostra
189 571 356 650 tractaret,
382 563 421 629 de
448 565 706 648 quibuscumque
735 564 832 631 vellet
848 566 998 648 gentibus
1015 566 1194 633 conducen-

77 667 118 734 dis
141 695 200 738 non
226 676 330 741 solum
356 675 552 758 patientiam
578 673 734 753 dedimus,
752 675 809 739 sed
832 695 1007 740 assensum.
1035 674 1081 739 Et
1105 675 1194 758 quod

77 779 139 860 plus
162 791 217 866 est,
245 781 407 849 Comitem
432 782 645 862 Everardnm‚
674 784 707 848 in
733 803 799 864 quo
815 781 952 848 multum
967 791 1081 849 nostra
1099 781 1195 848 Gom-

76 891 201 956 mnnitas
218 893 413 976 confidebat,
429 913 449 958 a
475 890 636 975 stipendio
656 898 768 957 nostro
785 890 979 968 dimisimus
997 912 1093 975 quem
1110 891 1196 957 idem

75 993 205 1063 dominus
221 998 393 1066 Johannes
409 999 532 1078 Banus,
548 1000 617 1064 vice
634 997 756 1066 Vestra
773 998 962 1082 specialiter
979 1006 1012 1065 et
1027 1001 1195 1065 instantis-

74 1103 141 1169 sime
156 1105 353 1190 postulabat,
370 1113 405 1172 ut
421 1105 591 1191 preficeret
612 1104 763 1189 gentibus
780 1106 973 1173 adunandis.
991 1107 1079 1172 Hinc
1093 1107 1196 1191 igitur

74 1233 179 1296 magna
193 1235 270 1297 pars
288 1213 461 1296 hominum,
478 1213 556 1280 hinc
572 1212 719 1297 prelatus
730 1213 857 1294 Comes,
867 1220 900 1279 et
909 1214 1059 1282 dominus
1069 1215 1094 1282 J
1096 1213 1196 1280 ohan-

73 1339 119 1382 nes
133 1319 274 1388 Hauend
290 1323 425 1389 maximi
441 1322 592 1388 ductores
607 1322 753 1405 gentium
770 1328 845 1387 sunt
860 1325 1038 1406 assumpti;
1070 1322 1123 1388 hic
1140 1343 1190 1386 so-

71 1422 132 1492 luta
146 1429 316 1514 stipendia,
341 1437 374 1496 et
399 1430 538 1514 denique
564 1429 629 1495 dici
645 1436 761 1513 potest,
777 1429 831 1495 hic
846 1429 946 1495 luisse
962 1429 1084 1496 iactum
1101 1431 1191 1514 quic·

72 1534 139 1614 quid
153 1535 185 1602 in
201 1537 265 1603 hoc
281 1539 392 1604 extitit
407 1538 605 1604 ordinatum.
623 1537 733 1604 'lanta
750 1537 880 1621 quidem
897 1537 958 1604 fuit
974 1543 1007 1603 et
1024 1545 1074 1603 est
1089 1538 1184 1603 huius

70 1645 169 1726 populi
185 1645 230 1710 ad
246 1645 485 1712 Celsitudinem
502 1643 701 1712 Serenitatis
720 1643 840 1712 Vestro
856 1645 993 1728 devoti0‚
1011 1647 1099 1729 quod
1116 1667 1190 1711 con-

69 1754 114 1815 tra
134 1775 260 1820 morem
286 1761 432 1822 nostrum
457 1754 664 1838 permisimus
689 1754 749 1819 hec
773 1753 852 1834 fieri,
878 1755 934 1837 qni
960 1754 1193 1834 consuevimus,

19 1903 21 1906 -
68 1862 200 1938 gentium
227 1861 542 1948 congregationibus,
569 1861 664 1928 dictis
691 1859 847 1927 attactis
872 1862 1037 1944 obsistere,
1069 1883 1190 1944 easque

68 1969 159 2034 modis
184 1970 335 2036 omnibus
359 1970 544 2055 prohibere.
578 1968 645 2036 Sed
670 1969 834 2036 devotioni
859 1977 969 2036 nostre
996 1969 1088 2036 nefas
1105 1971 1192 2034 inex·

66 2073 174 2155 piabile
199 2079 304 2145 visum
329 2086 387 2163 est,
411 2079 573 2163 jussiones
599 2076 788 2162 Majestatis
804 2071 925 2142 Vestro
942 2079 1116 2161 negligere,
1133 2084 1193 2143 aut

69 2180 291 2251 adunationem
316 2185 452 2270 Regalis
478 2185 648 2264 exercitus,
665 2184 758 2266 qnasi
782 2191 951 2268 raptorum
975 2206 1114 2269 manum,
1129 2207 1192 2269 que

67 2291 264 2359 coniurarent
287 2295 323 2358 in
347 2293 498 2378 patriam,
515 2291 666 2373 obviare;
689 2297 844 2374 putantes
860 2292 1047 2359 huiusmodi
1074 2299 1190 2377 gentes

64 2395 210 2467 honorem
237 2411 271 2466 et
295 2401 431 2485 negocia
456 2400 563 2484 Regia
589 2399 707 2464 debere
732 2399 870 2466 viriliter
895 2401 1056 2484 prosequi,
1073 2400 1186 2467 nonin

19 2509 20 2512 ’
63 2505 247 2574 miserorum
273 2509 478 2593 dispendium
504 2507 653 2574 adunari.
678 2505 841 2574 Miramur
865 2515 986 2591 tamen,
1013 2508 1101 2592 quod
1121 2515 1190 2574 tum

62 2614 140 2680 idem
157 2617 310 2683 dominus
326 2616 505 2696 Iohannes,
532 2615 693 2680 exercitus
712 2613 831 2683 Vestre
850 2617 1037 2702 Majestatis
1054 2615 1189 2702 (lapita-

19 2739 21 2744 ·
63 2743 150 2790 neum
165 2728 199 2793 in
217 2727 319 2792 Italia
335 2745 370 2791 se
388 2725 581 2810 prescribat,
598 2722 685 2806 quod
700 2745 818 2808 magno
838 2747 911 2792 cum
920 2726 1114 2809 populorum
1126 2727 1189 2792 dis-

61 2834 179 2916 pendio,
188 2835 277 2900 sicut
293 2834 400 2899 solent
409 2832 560 2917 pestifere
571 2831 751 2915 societates,
760 2833 835 2898 hinc
844 2832 920 2898 inde
932 2833 1111 2916 discmrat3
1130 2833 1188 2899 du·

61 2936 270 3026 bitamnsque;
286 2941 444 3025 quodhas
456 2947 570 3024 gente-s
587 2939 647 3005 sub
658 2940 724 3006 illis
734 2943 884 3007 maximis
895 2943 1087 3008 societatum
1098 2942 1186 3008 duci-

60 3043 114 3112 bus
128 3051 161 3114 in
177 3049 242 3114 fine
259 3049 413 3128 dimittat,
439 3069 501 3131 qne
519 3069 579 3132 per
594 3047 729 3113 Italiam
746 3047 971 3130 debachantes,
988 3050 1188 3134 compellant

59 3153 96 3218 ad
110 3159 366 3241 redemptionem
383 3155 520 3240 populos
537 3163 570 3220 ct
586 3154 745 3239 affligant.
776 3156 960 3239 Eapropter
976 3155 1097 3225 Vestro
1115 3156 1188 3222 Cle-

59 3266 171 3330 mentie
198 3285 273 3330 cum
297 3262 492 3330 humilitatis
517 3262 689 3328 clementia
715 3263 942 3354 supplicamns,
968 3270 1130 3346 quatenns
1148 3285 1188 3328 ne

58 3367 170 3439 Vestre
184 3371 374 3457 Maiestatis
390 3367 659 3454 requisitionibus
669 3371 889 3453 obsequentes,
900 3370 1077 3438 reddamur
1093 3393 1186 3437 cunc·
1301 3417 1304 3420 -

59 3477 150 3546 italie
166 3481 318 3546 Dominis
335 3487 437 3561 atque
453 3477 584 3561 populis
601 3477 706 3542 odiosi
720 3501 727 3558 ;
751 3479 930 3563 dignemini
941 3480 1043 3546 eidem
1054 3479 1186 3545 domino

56 3584 199 3655 Johanni
216 3597 249 3655 et
275 3589 430 3672 gentibus
455 3588 571 3652 vestris
597 3586 776 3671 injungere,
804 3586 892 3671 quod
918 3610 952 3653 se
978 3589 1120 3657 debeant
1145 3589 1187 3655 ab

56 3693 236 3766 huiusmodi
254 3697 481 3764 vexationibus
507 3694 680 3774 abstinere,
698 3700 730 3760 et
746 3695 831 3780 qnod
848 3695 1026 3780 nobiscum,
1044 3693 1185 3764 celsitu.

56 3801 135 3870 dinis
146 3805 268 3872 Vestre
279 3804 499 3890 peculiaribus
510 3801 595 3885 filiis,
606 3824 641 3868 se
651 3801 867 3868 amicabiliter
878 3803 1032 3888 habeant,
1043 3803 1186 3870 etfinitis

54 3912 222 3996 stipendiis
238 3913 365 3996 vestris,
381 3919 528 3978 nostrum
545 3909 749 3977 territorium
761 3930 825 3975 non
837 3909 1022 3992 offendant3
1047 3931 1109 3976 nex
1125 3931 1184 3994 pro

55 4015 248 4088 Serenitatis
264 4017 383 4087 Vestro
409 4017 621 4102 beneplacitis
647 4019 878 4084 adunationem
904 4017 1088 4084 huiusmodi
1113 4041 1186 4102 per-

53 4129 224 4210 mittentes,
240 4126 426 4196 offensionis
437 4126 552 4193 bellice
562 4125 688 4209 premia
704 4125 892 4192 referamus.
908 4127 999 4192 Data
1015 4125 1185 4202 Florentia

54 4233 101 4300 die
117 4235 261 4302 XXIII.
277 4233 478 4320 Septembris
494 4233 583 4299 IIII.
600 4233 776 4301 indictione
793 4231 1094 4301 MOOOLXXXI.
1125 4257 1128 4266 ·

53 4381 174 4440 (Eredeti
187 4383 402 4448 togalmazvany
415 4397 432 4431 a
447 4380 585 4446 »signori
600 4381 755 4445 Carteggie,
768 4380 896 4430 Miasivec
912 4380 964 4429 stb.
978 4379 1056 4430 xlx.
1071 4379 1184 4445 litttegt-

257 4476 312 4524 ben
328 4477 387 4526 175.
402 4488 439 4524 iz.
453 4489 497 4537 a.;
518 4487 535 4521 a
547 4473 680 4522 floranczi
693 4485 767 4535 nagy
780 4469 975 4528 leveltdrban.)

605 4599 610 4604 ,
641 4597 696 4604 -οι

93 4733 157 4774 uos.
175 4736 256 4773 susc.
273 4735 341 4771 sier.
356 4744 401 4758 -
416 4733 485 4772 aori
502 4735 561 4771 aar.
578 4735 617 4770 ιιι.
1034 4707 1075 4770 29
