3172 5254
573 410 666 470 1377.
1123 411 1182 471 151

74 590 233 662 matorum3
258 588 544 668 quantumcunque
571 605 637 650 non
660 583 781 648 1001111
797 604 968 667 processus
985 606 1045 650 nec
1062 584 1108 649 ibi
1125 609 1183 652 nec

75 694 140 759 alibi
155 693 184 758 in
202 694 299 758 totius
316 695 416 758 vestri
434 693 657 784 gloriosissimi
674 695 780 776 Regni
797 693 914 760 finibus
931 695 1099 777 publicati.
1119 694 1184 760 Sed

74 811 165 867 nctus
188 801 241 870 ille
268 800 408 884 populus
435 801 637 868 solummodo
662 802 750 868 101110
770 823 988 886 processuum,
1004 809 1036 867 et
1053 811 1186 868 cunctos

75 911 262 976 Florentiuos
288 912 583 976 excommunicatos
606 933 675 976 esse
702 918 864 995 putantes,
884 912 972 996 ipsos
989 911 1189 996 compellunt

75 1018 162 1083 nodis
177 1018 324 1085 omnibus
342 1017 384 1084 ad
401 1017 584 1100 discessum,
601 1039 674 1084 cum
690 1018 810 1084 eisdem
821 1020 941 1086 habere
958 1021 1185 1086 commercium

76 1131 238 1193 renuentes.
263 1123 360 1208 Quod
386 1131 671 1210 quantumcunque
698 1132 851 1192 noscatur
867 1148 887 1193 a
903 1132 1026 1210 paucis,
1050 1127 1105 1211 qui
1131 1149 1185 1192 no-

75 1234 136 1298 stris
151 1235 292 1300 insident
308 1235 444 1313 ciuibus,
461 1235 655 1317 processisse
672 1262 679 1300 :
695 1235 922 1301 nichilominus
938 1242 1049 1302 tamen
1064 1237 1125 1301 hec
1140 1237 1189 1300 in-

76 1349 153 1424 repte
168 1363 344 1425 paucorum
371 1341 486 1424 tulgus
512 1345 581 1424 ipse
598 1346 813 1428 persequitur,
830 1350 863 1409 et
878 1345 943 1409 iam
961 1345 1047 1427 cepit
1063 1343 1185 1409 eisdem

75 1451 181 1514 nostris
207 1449 333 1518 ciuibus
357 1451 489 1534 justitia
524 1451 689 1536 denegari.
725 1450 896 1535 Quocirca,
929 1451 1188 1517 Clementissime

78 1557 228 1642 Princeps,
254 1581 328 1624 cum
355 1565 442 1623 certe
471 1559 649 1640 credamus,
664 1561 725 1625 hoc
740 1566 851 1643 preter
866 1557 984 1625 Vestro
1001 1558 1190 1626 Maiestatis

77 1667 287 1734 conscientiam
304 1668 512 1750 processisse,
529 1689 590 1750 que
608 1669 697 1733 nolet
712 1667 1072 1734 hanocousuetudinem
1084 1668 1118 1731 in
1129 1689 1188 1734 suo

77 1773 176 1856 Regno
191 1775 448 1857 preiudicialit-er
464 1777 637 1858 antiquari,
655 1796 695 1840 ne
712 1774 910 1840 voluntatem
922 1775 1060 1841 alterius
1077 1773 1187 1840 fideles

78 1877 261 1962 Christicole,
288 1883 344 1965 qui
370 1892 444 1947 eunt
470 1885 640 1966 presertim
659 1881 777 1966 Regno
794 1882 909 1963 decori,
926 1888 960 1947 et
976 1882 1109 1947 utilitati
1128 1884 1189 1948 rei·

77 1989 205 2071 publice,
245 1991 328 2055 adeo
354 1991 577 2057 inhumaniter
604 1991 829 2075 expellantur:
855 1990 1051 2073 benignitati
1078 1989 1191 2057 Vestri

77 2097 188 2162 Tironi
204 2097 428 2165 sacratissimi
446 2098 624 2164 humillime
641 2099 868 2184 supphcamus,
880 2105 1038 2182 quatenus
1049 2099 1193 2165 deuotio·

79 2207 119 2269 nis
134 2215 237 2272 nostre
253 2215 405 2290 respectu
421 2209 454 2272 in
472 2208 532 2272 hoc
557 2214 754 2291 oportunum
774 2207 950 2272 remedium
967 2207 1131 2292 adhibere,
1146 2209 1193 2273 ita

78 2316 152 2397 quod
178 2317 283 2400 gratia
309 2313 521 2397 Celsitudinie
547 2316 666 2384 Vestre
686 2316 807 2382 ibidem
823 2317 926 2381 nostri
944 2322 1143 2382 mercatores
1160 2319 1192 2380 et

78 2423 154 2489 ciues
177 2426 242 2488 sine
269 2433 359 2489 metu
385 2425 522 2491 alicuius
547 2425 704 2490 novitatis
730 2425 779 2489 101
806 2423 921 2488 iniurie
942 2427 1192 2502 conseruentur;

78 2531 121 2596 rel
135 2533 158 2596 si
175 2534 265 2598 irrita
282 2533 388 2616 Regia
405 2533 570 2598 uoluntate
588 2533 766 2615 oportuerit
795 2533 880 2614 ipsos
898 2531 1017 2596 abinde
1034 2529 1193 2610 secedere,

79 2638 156 2721 quod
170 2641 202 2704 in
219 2642 413 2724 repetitione
430 2663 562 2706 suarum
580 2639 791 2724 pecuniarum
807 2645 839 2703 et
855 2660 972 2718 rerum,
991 2643 1148 2721 tanquam
1166 2637 1191 2700 ei

78 2750 207 2828 processi
222 2749 302 2816 10011
319 2771 383 2816 non
402 2749 517 2828 forent,
535 2749 655 2814 eisdem
682 2746 873 2813 fauorabilis
887 2746 1018 2830 justitia
1033 2745 1194 2810 ministre-

78 2861 132 2932 tur,
147 2856 277 2940 Regalis
304 2857 426 2922 Vestra
453 2855 620 2922 Serenitas
645 2856 823 2942 provideat.
850 2855 940 2920 Data
956 2852 1125 2922 Florentio
1142 2851 1194 2917 die

79 2961 285 3030 1171111111
302 2964 385 3032 XV.
402 2966 576 3029 indictione
593 2960 913 3030 MGOOLXXVII.

79 3105 187 3161 (Eredeti
201 3111 415 3173 togntmazvirny
429 3125 446 3158 a
463 3111 599 3174 »Signum
614 3109 769 3174 Certeggie,
785 3107 911 3158 Missive«
924 3107 975 3155 stb.
987 3105 1093 3167 oaztaly
1104 3104 1194 3155 XVII.

207 3199 363 3263 hotegeben
377 3217 392 3248 0
409 3203 466 3249 123.
482 3216 519 3249 sa.
532 3215 574 3250 a:
595 3215 611 3248 a
626 3199 754 3250 florencai
767 3213 843 3263 nagy
855 3196 1051 3255 levelterban.)

599 3505 671 3568 129.

82 3661 205 3746 1109010
231 3671 325 3730 odrae
341 3669 566 3752 botdedprtnolr
583 3693 603 3732 α
619 3669 1197 3751 1101011001101101111100119091000000

508 3777 635 3860 ttppben.
664 3779 759 3840 1377.

178 3933 346 3999 Communi
364 3934 519 4019 Ragusei.

177 4043 311 4109 Fratres
336 4044 508 4109 karissimi.
534 4044 748 4110 Admiranter
774 4044 965 4123 audiuimus,
998 4046 1198 4106 mercatores

82 4155 199 4218 nostros
215 4152 273 4218 sub
291 4158 441 4236 pretextu
468 4154 836 4218 excommunicationum
853 4158 884 4215 01
901 4170 1094 4235 prooesuum
1110 4143 1198 4230 Apo-

1 4294 2 4334 ,
83 4257 255 4324 stolicorum
273 4267 390 4325 contra
401 4259 579 4324 Commune
592 4267 747 4342 nostrum,
765 4267 797 4325 ut
816 4259 942 4338 dicitur,
953 4255 1197 4320 fulminatorum

1 4455 2 4460 η
83 4362 119 4427 de
136 4374 235 4434 restra
252 4369 385 4433 ciuitate
403 4370 601 4434 auctoritate
618 4369 748 4452 publica
770 4366 944 4452 prohiberi.
961 4363 1012 4428 De
1031 4385 1103 4446 quc,
1120 4362 1199 4426 frat·

84 4491 132 4534 res
154 4473 321 4560 karissimi,
346 4499 415 4540 eum
444 4477 532 4560 apud
559 4499 614 4542 vos
639 4478 731 4542 nulla
763 4474 941 4560 publicatio
974 4493 1198 4554 processeram

84 4575 163 4646 lacta
186 4584 234 4666 sit,
259 4583 484 4649 fraternaliter
517 4583 733 4650 condolemus.
760 4581 980 4652 Credebamns
1013 4581 1098 4645 eninr
1130 4586 1199 4642 tum
