3190 5252
629 345 723 410 1380.
1172 349 1236 411 419

1 597 3 608 ,
113 516 166 600 qui
188 517 311 585 bellum
336 520 430 603 gerit,
455 521 512 606 qui
536 543 648 606 pacem
673 529 706 588 et
731 521 938 589 concordiam
963 543 1028 589 non
1043 524 1167 608 suadet,
1184 528 1238 610 qui

1 686 2 706 ,
112 646 182 690 cum
197 633 316 710 potest,
342 627 429 694 bella
454 630 730 713 perniciosissima
746 653 811 696 non
827 630 999 713 extinguit.
1017 629 1239 718 Quapropter,

112 731 341 800 humanissime
357 735 559 821 Principum,
585 739 672 804 omni
698 761 770 804 cum
795 730 980 804 humilitate
1005 745 1037 804 ct
1057 743 1240 809 reverentia

1 841 2 846 ’
111 842 338 926 supplicamus,
355 866 411 929 per
427 846 605 929 gloriosum
621 846 730 930 Regni
746 848 846 912 vestri
858 846 1020 929 thronum,
1036 869 1096 931 per
1110 871 1239 916 sacrum

1 965 2 1044 ᾗ
110 949 188 1016 illud
206 953 304 1018 vestri
321 955 436 1038 capitis
447 962 684 1037 ornamentum,
701 976 765 1038 quo
781 955 866 1020 inter
876 955 1134 1023 Christianitatis
1145 957 1240 1023 Prin·

110 1059 197 1144 cipes
213 1061 386 1145 splendore
402 1065 543 1132 maximo
554 1066 733 1150 refulgetis,
750 1087 808 1150 per
824 1064 1029 1132 clementiam
1045 1073 1079 1132 et
1092 1089 1240 1134 mansue·

107 1167 252 1236 tudinem
270 1179 422 1254 vestram,
438 1174 603 1258 perillam
618 1173 807 1258 Majestatis
825 1180 859 1240 et
875 1176 993 1240 mentis
1009 1173 1129 1242 Vestra
1145 1173 1239 1242 Sere·

107 1278 252 1359 nitatem,
276 1287 374 1364 atque
399 1305 458 1366 per
482 1283 690 1350 devocionem
722 1289 879 1366 nostram,
911 1305 1008 1366 quam
1033 1283 1238 1366 benignitate

107 1381 232 1452 Vestra
257 1409 385 1474 semper
410 1392 610 1458 carissimam
626 1390 795 1472 habuistis,
815 1397 975 1473 quatenus
991 1391 1143 1475 dignetur
1160 1389 1237 1457 Oul-

107 1515 179 1559 men
197 1493 353 1564 Vestrum
372 1500 413 1565 ad
431 1499 516 1566 hanc
531 1500 739 1567 concordiam
756 1499 917 1580 inclinari,
932 1499 1090 1584 nobisque
1101 1499 1240 1564 devotis-

1 1595 2 1690 l
106 1605 197 1669 simis
214 1612 248 1671 et
264 1607 483 1690 peculiaribus
500 1607 721 1675 Sublimitatis
739 1607 857 1674 Vestre
874 1605 959 1686 filiis,
975 1607 1112 1690 benigne
1129 1629 1239 1673 conoe-

105 1710 192 1795 dere,
204 1714 293 1798 quod
304 1713 502 1782 mediatores
513 1714 699 1782 huiusmodi
710 1716 801 1799 pacis
817 1719 994 1780 tractatum
1010 1735 1175 1781 assumere
1186 1737 1238 1782 va·

105 1817 240 1904 leamus,
256 1828 292 1887 ut
308 1825 394 1889 tanti
410 1823 487 1890 belli
505 1824 641 1889 extincti
656 1824 762 1907 gloria
788 1823 889 1889 nostri
909 1821 1096 1889 Communis
1121 1824 1239 1889 titulus

1 1913 2 1924 ἵ
104 1924 226 1995 Vestra
243 1927 454 1998 Celsitudinis
475 1930 632 1998 beneficio
643 1931 837 1998 cumuletur.
854 1928 988 2015 Scimus,
999 1951 1153 2016 magnum
1169 1951 1239 1998 esse

1 2071 2 2104 ;
104 2035 193 2117 quod
211 2039 363 2121 petimus,
390 2039 446 2105 sed
472 2041 545 2122 quis
570 2038 699 2106 fidelius
725 2037 845 2106 Vestra
866 2037 1059 2105 Serenitatis
1074 2037 1238 2120 honorem,

104 2165 205 2228 quam
221 2152 335 2213 nostra
351 2145 479 2214 devotio
496 2146 713 2231 procurabit?
730 2145 813 2230 Quis
828 2147 915 2212 inter
930 2146 1114 2213 Januenses
1130 2154 1163 2213 et
1173 2146 1238 2215 Ve-

1 2247 2 2315 l
105 2258 209 2337 natos,
219 2275 404 2320 communes
421 2253 540 2321 iratres
555 2260 587 2321 et
603 2256 724 2320 amicos
735 2253 1007 2337 singularissimos
1026 2257 1128 2321 nostri
1144 2254 1239 2322 Oom-

103 2363 219 2444 munis,
230 2363 472 2430 convenientius
483 2362 737 2448 seinterponet‘?
754 2362 959 2429 Mercatores
976 2369 1052 2428 sunt
1068 2363 1124 2445 illi,
1135 2370 1238 2429 etnos

1 2506 2 2540 ι
102 2469 256 2536 similiter
272 2477 488 2553 mercatores;
506 2478 538 2536 et
555 2471 724 2537 interillos
735 2469 816 2536 duas
833 2470 929 2536 urbes
946 2471 1027 2535 situs
1043 2477 1151 2537 nostre
1162 2471 1237 2536 civi·

101 2579 180 2642 tatis
193 2598 275 2660 pene
296 2577 422 2643 medius
438 2585 497 2659 est,
514 2585 549 2642 ut
565 2599 604 2642 ex
620 2579 765 2644 locorum
775 2578 898 2659 habitu,
910 2578 1150 2662 dispensatione
1161 2600 1237 2661 qua-

101 2683 179 2749 dam
192 2684 342 2749 videatur
352 2685 423 2769 ipsa
439 2692 556 2751 natura
572 2707 631 2751 nos
647 2687 841 2751 mediatores
852 2687 955 2752 omnis
964 2687 1049 2751 inter
1059 2688 1146 2770 ipsos
1163 2708 1238 2752 con·

1 2781 2 2866 }
100 2793 213 2858 cordia
230 2791 398 2876 delegisse.
415 2791 555 2860 Accedit
571 2795 673 2874 ethis,
685 2795 771 2878 quod
789 2816 861 2860 cum
877 2796 981 2859 nostri
997 2796 1083 2860 cives
1094 2796 1237 2878 utroqni-

1 2957 2 2973 ,
101 2921 165 2982 que
184 2921 261 2964 suas
278 2903 521 2982 negociationcs
538 2908 719 2984 exerceant,
735 2902 825 2968 nulla
841 2908 951 2985 potest
960 2904 1018 2969 hos
1031 2905 1080 2970 vel
1090 2904 1163 2970 illos
1174 2903 1237 2969 cla·

1 3075 3 3081 ,
100 3008 157 3072 des
168 3007 313 3089 afficere,
330 3011 408 3093 quin
426 3016 462 3076 ut
478 3031 543 3076 una
560 3033 632 3077 cum
648 3012 729 3094 ipsis
745 3016 858 3077 nostra
874 3009 998 3076 Civitas
1014 3033 1079 3077 non
1096 3018 1237 3076 vexetur.

100 3113 200 3198 Quod
216 3115 253 3197 si,
268 3125 304 3181 ut
322 3139 500 3201 speramus,
517 3118 679 3184 devotioni
690 3126 723 3183 et
732 3118 884 3184 fidelitati
893 3123 1003 3183 nostre
1014 3118 1193 3183 decreverit
1203 3119 1236 3182 in

99 3221 163 3287 hoc
178 3220 306 3291 Vestra
317 3221 488 3292 Serenitas
499 3228 709 3310 complacere,
720 3227 798 3311 quia
808 3226 1034 3307 vialongacst,
1051 3231 1085 3289 ot
1099 3223 1237 3290 multum

98 3331 269 3415 temporis,
277 3353 341 3414 quo
352 3333 452 3400 nichil
463 3335 570 3400 carius
580 3335 613 3399 in
623 3334 722 3402 rebus
732 3334 843 3400 arduis
855 3333 1014 3416 assignari
1020 3337 1136 3416 potest,
1143 3351 1237 3416 opor·

97 3445 147 3503 tet
162 3437 209 3504 ad
225 3440 354 3523 singula
364 3441 426 3506 nisi
436 3442 533 3507 simul
543 3442 736 3507 ordinentur
748 3439 896 3526 expendi;
908 3439 1085 3524 dignemini
1097 3461 1153 3524 per
1165 3440 1235 3504 Ma-

93 3545 230 3628 jestatis
241 3546 364 3614 Vestro
375 3551 535 3635 rescripta
545 3550 587 3617 ad
598 3552 682 3616 hanc
697 3571 809 3634 pacem
826 3549 978 3616 inducere
994 3548 1188 3630 ‹tanuenscs
1206 3554 1238 3613 et

101 3656 165 3720 hoc
176 3656 267 3722 idem
279 3659 395 3724 ceteris
406 3660 522 3724 vestris
533 3658 695 3743 colligatis
707 3657 881 3724 salubriter
893 3658 1095 3742 persuadere;
1105 3655 1234 3722 ordina-

101 3784 205 3847 reque
230 3763 336 3829 locum
362 3771 396 3831 et
420 3773 558 3850 tempus,
574 3767 607 3830 in
624 3786 689 3848 quo
715 3766 820 3848 partis
835 3767 1006 3848 utriusque
1022 3765 1124 3847 legati
1141 3763 1234 3829 debe·

101 3879 162 3936 ant
180 3870 333 3953 adunari,
359 3875 452 3938 utin
478 3879 638 3957 oportmro
663 3878 809 3956 tempore
836 3872 1001 3938 valeamus
1018 3871 1185 3952 solemnes,
1202 3876 1235 3936 et

100 3979 142 4044 ad
158 3985 290 4047 tantum
307 3980 474 4063 negotium
490 3986 584 4064 aptos
601 3985 729 4045 nostros
742 3978 916 4060 destinare,
932 3980 1016 4046 sicut
1031 3979 1236 4057 intendimus,

101 4085 274 4153 Oratores.
291 4087 418 4170 Magna
434 4087 566 4172 quidem
591 4088 824 4172 gloriosissime
842 4089 1001 4172 Princeps
1017 4088 1059 4152 ad
1076 4089 1136 4154 hec
1151 4086 1235 4152 ordi·
1259 4169 1265 4179 .

100 4196 212 4262 nanda
230 4196 468 4280 quodammodo
486 4196 576 4263 vobis
593 4201 642 4262 est
663 4197 788 4264 indicta
813 4197 1007 4279 necessitas;
1033 4197 1185 4281 quoniam
1203 4202 1236 4262 et

101 4324 171 4384 nos,
190 4309 226 4368 et
240 4308 330 4369 totus
347 4303 435 4370 orbis
452 4303 625 4370 manifeste
641 4305 873 4387 cognoscimus,
897 4306 922 4371 J
924 4325 1081 4370 anuenses
1105 4312 1137 4371 ct
1153 4305 1236 4370 alios

1 4465 2 4474 ,
101 4410 275 4493 colligatos
293 4434 313 4477 a
328 4412 541 4496 beneplacitis
553 4411 871 4497 VestreMajestatis
882 4413 1067 4478 nullatenus
1078 4412 1233 4481 discessu-

1 4561 2 4564 =
90 4540 154 4585 ros.
185 4516 257 4602 Que
273 4541 346 4585 cum
361 4521 409 4586 ita
426 4520 503 4602 sint,
518 4520 627 4585 velitis
645 4521 709 4586 dici
725 4523 834 4605 potius
851 4521 964 4588 avidus
980 4521 1165 4588 dulcissime
1181 4543 1238 4605 pa·

1069 4633 1130 4699 27*
