3182 5252
421 359 485 424 586
774 377 1008 424 unbounozrsr
1026 361 1194 423 annesae.

422 537 486 604 Sue
502 546 535 604 et
552 537 704 602 eomitiue
721 539 800 618 eius,
816 539 904 622 quod
920 537 981 602 erit
998 537 1100 602 honor
1119 535 1245 620 prefate
1261 537 1372 620 Regio
1397 535 1528 602 Maieste

421 648 464 713 tis
481 645 546 712 Sue
562 652 594 710 et
609 646 729 710 nostris
746 643 899 726 Ilominii,
916 652 949 710 et
975 645 1063 729 quod
1088 643 1293 710 Excellentia
1319 643 1388 710 Sua
1405 643 1526 710 ihabebit

421 756 538 819 merito
554 753 753 830 conitentari3
777 753 926 837 dispositi
943 754 976 817 in
1003 754 1127 818 eunetis
1154 752 1247 819 nobis
1272 750 1529 835 possibilibusSe·

422 860 588 926 senissime
614 859 717 943 Regis
743 859 912 924 Maiestati
950 857 1016 924 Sue
1040 879 1167 944 semper
1190 859 1308 924 libenti
1333 860 1442 926 animo
1468 877 1530 922 oon·

423 968 563 1052 plaeere.

481 1117 515 1174 (Α
533 1115 640 1164 »lilioli«
656 1115 746 1164 czirnil
762 1115 899 1166 selcnczei
913 1115 1089 1179 uillarnkiiuyr
1100 1115 1229 1166 XXXIX.
1243 1114 1386 1166 kotetebot
1400 1119 1456 1166 mo.
1469 1113 1493 1172 Ι.)

951 1407 1024 1467 324.

426 1567 453 1630 Α
472 1567 622 1630 uelerrezei
632 1568 844 1651 liezan-seseq
858 1566 1056 1632 t'nuareban
1072 1591 1093 1630 a
1111 1567 1262 1630 veleuezei
1278 1565 1467 1630 kereokedblt
1481 1585 1526 1625 rru-

702 1675 926 1739 bndalmniro'l
941 1675 1175 1762 qondoakorlile.
1196 1678 1289 1740 13⁸5.

534 1837 634 1902 Auno
653 1831 965 1901 MCCCLXXXV.
982 1835 1035 1900 die
1052 1833 1138 1900 XX.
1153 1833 1178 1900 J
1181 1832 1249 1898 ulii.
1274 1835 1301 1900 (1
1315 1842 1444 1918 apta:
1468 1833 1529 1897 bbn

426 1947 468 2012 ad
487 1967 619 2030 presens
636 1947 700 2009 sint
717 1945 795 2009 ituri
813 1943 915 2026 aliqui
932 1945 1036 2008 nostri
1061 1951 1260 2009 mercatores
1286 1943 1326 2008 ad
1355 1948 1464 2026 partes
1486 1937 1531 2002 Ca-

427 2058 492 2120 tari
509 2077 582 2120 eurn
601 2054 766 2136 aliquibus
784 2055 850 2118 suis
867 2053 1095 2136 mercimoniis,
1105 2059 1137 2118 et
1147 2051 1325 2118 seeundum
1337 2059 1461 2118 veteres
1474 2070 1528 2113 eon·

424 2164 612 2232 suetudines
629 2163 733 2228 nostri
750 2139 876 2246 semper
892 2161 1015 2227 suerint
1030 2161 1158 2226 franchi
1177 2167 1209 2226 et
1225 2159 1320 2225 liberi
1346 2161 1379 2224 iu
1405 2156 1531 2244 partibus

425 2271 588 2356 predictis,
604 2278 637 2337 et
653 2293 738 2335 nune
754 2270 794 2335 de
811 2292 892 2335 novo
910 2271 1084 2350 seneiatur,
1110 2268 1198 2352 quod
1223 2289 1282 2352 per
1307 2266 1531 2352 Serenissiusu

425 2379 591 2445 dominam
616 2377 777 2462 Reginam
808 2377 979 2460 Hnugarie
1008 2375 1174 2459 predictus
1198 2375 1290 2441 loeus
1316 2374 1435 2442 Catari
1457 2374 1531 2440 datus

425 2487 576 2552 fueritin
593 2485 741 2551 manibus
759 2485 881 2550 domini
898 2485 1001 2568 Regis
1025 2483 1159 2566 Rassie3
1183 2503 1242 2567 pro
1267 2485 1356 2548 omui
1382 2481 1464 2550 bono
1485 2500 1531 2545 res

428 2600 522 2678 peetu
541 2602 757 2660 mercatorum
775 2600 807 2656 et
823 2593 1078 2657 meresneiarum
1096 2597 1282 2657 nostrarum
1298 2591 1446 2656 euneium
1459 2588 1494 2654 sd
1505 2585 1532 2651 il·

426 2704 475 2768 las
491 2709 601 2786 partes
619 2700 710 2765 vadit
728 2721 813 2784 pars,
829 2699 916 2782 quod
937 2698 1107 2781 Dominus,
1119 2698 1308 2764 Consiliarii
1324 2705 1359 2764 et
1382 2699 1490 2782 Capite
1502 2693 1530 2756 de

428 2809 505 2888 XL,
523 2807 643 2892 Capita
659 2808 794 2874 Consilii
810 2829 849 2872 ae
874 2806 1045 2890 Sapientes
1071 2805 1232 2872 Ordinem
1259 2806 1404 2872 habeant
1425 2806 1532 2871 liberta·

427 2924 492 2982 lem
510 2916 664 2999 elligeudi
682 2937 781 2982 unum
797 2916 838 2980 de
864 2918 983 2981 nostris
1010 2915 1161 2981 euntibus
1188 2914 1229 2978 ad
1255 2913 1331 2980 illas
1358 2922 1472 3002 partes.
1492 2907 1531 2992 qui

427 3026 547 3091 habeat
562 3025 749 3090 libertatem
767 3025 931 3089 tractandi
947 3031 1048 3108 pacta
1066 3031 1098 3090 et
1114 3021 1308 3090 frauehisias
1335 3031 1462 3090 nostras
1476 3040 1531 3086 eon-

428 3141 537 3198 suetas
554 3155 626 3198 oum
652 3133 783 3198 domiuo
810 3133 899 3217 Rege
925 3133 1044 3198 Rassie
1070 3133 1140 3198 sine
1166 3132 1317 3216 expensis
1343 3133 1444 3198 nostri
1459 3127 1531 3194 Gon·

426 3243 541 3321 menie,
558 3249 654 3324 prout
670 3263 727 3325 per
743 3242 863 3307 dietum
882 3239 1064 3325 Collegium
1081 3239 1180 3305 fuerit
1197 3239 1397 3306 ordinatum.

535 3351 599 3414 Die
616 3349 734 3418 XXV.
750 3351 776 3415 J
777 3350 843 3414 ulii.
860 3350 1009 3416 Elleetns
1034 3348 1250 3417 Ambaxator·
1267 3349 1311 3414 ad
1328 3348 1480 3415 illustrem
1493 3342 1532 3408 do

428 3461 550 3523 minum
577 3457 778 3542 Stephanum
805 3459 927 3543 Regem
953 3460 1069 3526 Rassie
1096 3462 1180 3525 iuter
1207 3457 1390 3542 Collegium
1415 3450 1532 3537 Domini

429 3564 709 3648 Consiliariorum,
726 3565 878 3651 Cupitum
896 3568 936 3632 de
954 3567 1029 3649 XL,
1056 3567 1210 3652 Capitum
1231 3564 1369 3632 Consilii
1379 3571 1411 3631 et
1422 3563 1531 3646 sapien

428 3681 496 3738 tum
513 3673 683 3756 Ordinem,
700 3697 753 3740 ser
772 3675 913 3740 Blancus
930 3675 969 3739 de
985 3675 1103 3759 Rippa.

477 3820 512 3878 (Α
526 3819 632 3869 »Missi«
649 3819 740 3868 ezimu
755 3819 892 3870 velenezei
904 3820 1087 3885 allarnkonyv
1100 3821 1227 3871 XXXIX.
1244 3819 1387 3872 nemmem
1401 3822 1458 3868 223·
1470 3814 1495 3874 i)
