3226 5254
598 367 692 427 iaec.
1142 331 1207 428 ’341

5 569 6 638 }
95 543 256 609 funiculum
282 543 445 609 excitari?
471 542 643 608 Commota
668 550 742 606 sunt
766 543 878 625 itaque
894 543 1028 622 viscera,
1050 549 1209 609 commota

5 647 7 668 *
94 659 160 717 sunt
173 653 305 719 lacrime
333 650 525 718 Guellorum
551 657 741 732 vestrorum,
768 672 848 735 quos
865 649 1070 716 Serenissimi
1087 650 1209 735 Proge-

5 783 7 852 1
94 759 203 825 nitores
219 762 318 826 vestri
335 762 369 825 in
384 760 447 825 hac
463 759 542 825 urbe
559 760 667 843 Regia
684 765 879 825 statuerunt.
896 759 980 825 (lum
997 779 1061 842 qua
1071 759 1209 825 cordiali

94 873 121 932 et
134 868 282 934 intestina
298 868 457 951 passione,
472 890 544 933 oum
562 888 625 950 quo
640 866 851 932 lacrimarum
868 865 1026 949 profluvio
1036 867 1208 951 Majestati

5 969 7 1020 ἶ
93 977 199 1044 Vestre
216 981 339 1061 quanta
354 976 550 1060 humilitate,
567 981 755 1061 quantaque
772 975 944 1041 affectione
954 996 1123 1058 possumus
1134 995 1207 1059 sup·

92 1085 242 1169 plicamus,
270 1093 431 1170 quatenus
456 1086 609 1169 dignetur
634 1083 757 1154 Vestra
783 1083 950 1150 Serenitas
975 1085 1017 1152 ad
1042 1106 1156 1168 paoem
1175 1089 1208 1147 et

93 1195 284 1260 concordiam
299 1193 461 1259 inclinari.
478 1190 567 1257 Caro
586 1199 635 1257 est
652 1193 692 1258 de
718 1215 815 1258 carne
832 1198 950 1273 vestra,
972 1198 1004 1256 et
1021 1212 1057 1257 os
1074 1213 1112 1256 611
1129 1191 1208 1256 ossi-

92 1301 144 1366 bus
158 1303 272 1367 vestris
288 1301 360 1381 iste,
377 1323 451 1367 cum
468 1323 531 1384 quo
548 1300 724 1384 gerendum
746 1309 798 1366 est
814 1299 1021 1379 bochellum,
1038 1299 1124 1382 quod
1139 1301 1208 1385 jam

91 1407 271 1490 denuntiari,
287 1409 407 1475 nedum
422 1410 524 1494 incipi
540 1411 619 1476 totis
636 1410 783 1476 sensibus
801 1410 1018 1475 exhorremus.
1036 1408 1122 1475 Caro
1140 1409 1208 1490 qui·

92 1519 154 1584 dem
179 1541 216 1584 ex
242 1540 341 1585 carne
365 1526 484 1601 restra,
509 1523 690 1602 vestraque,
716 1525 753 1584 ut
778 1518 925 1583 confiteri
954 1525 1091 1602 oportet,
1107 1523 1208 1600 utque

91 1635 188 1692 vestre
212 1628 303 1694 nobis
329 1631 530 1692 attestantur
556 1626 676 1708 littere,
702 1628 954 1708 conservatione,
980 1626 1154 1706 beneficiis,
1176 1631 1209 1690 et

90 1737 273 1821 plusquam
298 1742 445 1801 materne
471 1735 652 1801 dilectionis
679 1736 851 1802 affectibus
877 1743 1038 1801 creatura.
1064 1735 1111 1800 Et
1128 1735 1207 1816 quid

87 1843 309 1910 lacrimabilius
335 1850 396 1928 est,
419 1866 500 1928 pene
526 1865 564 1908 ex
591 1849 641 1910 tot
665 1845 804 1927 Regum,
830 1850 863 1910 et
889 1866 928 1909 ex
944 1850 995 1909 tot
1010 1841 1208 1926 Principum,

88 1953 200 2034 quiex
225 1958 335 2017 restro
361 1952 593 2036 gloriosissimo
621 1953 778 2035 sangnine
804 1953 1005 2037 prodierunt,
1031 1951 1100 2035 ipse
1126 1973 1208 2015 unus

87 2067 140 2141 est,
163 2067 320 2145 quantum
346 2060 390 2126 ad
415 2081 525 2126 sexum
550 2060 766 2126 masculinum
794 2061 912 2126 attinet
938 2059 1040 2125 solum
1066 2080 1208 2142 germen.

89 2169 210 2235 Redeat
225 2171 339 2252 itaque
363 2171 450 2234 inter
474 2191 531 2234 vos
547 2191 625 2235 vcra
641 2176 674 2235 et
690 2171 851 2236 naturalis
867 2171 1054 2252 agnationis
1071 2169 1208 2251 affectio,

88 2299 143 2342 nec
158 2284 284 2344 tanturn
310 2277 420 2358 armis,
442 2284 636 2362 tantumque
661 2278 792 2344 licentie
817 2277 905 2344 ferro
931 2279 1073 2344 turbatis
1091 2279 1207 2343 animis

85 2388 301 2469 permittatur,
318 2387 406 2468 quod
429 2386 550 2452 iterum
566 2393 731 2453 certamen
748 2388 809 2453 lroc
825 2389 868 2453 ad
884 2389 1074 2471 sanguinem
1091 2386 1209 2471 perdu-

87 2499 181 2560 catur.
197 2492 295 2560 Oirca
310 2516 408 2579 quam
425 2515 548 2577 pacem,
565 2496 591 2560 si
609 2494 648 2560 de
666 2495 870 2580 beneplacito
887 2492 1208 2579 MajestatisVestre

84 2603 283 2684 processerit,
308 2623 369 2667 nos
395 2599 560 2667 offerimus
576 2624 647 2666 cum
665 2602 800 2668 solemni
817 2604 987 2686 legatione,
1003 2603 1147 2684 totisque
1164 2604 1208 2667 vi-

83 2710 167 2776 ribus
190 2711 358 2790 astituros,
383 2731 442 2775 nec
467 2731 567 2794 grave
592 2710 686 2790 foret,
712 2711 810 2776 etiam
835 2712 920 2775 inter
940 2711 1117 2776 instructas
1132 2711 1208 2776 hinc

83 2817 152 2884 inde
168 2820 263 2902 acies,
279 2817 399 2882 infesta
414 2819 517 2901 signa,
533 2823 565 2882 et
580 2823 715 2901 paratas
732 2816 774 2884 ad
791 2839 935 2902 pugnarn
952 2819 1070 2902 copias,
1087 2819 1206 2902 suppli·

84 2947 148 2991 cern
163 2932 197 2992 et
210 2927 367 2992 inermem
391 2926 500 2991 omnia
525 2932 749 3009 suscepturum
765 2927 800 2990 in
817 2947 851 2992 se
868 2926 1012 3009 vulnera,
1033 2925 1208 2993 dummodo

83 3035 236 3102 toleretur
260 3040 389 3101 tanturn
415 3034 505 3100 nefas
531 3041 563 3100 et
590 3036 776 3101 aboleretur
801 3043 929 3101 tantum
955 3037 1071 3116 odium,
1087 3037 1207 3102 nedum

83 3151 223 3210 oratores
239 3150 369 3209 nostros
386 3144 619 3224 transmittere,
630 3143 687 3209 sed
697 3151 802 3210 totum
814 3145 1040 3210 Florentinum
1051 3145 1206 3228 populum

83 3250 241 3328 devovere,
268 3251 303 3318 Si
328 3253 440 3335 itaque
467 3251 644 3318 decreverit
671 3250 792 3318 Vestra
816 3251 977 3337 Majestas
997 3259 1073 3317 ante
1088 3251 1207 3318 bellum

83 3359 118 3426 de
141 3383 219 3446 pace
245 3359 447 3440 tentandum,
473 3361 651 3426 rescribere
673 3360 826 3445 dignetur
846 3359 964 3427 Vestra
978 3359 1154 3444 serenius,
1170 3367 1208 3427 ut

5 3547 7 3566 ³
83 3470 177 3551 possit
193 3469 282 3534 circa
299 3469 360 3535 hoc
374 3473 489 3534 nostra
505 3466 643 3549 devotio,
655 3475 812 3552 quantum
822 3468 1054 3552 desideramus,
1064 3473 1208 3553 etquen-

5 3621 7 3644 1
82 3584 143 3644 tum
160 3579 354 3664 appetimus,
369 3577 533 3660 laborare,
554 3585 630 3644 ante
646 3581 763 3644 mentis
780 3579 882 3643 aciem
900 3578 1111 3663 proponendo
1127 3579 1208 3644 illud

84 3688 292 3772 expertissimi
307 3686 420 3751 ·Ducis
447 3685 570 3752 dictum
587 3712 593 3752 :
613 3685 753 3752 »Melior
774 3695 824 3752 est
840 3693 1007 3766 certares,
1024 3709 1120 3770 quam
1138 3709 1208 3769 spe-

83 3800 149 3860 rata
164 3795 332 3861 victoria«.
351 3793 506 3860 Ceterum
529 3796 712 3860 oblationes
730 3801 837 3858 vestre
853 3796 1068 3878 benignitatis
1084 3793 1208 3860 devotis

84 3904 190 3968 animis
207 3907 425 3986 acceptantes,
442 3909 474 3968 et
489 3924 550 3986 pro
575 3902 654 3986 ipsis
680 3902 845 3968 humiliter
860 3909 1078 3985 assurgentes,
1095 3901 1136 3966 ad
1154 3902 1208 3966 de-

5 4017 7 4076 ?
83 4008 145 4076 bita
160 4009 318 4095 repondia
333 4012 524 4093 gratiarum,
540 4012 574 4075 in
591 4011 715 4078 cunctis
736 4011 849 4076 vestris
867 4011 1089 4096 beneplacitis,
1107 4032 1206 4094 quen·

5 4123 7 4166 1
84 4122 145 4183 tum
170 4119 303 4186 extendi
328 4124 438 4203 potest
463 4119 666 4203 possibilitas
691 4125 724 4184 et
740 4119 902 4201 honestas,
918 4141 1045 4184 ornnem
1062 4125 1207 4183 nostram

5 4219 6 4292 ἶ
84 4228 257 4306 potentiam
274 4225 436 4292 offerimus
453 4249 546 4293 versa
561 4230 638 4294 vice.
654 4227 927 4293 DataFlorentie
945 4225 996 4290 die
1012 4224 1118 4291 XIII.
1130 4225 1207 4310 Sep-

5 4319 6 4322 *
86 4333 211 4400 tembris
227 4335 293 4400 ΠΙ.
309 4335 492 4402 indictione
509 4332 786 4403 MOOOLXXX.

84 4459 196 4518 (Eredeti
209 4465 423 4528 fogalmeavany
438 4479 455 4514 a
467 4463 603 4528 »dignari
617 4462 771 4530 (larteggie,
785 4463 913 4513 mimive«
928 4464 981 4512 stb.
996 4461 1084 4511 czirntt
1098 4463 1208 4532 osztaly

193 4555 270 4608 xlx.
285 4555 432 4619 kbtegebbl
447 4560 489 4604 40.
504 4569 540 4604 sn.
557 4569 600 4616 e.;
619 4569 635 4600 a
649 4555 779 4604 1161611611
794 4568 867 4618 nagy
882 4552 1074 4618 revertamur.)
