3226 5254
434 321 499 382 380
550 355 552 360 ,
787 335 1023 382 nrenouacznir
1039 322 1207 379 ennena

431 517 493 560 nus
511 493 713 579 Capitaneus
737 495 904 579 predictus
930 495 1126 560 constitutus
1141 496 1175 559 iu
1192 496 1363 579 presentia
1388 496 1450 560 mei
1466 493 1541 558 Pauli

431 605 463 670 N
467 604 565 669 otarii
581 602 782 688 infrascripti
799 611 833 670 et
847 604 980 670 testium
996 602 1291 686 infrascriptorum,
1306 601 1497 668 declarando
1511 601 1536 665 iu

432 713 589 795 predictis
613 712 793 793 veritatem,
818 719 850 776 et
865 733 925 796 pro
950 713 1063 792 tutela,
1089 713 1262 776 securitate
1289 717 1322 778 et
1348 710 1473 776 cautela
1487 716 1540 773 tan

431 820 511 886 dieti
527 820 689 903 Principis
706 825 739 884 et
754 819 888 886 Domini
905 819 1028 884 domini
1053 817 1183 902 Karoli,
1209 840 1307 903 quarn
1334 819 1413 884 dicti
1438 817 1540 883 domini

431 928 633 1008 Balthasari,
644 929 860 1010 quem,etiam
872 927 951 992 dicti
963 925 1151 992 Communis
1162 927 1329 994 Florentio
1346 931 1378 991 et
1396 926 1539 990 dictorum

432 1035 640 1101 Sindioorum
671 1042 703 1100 et
733 1033 1007 1102 Ambaxiatorum
1037 1041 1070 1100 et
1096 1035 1266 1101 cuiuslibet
1300 1038 1447 1119 ipsorum
1470 1035 1539 1100 omni
1597 1085 1600 1090 .

431 1144 534 1226 modo,
551 1145 603 1208 via
619 1145 746 1223 otiare,
762 1164 862 1210 causa
879 1150 911 1210 et
927 1143 1041 1225 forma,
1059 1142 1178 1226 quibus
1195 1143 1310 1210 melius
1335 1146 1451 1229 potuit,
1475 1142 1540 1208 dicit

431 1261 464 1319 et
480 1253 660 1319 declaravit
675 1275 735 1336 per
750 1272 883 1336 presens
899 1251 1063 1336 publicum
1080 1245 1333 1317 instrumentum
1358 1253 1464 1318 omnia
1485 1271 1542 1334 pre

431 1361 522 1426 dicta
537 1361 637 1426 fnisse
654 1367 688 1427 et
704 1379 772 1426 esse
789 1381 874 1444 vera,
891 1366 924 1425 et
939 1358 1027 1443 quod
1043 1362 1111 1443 ipse
1129 1357 1278 1426 domiuus
1295 1360 1320 1426 J
1322 1360 1463 1426 ohannes
1485 1356 1542 1422 ruit

430 1476 462 1533 et
477 1468 540 1533 fuit
555 1474 587 1532 et
604 1474 653 1533 est
669 1473 851 1549 contentus,
869 1468 955 1550 qnod
971 1468 1096 1535 dictum
1114 1467 1294 1534 Commune
1309 1467 1485 1548 Florentia,
1495 1487 1540 1530 seu

430 1577 513 1643 alius
529 1598 589 1660 pro
605 1575 693 1640 dicto
710 1573 881 1640 Communi
899 1575 1043 1641 dedistis
1059 1574 1190 1642 florenis
1208 1576 1326 1659 viginti
1342 1575 1475 1654 milibus,
1490 1572 1542 1656 qni,
1598 1569 1600 1576 ’

430 1693 468 1750 ut
492 1683 684 1769 predicitur,
710 1682 887 1748 secundum
912 1683 1125 1750 intentionem
1141 1683 1219 1749 dicti
1245 1684 1367 1749 domini
1399 1681 1543 1748 Johannis

430 1800 507 1859 sunt
522 1791 701 1877 peripsum
717 1789 908 1857 dimictendi
925 1814 1023 1875 penes
1048 1792 1152 1857 dictos
1168 1789 1424 1858 Ambaxiatores
1438 1796 1469 1857 et
1486 1787 1543 1854 Sin-

430 1903 518 1968 dicos
538 1909 613 1986 post
637 1901 854 1984 receptionem
880 1906 912 1966 et
937 1899 1169 1967 comessionem
1194 1921 1253 1984 per
1278 1922 1352 1965 enm
1376 1897 1543 1964 faciendam

430 2009 536 2077 solvat
552 2016 585 2075 et
601 2010 727 2076 solvere
752 2009 857 2092 possit
873 2015 907 2074 et
924 2008 1041 2075 debeat
1067 2008 1256 2092 supradicto
1283 2007 1416 2073 domino
1431 2004 1542 2071 Karolo

430 2119 613 2204 predictam
628 2116 847 2202 quantitatem
864 2115 1061 2182 florenorum
1084 2116 1194 2181 decem
1219 2115 1357 2181 millium
1382 2115 1453 2181 auri
1468 2109 1542 2178 infra
1588 2155 1591 2162 ·

429 2228 511 2292 duos
527 2247 652 2292 menses
668 2225 814 2309 proxime
829 2229 990 2305 venturos,
1005 2245 1061 2290 seu
1078 2226 1185 2309 ipsum
1202 2224 1367 2290 dominum
1392 2220 1540 2287 Karolum

434 2341 645 2401 contentetet
665 2339 853 2401 contentum
871 2333 973 2398 faciat
993 2331 1138 2399 dedicta
1159 2331 1344 2417 quantitate
1363 2330 1540 2398 florenorum

434 2443 546 2510 decem
562 2442 687 2508 milium
702 2464 762 2526 per
776 2443 1024 2506 instrumentum
1035 2440 1086 2506 vel
1096 2441 1233 2522 litteras,
1243 2441 1364 2524 velper
1381 2439 1476 2505 alium
1489 2455 1542 2499 mo·

429 2554 514 2633 dum,
532 2557 565 2617 et
580 2550 644 2616 suit
660 2557 693 2615 ct
708 2557 758 2615 est
774 2554 946 2615 contentus
964 2555 996 2614 et
1012 2549 1082 2614 vult
1092 2549 1199 2614 dictus
1211 2548 1362 2613 dominus
1379 2546 1539 2623 Johannes,

430 2659 518 2743 qnod
530 2660 652 2725 dictum
669 2656 848 2724 Commune
864 2657 1045 2738 Florentio,
1061 2679 1116 2723 sen
1126 2658 1278 2742 alinspro
1290 2657 1377 2724 dieto
1389 2651 1542 2723 Communi

429 2768 536 2833 solvat
552 2773 585 2830 et
601 2766 725 2832 solvere
735 2767 839 2849 possit
848 2771 880 2831 et
891 2765 1010 2831 debeat
1019 2765 1207 2848 supradicto
1217 2762 1347 2831 domino
1361 2764 1541 2830 Balthasaro
1599 2785 1600 2794 2

428 2877 516 2940 infra
532 2897 631 2941 unum
649 2895 789 2940 mensem
808 2875 953 2958 proxime
970 2879 1143 2940 venturum
1160 2874 1248 2940 dicta
1273 2873 1341 2939 alia
1357 2872 1540 2940 florenorum

429 2983 539 3049 decem
556 2983 656 3068 milia,
674 2984 713 3049 de
730 2983 848 3066 quibus
864 3004 963 3067 supra
978 2982 1016 3047 fit
1032 2983 1163 3064 mentio,
1179 3005 1236 3049 seu
1253 2982 1375 3049 dietum
1391 2981 1538 3048 dominum

428 3089 663 3159 Baithasarum
688 3092 776 3157 infra
801 3091 925 3159 dictum
951 3099 1076 3175 tempus
1101 3093 1198 3160 unius
1222 3095 1345 3158 mensis
1370 3093 1541 3158 contentum

428 3197 529 3265 iaciat
545 3199 586 3266 de
602 3200 698 3265 dictis
714 3198 844 3266 florenis
862 3200 971 3266 decem
990 3199 1121 3266 milibus
1137 3200 1211 3266 auri
1226 3221 1286 3284 per
1305 3201 1557 3271 instrumentum¹

427 3309 477 3374 vel
495 3330 553 3391 per
568 3309 706 3391 litteras,
723 3307 774 3373 vel
789 3329 849 3391 per
865 3310 964 3374 alium
976 3308 1114 3374 modum.
1131 3308 1178 3374 Et
1188 3330 1227 3374 ex
1238 3329 1324 3375 nuuc
1334 3308 1378 3374 ad
1394 3303 1541 3372 cantelam

429 3415 537 3482 dictus
553 3415 702 3482 dominus
720 3414 744 3482 J
746 3415 890 3481 ohannes
906 3415 941 3478 in
957 3435 1035 3480 casu
1052 3434 1119 3495 quo
1130 3414 1235 3480 dictus
1245 3412 1394 3480 dominus
1410 3410 1543 3478 Karolns

428 3524 599 3604 receperit,
615 3544 671 3588 seu
687 3527 857 3588 contentus
875 3521 976 3587 fuerit
991 3543 1011 3586 a
1028 3522 1115 3587 dicto
1132 3519 1304 3588 Communi
1330 3519 1494 3588 Florentie
1508 3514 1542 3579 de

428 3629 523 3696 dictis
539 3629 669 3696 florenis
685 3630 795 3695 decem
812 3629 953 3694 millibus
969 3628 1041 3695 auri
1067 3628 1230 3695 solvendis
1245 3629 1334 3696 infra
1359 3631 1438 3696 duos
1463 3646 1540 3691 rnen·

428 3759 487 3819 see,
512 3746 549 3806 ut
575 3760 675 3822 snpra
701 3739 824 3802 dictum
850 3744 918 3818 est,
944 3744 977 3802 et
1002 3737 1109 3804 dictus
1136 3739 1284 3804 dominus
1311 3738 1481 3804 Balthasar
1499 3754 1541 3798 rc-

427 3848 549 3930 oeperit
564 3868 622 3912 seu
648 3853 816 3911 contentus
842 3845 942 3911 fuerit
968 3868 988 3912 a
1013 3845 1101 3913 dicto
1127 3845 1300 3913 Communi
1321 3846 1484 3913 Florentie
1506 3841 1541 3905 de

427 3954 526 4020 dictis
562 3954 692 4020 florenis
730 3954 841 4020 decem
872 3953 1015 4020 millibus
1046 3958 1117 4021 auri
1152 3955 1312 4021 solvendis
1338 3955 1424 4021 infra
1454 3970 1542 4017 unum

426 4085 576 4141 mensem,
591 4068 629 4126 ut
645 4062 870 4146 supradictum
896 4069 954 4143 est,
980 4061 1058 4129 fecit
1084 4063 1182 4129 michi
1208 4065 1315 4130 Paulo
1341 4062 1476 4130 Notario
1499 4059 1541 4122 in·

425 4172 604 4255 trascripto
619 4178 658 4236 ut
673 4170 803 4254 publice
827 4192 965 4254 persone
990 4173 1162 4257 recipienti
1188 4194 1247 4256 pro
1274 4173 1361 4238 dicto
1387 4164 1544 4238 Communi

426 4279 602 4363 Florentie,
617 4286 649 4344 et
665 4301 725 4362 pro
751 4278 847 4344 dictis
865 4277 1160 4346 Ambaxiatoribus
1177 4287 1209 4346 et
1227 4279 1369 4348 Sindicis
1389 4281 1486 4356 finem,
1500 4293 1544 4337 re·

426 4387 622 4467 missionem,
638 4386 827 4471 quietatem,
847 4386 1075 4453 liberationem
1091 4394 1124 4455 et
1139 4395 1271 4472 paetum
1287 4388 1328 4454 de
1343 4388 1476 4455 ulterius
1491 4381 1543 4446 ali·

428 4494 506 4577 quid
523 4517 586 4560 non
603 4494 744 4578 petendo
760 4493 801 4560 de
818 4494 912 4560 dictis
930 4496 1174 4582 quantitatibus
1191 4495 1386 4564 florenorum
1405 4492 1472 4564 auri
1486 4485 1542 4555 sol·
