3214 5250
595 330 689 392 1388.
1139 332 1210 392 651

83 503 161 566 mini
177 502 280 588 Regis
296 505 478 590 Hungarie,
497 507 583 589 quod
601 507 690 572 novit
706 505 961 596 Deus,libeuter
987 508 1206 588 voluissemus,

80 611 166 694 quod
182 613 252 696 ipse
268 613 436 680 habuisset
452 616 638 682 libertatem
655 617 741 681 circa
756 615 838 681 illud
864 617 1050 699 capitulum,
1076 617 1115 681 (16
1141 638 1205 700 quo
1279 651 1283 674 ·

79 721 141 818 sibi
156 720 289 789 fecimus
306 727 512 806 mentionem,
528 733 561 790 et
577 727 611 790 in
627 725 757 808 ultimis,
771 725 902 810 quando
913 731 1115 790 recesserunt
1133 747 1205 790 nos-

78 830 121 894 tri
138 827 379 898 Ambaxatores
406 833 446 897 de
471 833 621 916 partibus
646 832 826 916 Huugarie,
851 835 911 918 ipsi
938 835 1085 898 fecerunt
1106 834 1204 900 etiam

78 940 271 1006 mentionem
288 941 418 1006 domino
434 941 532 1024 Regi,
549 942 626 1024 quia
643 940 684 1006 ad
701 964 817 1026 parere
834 943 935 1007 nostri
952 942 1097 1008 Dumiuii
1121 941 1203 1007 illud

78 1049 256 1134 capitulum
273 1051 373 1115 servit
389 1055 422 1114 et
438 1051 571 1133 respicit
586 1051 620 1114 in
636 1073 763 1116 omnem
780 1058 917 1134 partem,
934 1057 967 1115 et
986 1057 1037 1116 est
1061 1051 1129 1115 sine
1145 1049 1203 1115 ali-

78 1179 143 1240 qua
159 1158 348 1240 suspicione,
364 1165 397 1223 et
414 1159 452 1224 (16
470 1158 528 1222 illo
546 1157 703 1224 deberent
719 1181 829 1225 omnes
855 1181 924 1224 esse
951 1159 1105 1239 contenti,
1122 1159 1208 1224 siout

77 1287 137 1350 per
166 1273 294 1331 nostros
320 1262 564 1332 Ambaxatores
590 1267 654 1330 dici
678 1265 814 1332 fecimus
830 1266 1043 1334 Serenissimo
1067 1267 1201 1333 domino

76 1373 163 1458 Regi
179 1374 212 1438 in
228 1371 377 1458 partibus
393 1373 573 1458 Hungarie.
590 1376 636 1440 Et
653 1376 730 1460 quia
755 1377 868 1442 modus
885 1375 1049 1459 predictus
1074 1376 1204 1442 videtur

76 1481 169 1547 nobis
185 1481 288 1547 bonus
305 1489 338 1547 et
353 1483 443 1548 utilis
458 1505 518 1566 pro
535 1490 673 1567 utraque
700 1491 804 1567 parte,
821 1484 1120 1550 Excellentissimus
1146 1483 1202 1548 do-

75 1591 182 1655 minus
198 1591 272 1655 Rex
287 1612 412 1674 semper
429 1591 569 1658 inveniet
584 1589 846 1657 Dominationem
857 1599 1002 1658 nostram
1013 1593 1099 1658 circs
1109 1594 1203 1658 illum

75 1696 206 1765 modum
222 1699 304 1764 bene
321 1699 512 1783 dispositam
530 1705 562 1764 et
577 1705 737 1782 paratam.

75 1845 112 1909 (Α
139 1846 268 1895 »Secreta
293 1844 406 1895 Consilii
431 1846 619 1912 Rogatorum
644 1848 732 1898 ozimti
756 1848 893 1898 veleuezei
916 1847 1085 1898 tllamsktdk
1108 1849 1140 1898 R.
1154 1845 1203 1898 lo-

505 1937 612 1988 1616661
628 1942 668 1989 13.
682 1953 719 1988 su.
731 1940 767 1999 a.)

616 2103 622 2108 .
629 2101 718 2108 m-ae--a-

601 2223 687 2288 384:

72 2385 106 2454 A
123 2383 719 2473 66166666111161616666ά9661666116666
738 2385 880 2454 Taurino
905 2387 952 2452 II.
978 2387 1093 2454 Istvda
1116 2380 1202 2453 azerb

309 2499 342 2561 c's
357 2497 502 2561 boazaioi
518 2497 701 2583 kirdlpnak
717 2497 854 2561 levelere.
872 2499 966 2564 1388.

182 2655 279 2722 Anno
297 2654 669 2726 MCCOLXXXVIII.
686 2656 860 2723 indictione
886 2651 953 2724 XI.
981 2657 1033 2723 die
1059 2647 1200 2723 XXIX.

72 2763 195 2828 mensis
226 2762 363 2849 Aprilis.
388 2763 556 2850 Capta:
589 2764 672 2832 Cum
698 2763 929 2833 Serenissimus
956 2767 1103 2832 dominns
1128 2764 1203 2831 Rex

38 2920 43 2930 .
70 2872 181 2938 Raxie
198 2875 364 2958 scripserit
380 2881 492 2940 nostro
508 2875 663 2940 Dominio
681 2876 829 2960 rogando
845 2897 917 2941 cum
933 2877 1100 2956 instantis,
1114 2872 1201 2958 quod

68 2979 168 3047 nobis
184 2982 313 3064 placeat
327 2981 370 3048 ad
386 2983 583 3065 presentiam
600 3003 690 3050 suam
707 2985 837 3048 mittere
853 3005 953 3048 unum
969 2983 1010 3048 de
1026 2983 1149 3047 nostris
1159 2979 1201 3054 ad

68 3083 271 3156 audiendum
288 3111 336 3171 ea,
353 3111 416 3173 que
433 3089 501 3155 Suu
526 3090 632 3174 Regia
656 3090 818 3156 Maiestas
844 3085 948 3156 eiicere
973 3083 1088 3172 vellet3
1112 3085 1202 3154 vadit

67 3217 151 3281 pars
167 3219 226 3280 pro
242 3199 352 3266 multis
369 3199 462 3264 bouis
478 3199 687 3283 respectibus,
703 3196 791 3284 quud
806 3221 866 3283 pro
882 3200 979 3265 modo
1004 3221 1068 3264 non
1093 3197 1202 3264 mitta*

66 3315 126 3371 tur
143 3306 262 3392 aliquis
279 3309 319 3372 de
335 3309 455 3375 nostris
471 3309 514 3374 ad
531 3309 635 3392 ipsum
651 3307 817 3373 dominum
833 3307 958 3391 Regem
982 3306 1096 3389 Raxie,
1123 3307 1201 3390 quia

66 3435 139 3479 non
157 3420 209 3478 est
223 3418 477 3498 neccessarium3
494 3418 572 3501 quia
588 3439 648 3483 nos
663 3416 810 3482 misimus
828 3417 921 3497 alias,
945 3421 982 3481 ut
1007 3420 1120 3480 notum
1144 3419 1202 3496 est,

66 3530 104 3588 et
120 3523 285 3590 mictendo
303 3525 342 3590 de
359 3543 442 3591 novo
459 3531 491 3591 et
508 3524 683 3608 redeundo,
699 3532 730 3591 et
746 3525 865 3590 iterum
881 3524 1077 3590 remittendo
1094 3523 1137 3587 ad
1152 3523 1199 3605 ip·

65 3655 145 3698 sum
163 3633 326 3699 dominum
343 3635 468 3718 Regem
485 3635 679 3718 perderetur
705 3633 842 3699 multum
858 3633 898 3699 do
914 3640 1068 3718 tempore.
1086 3629 1154 3697 Sed
1170 3629 1197 3694 si

65 3743 181 3826 Regio
198 3742 371 3808 Maiestati
389 3743 453 3810 Sue
463 3745 571 3828 placet
587 3743 712 3829 aliquid
722 3744 826 3808 dicere
836 3749 946 3809 nostro
957 3741 1121 3822 Dominio,
1131 3741 1201 3824 ipse

62 3857 183 3936 potest
203 3854 333 3918 mittere
359 3853 401 3918 ad
427 3875 494 3932 nos,
526 3853 604 3935 quia
628 3853 798 3919 audiemus
824 3852 976 3918 alacriter
1001 3857 1034 3915 et
1059 3847 1200 3914 libenter

60 3961 191 4041 omnia,
207 3983 269 4044 que
286 3961 346 4026 sibi
363 3959 539 4046 placebunt
555 3961 671 4027 (licere.
697 3961 743 4026 Et
759 3963 806 4024 sic
821 3959 1056 4044 respondeatur
1071 3958 1125 4024 isti
1141 3977 1199 4022 suo

59 4065 297 4152 Amba-satori,
314 4071 369 4152 qui
381 4076 430 4135 est
440 4070 501 4134 hio.

60 4216 102 4279 (A
120 4217 251 4268 »Secreta
265 4215 378 4268 Consilii
392 4220 582 4284 Rogutorum
604 4218 698 4268 ozimtt
711 4216 850 4268 velenczei
872 4215 1043 4265 allamalrttk
1066 4213 1099 4262 R.
1123 4213 1199 4263 kbte·

513 4309 597 4359 tobel.
612 4315 652 4359 14.
667 4324 702 4359 aa.
719 4310 755 4370 a.)

555 4471 618 4481 n--n-
628 4473 714 4481 ------

111 4691 180 4734 MOS.
196 4693 276 4733 ssUlii’·
293 4695 362 4734 Hlfl'l'.
378 4703 422 4716 “··
437 4695 505 4732 ACTA
520 4697 581 4732 ΒΚΤ.
598 4695 636 4732 ΠΙ(
