3214 5250
766 441 996 489 nrrnouaczmr
1015 423 1184 490 sarriana.

941 735 1015 797 412.

421 892 562 958 Teartlco
587 895 637 957 ll.
665 895 778 958 latoria
805 895 892 958 azerb
917 897 948 959 e'a
974 896 1118 960 bosaniai
1134 896 1317 982 kirrilyaalc
1343 919 1363 958 ιι
1381 895 1518 984 floranrzi

808 1001 1028 1092 ktiztcirsoadp.
1055 1006 1149 1070 1389.

634 1167 718 1250 Regi
735 1166 881 1232 Bossiue.

522 1273 733 1339 Serenissime
758 1281 858 1358 atque
884 1272 1161 1339 Christianissime
1178 1273 1343 1356 Princeps.
1371 1269 1523 1338 Gloriosis·

415 1383 528 1446 simam
545 1384 723 1464 victoriam,
749 1404 848 1466 quam
874 1382 1119 1467 Omnipotentis
1135 1389 1167 1446 et
1182 1382 1298 1448 Eterni
1321 1381 1456 1446 numinis
1471 1381 1523 1445 ine-

415 1492 580 1556 narranda
596 1491 788 1576 benignitaa
805 1491 847 1556 ab
864 1493 931 1558 alto
948 1491 1124 1574 respiciens
1149 1510 1280 1574 gregem
1293 1477 1398 1570 ¹suum,
1413 1489 1524 1556 Sereni-

414 1601 476 1664 tati
493 1597 613 1666 Vestro
630 1602 798 1682 concessit,
825 1607 1005 1665 vestrarum
1029 1600 1216 1664 litterarum
1233 1600 1316 1662 serie
1333 1597 1523 1682 gratulanter

415 1709 605 1791 accepimus,
621 1716 655 1774 et
670 1711 703 1773 in
719 1709 791 1791 ipsa
801 1730 874 1773 cunr
891 1707 1076 1792 Majestatis
1091 1705 1213 1774 Vestra
1229 1706 1369 1770 culmine
1384 1705 1456 1770 letis
1470 1705 1525 1769 ani·

415 1817 474 1879 mis
491 1816 680 1880 exultamus.
701 1815 790 1881 Nam
816 1816 961 1901 quamvis
976 1815 1044 1898 jam
1062 1815 1119 1879 diu
1136 1813 1346 1898 tryumphnm
1362 1813 1445 1878 hune
1459 1809 1526 1876 Sub

415 1923 547 1988 limitati
575 1923 694 1990 Vestre
721 1925 836 1990 celitus
863 1923 1020 1989 traditum
1046 1930 1113 1988 tum
1141 1922 1239 2002 fama,
1271 1929 1342 1987 tum
1367 1919 1525 1986 multorum

416 2031 647 2114 scriptionibus
665 2040 776 2098 nestra
794 2033 921 2097 devotio
947 2033 1151 2118 percepisset,
1170 2031 1326 2116 nobisque
1343 2028 1527 2094 notissimum

417 2138 503 2202 foret
519 2137 571 2204 die
589 2140 668 2209 XV.
685 2140 804 2205 mensis
821 2141 845 2206 J
848 2140 914 2224 unij
941 2140 1087 2224 proxime
1109 2140 1209 2224 elapsi
1227 2137 1400 2223 superbam
1416 2134 1528 2202 temeri

416 2253 527 2329 tatem,
544 2248 815 2331 temerariamque
843 2249 1026 2331 superbiam
1053 2245 1324 2314 Maomeethieole
1350 2243 1528 2322 Lamoretti,

416 2355 470 2437 qui
487 2354 622 2440 Frigum
649 2358 714 2420 sive
732 2356 934 2422 Turehorum
961 2356 1097 2441 imperio
1117 2356 1274 2420 violenter
1289 2353 1417 2437 adepto,
1434 2351 1529 2418 Chris·

416 2463 610 2545 benitatem,
636 2469 669 2528 et
693 2465 867 2530 salvatoris
892 2467 997 2531 nostri
1022 2486 1139 2530 nomen
1164 2484 1203 2528 ex
1220 2461 1310 2528 orbis
1327 2461 1411 2527 faeie
1427 2459 1528 2526 tollere

418 2569 594 2652 cogitabat,
623 2577 654 2634 et
681 2573 707 2636 si
734 2573 903 2655 potuisset,
920 2571 959 2636 de
970 2573 1059 2638 libro
1076 2571 1250 2637 viventium
1268 2569 1409 2648 abolere,
1425 2569 1531 2652 quique

418 2679 517 2770 stulte
533 2677 612 2743 fines
639 2685 819 2744 vestrorum
845 2680 1034 2761 Regnorum
1059 2682 1235 2761 invaserat,
1252 2682 1284 2744 in
1300 2679 1372 2745 loco
1389 2680 1444 2763 qui
1459 2696 1532 2742 cam·

417 2806 478 2871 pus
495 2785 680 2853 Turcorum
696 2787 825 2868 dicitur,
842 2811 914 2854 cum
932 2789 1068 2854 infinitis
1095 2789 1241 2872 gentium
1257 2810 1390 2854 suarum
1405 2787 1533 2861 milibus,
1592 2863 1593 2876 χ

418 2913 553 2978 cumque
571 2895 696 2960 duobus
722 2895 805 2978 filiis,
831 2897 932 2974 multo
950 2918 1022 2966 eum.
1041 2896 1196 2981 sanguine
1217 2897 1390 2977 cecidisse;
1412 2893 1534 2960 nichilo·
1591 2975 1593 2978 Ι

418 3003 527 3068 minus'
541 3009 651 3068 tamen
669 3003 728 3068 hoc
744 3003 841 3069 fuisse
858 3003 1035 3070 humilitati
1062 3010 1172 3069 nostre
1189 3025 1246 3086 per
1261 3004 1404 3087 Regales
1419 3003 1535 3067 litteras
1592 3019 1593 3058 1

418 3110 602 3177 intimatum
619 3117 652 3175 et
668 3111 848 3194 gloriosum
865 3121 897 3176 et
915 3103 1134 3196 gratissimum
1151 3111 1244 3177 nobis
1261 3112 1332 3176 fuit.
1358 3110 1446 3195 Quid
1461 3111 1535 3176 enim
1591 3149 1593 3194 5

420 3219 527 3304 potuit
544 3219 635 3283 nobis
652 3221 736 3284 veris
763 3219 888 3285 Christi
914 3220 1095 3286 cultoribus
1120 3217 1265 3304 pulcrius
1291 3224 1349 3283 aut
1374 3219 1535 3302 gloriosius
1591 3225 1593 3284 ξ

419 3327 573 3406 nuntiari,
600 3349 696 3410 quam
723 3350 833 3412 pugna
858 3329 916 3394 illa
940 3329 1065 3393 cunctis
1096 3327 1308 3414 memoranda
1338 3325 1536 3409 temporibus,

420 3457 485 3520 que
500 3442 550 3501 tot
567 3435 785 3522 Trojanorum
811 3436 1056 3520 infideliumque
1072 3438 1170 3517 milia,
1185 3458 1258 3502 cum
1274 3437 1330 3500 illo
1347 3435 1440 3500 Duce
1455 3433 1537 3500 terri·
1592 3477 1593 3508 3

421 3541 478 3608 bili
494 3543 708 3610 ceciderunt?
732 3545 827 3610 Felix
844 3551 938 3611 tante
955 3547 1073 3629 stragis
1083 3567 1225 3631 campus,
1235 3545 1291 3628 qui
1302 3565 1448 3610 cesorum
1464 3562 1538 3616 ossa

422 3658 567 3715 eternum
585 3651 718 3718 victorie
743 3653 989 3734 munimentum,
1006 3655 1039 3718 in
1055 3660 1158 3718 etates
1183 3653 1341 3737 plurimas
1358 3647 1538 3716 reservabit

422 3756 515 3823 Felix
536 3755 644 3821 Bosne
660 3757 821 3841 Regnum,
840 3761 892 3824 c'ui
910 3761 1047 3842 contigit
1062 3767 1131 3824 tam
1147 3760 1326 3842 gloriosum
1343 3765 1467 3824 certare
1481 3776 1539 3820 cer·

422 3872 541 3946 tamen,
557 3871 747 3950 tantamque
773 3869 807 3933 in
835 3865 961 3932 Christi
979 3866 1112 3934 dextera
1127 3867 1295 3932 victoriam
1313 3865 1468 3932 obtinere
1486 3864 1513 3928 F
1513 3884 1538 3926 e
1592 3911 1593 3952 3

422 3971 518 4038 lixet
533 3971 592 4038 illa
617 3971 695 4056 dies,
721 3997 759 4040 ae
775 3974 872 4040 Beati
890 3974 958 4042 Vir·
934 3982 960 4040 ιι
978 3973 1180 4040 Sanctissimi
1197 3973 1351 4038 Martiris
1367 3973 1539 4038 celebriset

423 4079 608 4146 veneranda
624 4083 869 4165 memoriaque
886 4083 944 4147 dat
930 4089 998 4146 turn
1016 4088 1064 4147 est
1079 4081 1152 4146 host
1138 4081 1305 4147 temillum
1322 4081 1537 4147 ferocissimum
1591 4075 1593 4172 l

1575 4837 1593 5244 i

424 4207 587 4271 superare.
604 4187 814 4254 Felices
751 4196 784 4254 θ
800 4195 850 4254 ter
867 4169 1049 4274 quaterque
1074 4188 1184 4266 felices
1209 4189 1384 4255 duodecim
1400 4189 1456 4254 illa
1469 4187 1540 4252 Pro·

427 4318 535 4361 oerum
549 4298 662 4380 jurata
687 4320 809 4377 manns,
831 4300 891 4381 qui
911 4305 1035 4363 turmas
1053 4298 1193 4364 hostium
1209 4305 1464 4383 perrumpentes
1477 4314 1540 4360 con·

427 4411 662 4487 catenatosque
687 4407 721 4469 in
746 4407 884 4472 circuitu
915 4407 1057 4472 camelos
1083 4407 1124 4471 ad
1151 4405 1341 4471 Lamoratti
1370 4405 1538 4478 tentorium.

429 4513 610 4593 aperientes
627 4515 712 4576 viam
730 4514 825 4594 ferro,
842 4515 1079 4599 vigorosissime
1096 4518 1324 4598 pervenerunt.
1340 4513 1434 4580 Felix
1449 4519 1478 4577 et
1492 4507 1538 4572 ille

424 4640 524 4703 super
548 4619 640 4701 alios,
665 4623 720 4710 qui
746 4622 858 4688 ducem
883 4630 976 4688 tante
1002 4625 1156 4708 potentie,
1172 4623 1300 4708 gutturi
1316 4628 1414 4707 atque
1429 4612 1537 4702 inguini
