3190 5252
491 387 495 396 ·
601 357 695 420 rasa
774 429 776 436 ,

616 555 690 618 231.

87 713 150 776 ΙΙΙ.
169 713 291 800 Koroly
306 715 489 801 kirdlpnalr
506 715 694 781 adokozrtsa
706 715 812 781 Jonas
822 717 1136 803 Mopyarorszdpbdl
1149 718 1211 782 uela

356 823 422 905 jort
437 824 635 889 aduornolca
651 827 812 888 szdmdro.
838 825 933 888 1382.

188 983 360 1048 lohannes
386 983 481 1048 Petri
505 983 634 1068 Vngari
650 982 822 1050 familiaris
839 987 872 1050 et
889 985 1022 1051 devotus
1038 944 1137 1052 babet
1154 1006 1213 1067 pro

85 1089 183 1171 gratis
197 1096 231 1154 et
246 1090 421 1173 plurimum
438 1093 578 1174 acceptis
597 1091 739 1175 servitijs
755 1113 814 1175 per
829 1113 900 1157 eum
917 1097 984 1158 tam
1010 1091 1095 1158 infra
1112 1116 1210 1176 qnam

11 1275 14 1294 L
86 1203 174 1262 extra
183 1195 334 1282 Regnum
345 1196 457 1264 Sicilie
468 1197 608 1265 fideliter
617 1199 763 1282 prestitis
773 1221 844 1265 oum
860 1223 998 1284 persone
1015 1223 1072 1267 sue
1089 1202 1213 1285 pericu·

11 1299 13 1304 ’
87 1303 123 1367 lis
139 1311 171 1369 et
187 1304 340 1369 oneribus
351 1327 573 1389 expensarum,
590 1327 694 1389 quoue
704 1313 829 1391 prestat
838 1306 880 1374 ad
890 1329 1034 1393 presens,
1046 1309 1156 1374 uncias
1168 1311 1211 1374 vi·
1240 1373 1246 1393 ,

11 1477 12 1484 ¹
86 1413 166 1495 giuti
184 1415 329 1496 quatuor
346 1433 471 1479 annuas
488 1415 555 1480 rita
572 1437 630 1480 sua
646 1414 797 1480 durante.
815 1419 909 1482 1382.
929 1421 980 1485 13.
997 1416 1124 1503 Martij.

87 1558 120 1620 (A
136 1560 275 1626 ›Registri
290 1560 439 1626 Angioinic
455 1567 515 1612 358.
529 1577 567 1612 sz.
580 1578 603 1612 a.
617 1561 759 1612 kdtetebdl
772 1565 839 1628 Reg.
853 1563 945 1614 Caroli
954 1565 1007 1615 III.
1021 1567 1078 1614 153.
1093 1563 1120 1627 l.,
1133 1578 1150 1614 a
1162 1563 1214 1614 kir.

398 1653 473 1702 olasz
486 1651 602 1716 napolyl
616 1667 690 1716 nagy
704 1653 898 1715 leveltetrban.)

569 1815 652 1824 ἰα-...-
670 1816 730 1822 -Α--

616 1958 690 2019 232.

11 2143 12 2146 ¹
84 2116 104 2178 I
107 2117 148 2182 II.
166 2117 297 2204 Ka'roly
312 2117 437 2181 sicilici
453 2117 634 2204 ttrolynat·
652 2119 840 2183 adalcozrisc
868 2117 1064 2184 uduornoloo
1083 2119 1214 2204 Sze'lcely

429 2225 559 2312 Mitolp
576 2230 737 2290 cadurcino.
765 2229 859 2292 1382.

107 2443 111 2451 .
188 2384 336 2453 Karolus
353 2384 485 2451 Tertius
503 2391 561 2451 etc.
578 2377 735 2451 iniuersis
751 2393 916 2469 presentes
930 2385 1064 2451 licterus
1089 2386 1214 2470 inspec-

11 2533 13 2538 ·
85 2497 165 2560 turis
181 2501 251 2560 tarn
268 2493 475 2577 presentibus
501 2515 599 2578 quam
624 2494 751 2560 futuris
768 2495 907 2560 Exaltat
922 2497 1100 2576 potentiam
1119 2493 1215 2559 Prin·

31 2649 34 2656 .
86 2603 189 2686 cipum
220 2603 373 2668 munifica
398 2603 615 2669 remuneratio
631 2603 869 2682 subiectorum3
896 2602 973 2685 quia
988 2603 1213 2686 recipientium

85 2709 162 2776 fides
179 2711 299 2776 crescit
325 2731 365 2775 ex
381 2711 516 2792 premio,
536 2717 569 2776 et
587 2711 642 2795 alij
662 2710 705 2775 ad
722 2709 965 2793 obsequendum
982 2709 1132 2776 deuotius
1147 2712 1214 2776 ani-

84 2825 212 2884 mantur
231 2819 389 2902 exemplo.
415 2818 638 2884 Actendentes
662 2819 763 2902 igitur
788 2819 1010 2884 sinceritatem
1031 2819 1214 2884 deuotionis
1326 2812 1329 2818 ’

84 2932 114 2990 et
129 2925 203 2992 fidei
220 2925 438 3010 Seolimigalis
454 2925 582 3011 Vugarj
600 2926 772 2992 familiaris
785 2927 890 2992 nostri
901 2924 1078 3009 deuotique
1095 2925 1214 3007 dilecti,

84 3041 176 3116 grata
193 3036 467 3119 quamplurimum
493 3040 692 3118 acceptaque
718 3035 854 3100 seruitia
872 3057 930 3118 per
947 3035 1051 3118 ipsum
1068 3032 1214 3099 Seclimi-

12 3175 13 3202 ;
85 3142 188 3223 galem
203 3143 377 3210 Maiestati
394 3141 515 3208 Nostre
531 3138 671 3208 fideliter
681 3144 827 3226 prestita,
836 3148 906 3207 tam
916 3142 1003 3207 intra
1012 3163 1108 3224 qnam
1121 3148 1215 3208 extra

11 3339 13 3342 Ι
84 3249 232 3334 Regnum
250 3257 395 3316 nostrum
413 3249 531 3332 Sicilie,
542 3270 616 3315 oum
631 3270 767 3334 persone
784 3273 839 3316 sue
855 3249 1006 3335 periculis
1017 3255 1050 3314 et
1060 3249 1213 3315 oneribus

83 3379 286 3442 xpensarum,
303 3380 407 3444 queue
423 3363 551 3442 prestat
566 3357 608 3424 ad
633 3379 766 3442 presens
782 3367 815 3424 et
832 3379 1001 3443 speramus
1018 3358 1114 3425 cumi
1132 3381 1212 3424 nau·

85 3470 135 3531 tea
150 3474 261 3533 nostro
278 3467 410 3532 culmini
435 3466 474 3532 de
490 3465 575 3532 bono
592 3467 625 3530 in
641 3465 756 3532 melius
772 3467 995 3551 prestiturum.
1014 3467 1061 3536 Vt
1076 3466 1213 3550 proinde

11 3609 12 3614 κ
84 3574 185 3657 ipsum
200 3596 439 3660 prosequamur
464 3579 560 3658 grato
586 3575 740 3658 rependio
759 3575 974 3658 premiorum;
999 3575 1103 3640 eidem
1121 3571 1212 3639 Sedi-

85 3683 191 3766 migali
217 3705 257 3749 ex
281 3704 366 3747 nuuc
390 3684 525 3748 inantea
550 3681 716 3765 usquead
741 3688 888 3747 nostrum
914 3682 1154 3765 beneplacitum
1172 3681 1212 3747 de

86 3791 198 3857 annuis
215 3791 317 3877 vncijs
335 3793 406 3857 auri
424 3789 537 3875 viginti
563 3789 717 3874 ponderis
734 3790 904 3874 generalis,
920 3791 1138 3875 percipiendis
1154 3812 1212 3874 per

11 3963 13 3966 .
86 3922 154 3965 eum
171 3921 257 3965 anuo
275 3899 430 3983 quolibet,
446 3899 533 3963 dicto
549 3903 659 3963 nostro
676 3897 880 3982 beneplacito
896 3900 1095 3982 perdurante
1112 3904 1212 3982 atque

84 4009 245 4092 mandato,
260 4009 295 4073 iu
311 4014 344 4073 et
359 4027 456 4092 super
468 4005 606 4091 juribus,
623 4005 804 4072 redditibus
816 3983 1071 4090 etprouentibus
1087 4006 1212 4073 cabellc

85 4116 219 4198 pilorum
247 4138 304 4182 seu
329 4116 402 4182 lane
428 4121 516 4181 terre
541 4120 650 4181 nostre
675 4113 789 4180 Baroli
816 4115 967 4180 duximus
989 4115 1105 4180 barum
1130 4115 1213 4180 serie

86 4225 203 4311 proprij
221 4229 328 4290 motus
345 4224 502 4289 instinctu
518 4221 719 4288 liberalitate
735 4243 834 4301 mera,
850 4227 940 4287 certa
951 4227 1065 4288 nostra
1076 4221 1212 4290 scientia

86 4338 116 4395 et
132 4333 261 4418 specialj
281 4313 389 4416 gratia
405 4327 652 4416 prouidendum,
667 4329 740 4412 lege
764 4351 821 4396 scu
837 4329 1068 4398 constitutione
1084 4337 1212 4394 contra-

87 4438 142 4520 ria,
153 4447 184 4504 et
200 4441 374 4523 presertim
392 4461 430 4504 ea
447 4457 510 4523 que
526 4437 756 4503 alienationem
771 4459 882 4504 rerum
897 4457 953 4504 seu
965 4437 1088 4522 jurium
1104 4434 1212 4504 dema-

12 4531 13 4536 '
86 4546 213 4613 nialium
232 4549 301 4615 siue
318 4545 477 4614 fiscalium
494 4547 565 4612 lieri
576 4545 844 4631 prohibet‚quam
855 4545 961 4612 inhoc
972 4567 1049 4612 casu
1065 4545 1105 4612 de
1122 4551 1211 4613 certa
