3182 5252
278 423 282 432 .
379 363 444 428 540
732 377 964 426 nrrnouaozuu
982 367 1149 424 nunnunu.

378 561 432 608 aar
446 541 536 608 Ianne
551 541 592 608 de
607 539 721 607 Medio
736 538 856 606 fautori
872 559 939 623 suo,
954 537 1044 624 quod
1053 559 1143 606 rame
1153 539 1402 625 superveniente
1415 561 1502 625 guer-

377 672 416 717 ra
430 670 489 735 per
505 647 670 733 rapientes
685 653 820 714 nostroe
829 651 917 714 terre
934 668 1015 714 noue
1029 652 1201 733 tamquam
1216 645 1304 714 bona
1321 653 1501 715 nostrorum

377 758 582 826 inimieorum
597 756 660 824 fuit
675 762 844 842 aooeptnm
859 754 901 822 de
917 755 1006 823 dioto
1025 754 1127 840 gathu
1143 761 1176 822 et
1191 754 1370 838 venditum,
1397 762 1431 822 et
1451 755 1501 821 de-

377 867 464 934 narii
479 866 578 953 positi
594 867 627 931 in
643 884 812 932 commune
828 864 1004 932 seeundum
1019 863 1158 932 formam
1182 865 1289 951 partin
1313 864 1398 931 aliae
1413 871 1501 948 eapte

378 974 568 1060 auperhoo;
591 980 625 1040 et
634 973 742 1057 pridie
751 972 972 1057 comparuerit
981 991 1091 1040 oorem
1101 977 1216 1040 nostro
1232 972 1389 1040 Dominio
1405 973 1502 1039 Fbau·

376 1081 481 1148 oioonn
497 1081 538 1148 de
554 1078 734 1162 Bernardo,
750 1079 873 1160 dicem,
887 1079 1011 1148 habere
1025 1081 1290 1164 procurationem
1304 1080 1348 1148 ad
1373 1081 1500 1165 plenum

376 1190 419 1257 ab
433 1187 610 1256 heredibus
628 1187 680 1254 vel
704 1188 934 1256 commissariie
958 1187 1038 1254 dieti
1056 1208 1109 1255 ser
1124 1185 1217 1256 Petri
1232 1186 1274 1254 de
1299 1187 1451 1270 Yuanus,
1472 1195 1501 1253 et

374 1303 544 1382 tamquam
560 1297 629 1362 eiua
645 1295 790 1362 creditor
805 1302 838 1362 et
854 1295 1005 1379 aliorum,
1022 1296 1081 1378 qui
1097 1293 1210 1361 dieunt
1223 1317 1258 1362 ne
1274 1295 1344 1363 iore
1368 1295 1500 1364 oredito-

374 1427 427 1472 rea
445 1427 518 1472 cum
527 1404 632 1471 literis
643 1402 934 1471 recomendationie
945 1401 1116 1486 Reginalis
1125 1401 1315 1470 Maiestatis
1324 1388 1502 1490 Hungarie,

374 1511 522 1595 dicendo,
537 1512 625 1596 quod
640 1532 700 1595 per
715 1511 852 1577 sormam
869 1511 967 1594 pacis,
995 1530 1094 1593 quam
1119 1511 1253 1578 fecimus
1278 1531 1352 1578 cum
1376 1513 1499 1580 domino

373 1619 467 1704 Rege
482 1619 666 1704 Hungarie,
683 1618 833 1686 denarios
849 1623 1013 1684 extractos
1030 1617 1070 1685 de
1086 1619 1174 1686 dieto
1199 1640 1301 1704 ramo,
1325 1618 1498 1688 Oommnne

374 1726 590 1796 Venetiarum
606 1734 738 1795 tenetur
753 1730 788 1795 et
805 1725 903 1794 debet
922 1727 1100 1794 restituere
1114 1726 1289 1813 predictia;
1312 1729 1499 1797 examinatis

373 1837 526 1922 capitulis
542 1837 631 1930 panis
647 1843 681 1902 et
695 1835 807 1902 multia
823 1835 898 1902 aliie
915 1836 1088 1921 scripturis
1103 1835 1296 1904 fatientibue
1314 1837 1357 1904 ad
1371 1839 1500 1922 suetum,

373 1950 407 2010 et
421 1945 535 2012 habito
553 1944 688 2012 oonsilio
705 1966 777 2011 oum
793 1942 1005 2029 sapientibus
1021 1943 1116 2010 Juris
1141 1951 1263 2011 etcum
1287 1947 1401 2013 multis
1423 1947 1499 2028 aliie,

374 2054 430 2135 qui
445 2073 556 2118 omnes
584 2053 766 2135 consulunt,
794 2053 882 2136 qnod
906 2052 947 2118 de
974 2049 1059 2119 Jnre
1084 2053 1262 2121 Commune
1287 2053 1499 2123 Venetinmm

373 2181 439 2227 non
454 2167 586 2228 tenetur
600 2161 773 2227 restituere
787 2160 932 2242 aliquem
942 2158 982 2226 de
999 2159 1100 2227 dietis
1110 2160 1275 2243 denariis3
1298 2161 1499 2229 considerato

372 2270 481 2350 etiam,
496 2269 586 2354 quod
601 2290 662 2354 pro
677 2267 862 2334 eonditione
878 2273 991 2335 nostra
1006 2267 1086 2335 facit
1095 2267 1139 2334 nd
1156 2270 1414 2337 conservandum
1432 2293 1498 2338 nos·

372 2383 442 2445 tros
458 2398 577 2462 pauooe
588 2376 749 2458 denarios,
764 2376 895 2461 quaudo
904 2377 990 2444 iuste
1007 2380 1040 2442 et
1048 2378 1090 2444 de
1099 2377 1170 2470 iure
1185 2377 1256 2444 fieri
1270 2384 1391 2464 potest,
1402 2386 1436 2446 et
1444 2401 1497 2464 pro

372 2486 483 2552 multia
498 2485 573 2552 aliis
589 2485 808 2570 respectibue;
831 2484 921 2551 vadit
935 2505 1022 2569 pars,
1039 2485 1127 2569 quod
1142 2505 1183 2552 ex
1198 2507 1284 2552 nuno
1300 2487 1497 2573 aitpoaptum,

373 2594 460 2678 quod
477 2591 657 2661 Commune
672 2599 820 2660 nostrum
845 2616 910 2660 non
935 2599 1089 2660 teneatur
1114 2593 1158 2660 ad
1183 2594 1422 2662 restituendum
1444 2595 1498 2660 ali·

373 2721 470 2786 quem
486 2701 526 2768 de
541 2701 740 2786 supradietis
756 2701 908 2782 denariis,
925 2708 959 2768 et
975 2701 1022 2766 sie
1046 2700 1165 2767 debeat
1188 2699 1381 2786 responderi
1406 2701 1497 2784 Regi·

371 2809 440 2875 neti
455 2807 624 2876 Maiestati
640 2809 816 2892 Hungarie
832 2814 866 2876 et
882 2809 953 2874 istie
976 2807 1267 2892 Ambaxatoribuo,
1294 2807 1393 2876 salvis
1406 2816 1497 2874 atre

371 2917 510 2983 servatio
525 2916 649 2984 iuribus
665 2916 745 2983 dieti
763 2938 816 2982 ser
832 2917 922 2983 Luce
942 2917 983 2984 de
998 2916 1113 2984 Medio
1136 2923 1253 2984 eontra
1278 2916 1402 2984 dietum
1426 2913 1497 2982 Pet·

371 3045 443 3092 rum
459 3024 501 3092 de
516 3024 656 3092 Yuanua
672 3046 733 3110 pro
750 3047 797 3104 eo,
816 3025 904 3110 quod
919 3046 972 3091 ser
987 3025 1095 3092 Luoas
1111 3023 1152 3090 de
1168 3023 1281 3091 Medio
1301 3026 1386 3092 iuste
1402 3026 1493 3092 debe-

371 3140 423 3200 ret
437 3133 565 3214 habere,
581 3132 678 3200 salvis
694 3134 793 3201 etiam
809 3143 843 3200 et
858 3136 1033 3201 reservatis
1051 3134 1176 3202 iuribus
1201 3153 1255 3199 ser
1269 3134 1359 3200 Luae
1374 3135 1415 3201 de
1431 3133 1496 3201 Me·

370 3242 425 3308 dio
439 3243 474 3306 iu
489 3241 647 3325 expensis,
662 3261 744 3324 quas
759 3249 961 3309 monstraret
976 3241 1089 3308 iecisse
1104 3263 1164 3327 pro
1181 3240 1269 3308 dioto
1285 3262 1385 3308 rame.

419 3387 455 3450 (A
470 3387 580 3439 »nun«
597 3388 687 3440 onimtt
701 3388 841 3441 velenezei
855 3391 1087 3455 allamkunyvbol
1098 3387 1258 3442 XXXVIII.
1272 3389 1332 3442 ket
1346 3393 1406 3443 281.
1420 3392 1451 3455 t.)

900 3697 975 3761 aab.

371 3854 622 3944 ARopazdban
638 3857 826 3945 soprapban
841 3858 1081 3945 leobsranozia
1107 3859 1251 3924 aemmeb
1266 3858 1495 3926 hredmonat
1578 3863 1579 3908 ἓ

826 3977 913 4054 ttqye
939 3969 1035 4033 1384.

459 4123 558 4193 Anno
568 4122 934 4194 MOOGLXXXHII.
944 4123 1120 4194 indictione
1139 4125 1344 4212 septimadie
1360 4124 1493 4194 XXVI

367 4231 393 4299 J
394 4231 459 4299 ulii.
484 4230 628 4319 Oapta
643 4258 651 4300 ε
668 4229 802 4320 (comes
827 4230 1007 4318 Virtutum,
1026 4236 1149 4301 amiens
1165 4233 1316 4303 Dominii
1333 4233 1492 4302 Ambaxa·

367 4345 436 4407 tum
451 4341 555 4408 mittit
570 4341 612 4409 ad
628 4349 739 4426 partes
754 4341 909 4430 Reguaii)
925 4363 987 4427 pro
996 4343 1189 4412 liberatione
1199 4343 1331 4410 illorum
1341 4342 1491 4411 nobilium

368 4450 403 4512 et
417 4447 568 4532 militum,
592 4451 649 4536 qui
673 4449 719 4519 ibi
743 4447 949 4533 detinentur3
973 4449 1022 4538 (et
1036 4457 1134 4537 rogat
1157 4449 1360 4534 Domininm,
1374 4460 1411 4519 nt
1425 4471 1489 4518 oum

369 4555 437 4624 suia
460 4552 754 4626 Ambexiatoribns
780 4558 820 4626 do
845 4559 960 4628 eadem
984 4579 1084 4628 oanea
1106 4560 1214 4647 ipsum
1240 4581 1372 4648 quoquo
1387 4562 1490 4628 mittat
