3214 5250
662 321 756 416 raes.

671 662 744 722 378.

139 819 254 884 larvea
272 821 531 908 Maqyororaza‘g
548 821 745 887 uddorduulc
762 846 783 885 a
792 822 945 910 floreaczi
971 824 1181 911 kbztcirsascip
1197 826 1270 891 leor-

573 936 705 1017 mdupa.
731 933 827 996 1388.

354 1091 478 1174 Magno
494 1088 613 1156 (lomiti
630 1091 787 1174 ngarie.

246 1195 422 1279 Magnifice
448 1203 481 1263 et
505 1198 786 1263 Excellentissime
814 1197 964 1279 Domine,
981 1198 1081 1265 irater
1107 1207 1140 1266 et
1166 1201 1267 1266 amice

135 1305 316 1370 karissime.
345 1303 435 1370 Certi
454 1327 572 1390 sumus,
594 1307 682 1390 quod
698 1307 821 1375 Vestra
838 1306 1031 1374 Sublimitas
1048 1331 1112 1374 nou
1128 1311 1268 1392 ignorat,

136 1418 259 1496 quanto
276 1413 460 1479 dilectionis
476 1415 543 1480 zelo
569 1414 708 1497 gloriose
734 1413 968 1479 recordationis
984 1415 1057 1481 Rex
1072 1416 1266 1497 Ludovicus,

135 1526 283 1586 nostrum
311 1520 498 1602 Commune,
523 1543 581 1586 nec
603 1543 667 1587 non
685 1523 769 1586 cives
787 1530 819 1587 et
835 1529 1031 1589 mercatores
1047 1523 1266 1605 Florentinos,

135 1632 328 1709 quantaque
344 1650 416 1693 cum
432 1630 642 1712 prerogativa
662 1629 763 1694 suerit
779 1635 1014 1713 prosequutus;
1038 1637 1073 1694 ut
1087 1638 1198 1696 tenere
1214 1631 1268 1695 de·

134 1735 213 1800 beat
229 1734 351 1802 Vestra
376 1735 541 1802 Nobilitas
566 1759 626 1802 nos
641 1756 736 1802 versa
751 1740 818 1804 vice
835 1760 912 1821 erga
928 1737 1138 1823 Majestatem
1164 1737 1265 1804 Suam

133 1844 333 1926 singularem
360 1845 539 1911 deuotionis
567 1845 713 1910 habitum
740 1846 898 1912 habuisse.
926 1848 972 1912 Et
997 1867 1082 1912 nunc
1108 1847 1265 1912 etiamad

133 1937 381 2018 Serenissimam
397 1955 624 2036 posteritatem
641 1976 741 2038 suam,
757 1961 790 2020 et
801 1953 1065 2020 Sarratissimum
1075 1955 1265 2038 Regnorum

132 2058 306 2142 Hungarie
332 2059 512 2144 Dyadema,
536 2063 732 2127 continuatis
759 2061 930 2128 affectibus
951 2063 1090 2128 eandem
1114 2085 1261 2129 reveren-

131 2168 213 2233 tiam
230 2168 383 2234 0btinere.
409 2170 463 2235 Ex
489 2191 552 2253 quo
568 2170 751 2236 firmissime
769 2171 928 2237 credimus
945 2178 978 2235 et
994 2193 1171 2254 operamne,
1197 2172 1263 2236 Ex-

132 2276 317 2342 cellentiam
334 2277 491 2346 Vestram
517 2299 575 2344 nos
601 2285 633 2343 et
658 2277 866 2344 Florentinos
884 2279 967 2345 cives
984 2301 1022 2344 ex
1039 2281 1152 2346 inuata
1167 2281 1263 2345 dero-

132 2385 223 2450 tione
239 2407 332 2450 veres
349 2386 437 2451 illius
454 2387 591 2468 gloriosi
605 2387 715 2452 throni
742 2388 945 2454 fidelissimos
963 2389 1136 2454 servitores
1152 2388 1262 2452 certis-

131 2491 213 2557 sime
229 2501 392 2575 reputare,
409 2494 572 2577 vestrique
590 2493 659 2560 fore
676 2496 843 2579 propositi,
869 2495 955 2580 quod
972 2497 1159 2579 inbenigna
1177 2502 1263 2560 trac·

129 2602 268 2666 tationis
284 2602 391 2668 officio
421 2602 535 2668 solitus
551 2603 641 2668 favor
657 2610 691 2668 et
706 2609 860 2668 consueta
875 2603 1094 2668 benivolentia
1118 2604 1212 2669 nobis
1228 2609 1262 2668 et

130 2709 252 2774 nostris
268 2711 399 2790 civibus,
425 2733 484 2775 uec
508 2713 671 2795 privatim,
698 2733 755 2775 nec
776 2710 904 2793 publico
921 2710 1143 2776 subtrahatur.
1160 2711 1261 2790 Cuius

129 2818 178 2883 rei
197 2819 307 2899 gratia
323 2817 594 2884 confidentissime
611 2819 700 2883 vobis
719 2818 899 2898 scribimus
916 2840 955 2882 ac
970 2818 1009 2883 de
1027 2825 1134 2884 vestro
1151 2818 1261 2884 favore

131 2925 305 2991 certissimi
321 2948 380 3010 pro
397 2927 516 2992 nostris
534 2927 656 2993 civibus
667 2927 895 3012 supplicamus.
913 2925 1117 3010 Cumitaque
1128 2928 1259 2992 Domini

130 3035 171 3100 de
187 3035 352 3118 Lippoldo
368 3036 573 3120 pretendunt,
590 3056 623 3100 se
640 3035 756 3102 debore
772 3036 917 3118 recipere
933 3056 953 3099 a
969 3035 1115 3100 Zenobio
1132 3035 1171 3100 de
1188 3035 1260 3100 Ma·

128 3143 234 3224 cignis
260 3149 440 3207 mercatore
465 3149 563 3226 atque
589 3143 655 3208 cive
682 3149 793 3207 nostro
820 3143 937 3208 dilecto
968 3150 1091 3208 certam
1121 3143 1256 3225 pecunie

129 3250 353 3332 quantitatem
377 3257 410 3315 et
435 3272 475 3315 ex
501 3272 538 3316 eo
564 3251 651 3334 quod
668 3251 730 3316 sibi
748 3273 811 3316 non
828 3251 975 3331 satisfiat,
991 3251 1125 3316 innuere
1151 3251 1257 3316 viden·

128 3365 194 3438 tur,
210 3379 243 3425 se
260 3358 343 3424 velle
360 3364 475 3424 contra
500 3359 709 3425 Florentinos
726 3343 821 3440 cives,
843 3360 898 3440 qui
916 3361 1129 3442 negociantur
1145 3359 1178 3424 in
1194 3360 1258 3424 illis

127 3466 289 3548 partibus
299 3468 495 3552 restaurari;
521 3467 860 3550 qnodtamen,utpote
877 3487 945 3530 rem
960 3465 1206 3531 iniustissimam
1224 3475 1257 3533 et

126 3574 284 3656 iniquam,
311 3574 370 3640 snb
396 3581 501 3638 veste
535 3574 782 3657 gubernationis
815 3575 973 3656 regimine
1006 3595 1069 3638 non
1101 3595 1258 3640 veremur.

128 3679 218 3746 Nam
234 3705 307 3748 cum
324 3683 446 3749 eisdem
473 3683 686 3750 obtulerimus
702 3690 735 3749 et
752 3685 860 3766 parati
876 3685 976 3748 simus
1001 3682 1152 3748 exhibere
1168 3683 1257 3749 favo-

126 3788 232 3854 rabile
254 3791 384 3874 justicie
410 3792 689 3874 complementum,
706 3792 795 3856 nullo
812 3812 943 3874 prorsus
956 3791 1030 3875 jure
1047 3798 1183 3875 possunt
1199 3799 1257 3857 aut

126 3897 257 3974 debent,
273 3905 387 3963 contra
403 3898 613 3964 Florentinos
630 3921 743 3982 agere;
760 3898 848 3981 quod
865 3897 997 3963 concedi
1014 3898 1184 3963 dumtaxat
1201 3897 1255 3963 de-

126 4005 231 4088 beret,
248 4007 275 4069 si
291 4028 355 4070 non
372 4011 504 4088 possent
529 4029 549 4071 a
575 4007 679 4085 nobie,
696 4009 879 4088 nostrisque
896 4005 1148 4088 Magistratibus
1162 4006 1255 4088 justi-

126 4115 213 4179 ciam
230 4121 406 4197 reportare.
425 4116 658 4182 Verumtamen
674 4136 714 4179 ue
731 4114 858 4198 possint
880 4113 940 4178 sibi
957 4114 1007 4177 vel
1023 4113 1113 4179 nobis
1129 4114 1255 4196 aliquid
1272 4147 1277 4156 ·

125 4226 298 4307 imputare,
325 4225 402 4307 quia
427 4223 591 4289 Zenobius
617 4231 776 4288 mercator
802 4223 937 4306 insignis
953 4221 1061 4304 aliquo
1077 4223 1173 4286 modo
1190 4245 1254 4287 non

124 4332 270 4398 intendit
285 4331 399 4415 fugere
424 4332 595 4412 rationem,
621 4353 694 4397 ecce
722 4332 821 4396 mittit
840 4331 990 4396 Marcum
1007 4331 1114 4394 Buoni
1129 4329 1253 4413 Filippi

125 4444 229 4507 civem
247 4447 402 4520 nostrum,
418 4445 454 4504 ut
469 4440 579 4504 videat
595 4463 634 4505 ex
650 4463 714 4523 qus
730 4461 828 4504 causa
839 4440 946 4504 dicere
961 4438 1075 4502 volunt
1089 4438 1254 4521 prefatum

96 4549 309 4618 «zenobium
333 4550 378 4612 eis
405 4546 482 4628 sore,
508 4550 590 4614 siout
615 4555 775 4630 asserunt,
794 4548 981 4632 obligatum.
1009 4544 1082 4629 Quo
1099 4548 1189 4632 scito,
1206 4549 1253 4616 in·
