3172 5254
1184 19 1187 28 .
1315 2 1577 315 ἰιιιΰῖξ-ΙᾜΙἾ

1290 62 1293 71 .
1334 79 1338 86 .
1396 73 1400 80 Ι
1466 75 1476 84 ·
1510 76 1532 101 ,Ι

1373 119 1379 124 “
1478 137 1481 146 Ι
1525 118 1532 130 ἱ

1574 325 1577 344 ι

1575 381 1577 402 l

1574 409 1577 438 t

398 579 471 624 eum
497 558 697 626 concedisset
722 557 973 643 aliquantulum,
990 558 1110 624 rediret
1136 557 1279 626 Sacilum
1307 559 1349 623 ad
1364 559 1514 624 (lominum
1575 545 1577 556 ¹

398 666 567 734 Karolum.
593 666 664 735 Nos
691 689 769 734 vero
795 672 1029 752 prosequentes
1054 669 1117 734 iter
1144 674 1290 734 nostrum
1317 668 1513 752 applicuimus

399 769 541 838 Sacilum
558 774 640 842 hora
655 777 742 842 circe
758 773 867 856 V-am,
885 782 918 842 et
933 777 1046 842 statim
1069 777 1214 843 misimus
1231 777 1374 844 Nuntios
1390 776 1431 841 ad
1445 776 1514 842 noti-

398 879 560 946 ficandum
587 881 718 949 domino
744 882 873 949 Karolo
899 881 939 947 de
965 883 1107 950 adventu
1133 890 1254 965 nostro,
1271 890 1303 950 et
1321 883 1400 966 quid
1423 881 1513 947 eidem

396 988 550 1072 placebat
565 991 743 1074 precipere.
768 991 894 1075 Elapso
922 1012 996 1057 uero
1013 991 1094 1057 hore
1109 1014 1184 1075 una,
1201 993 1280 1076 quia
1295 992 1365 1077 ipse
1382 990 1513 1056 dominus

397 1097 546 1170 Karolus
562 1097 754 1178 dormiebat,
782 1098 898 1184 Nuntij
928 1099 1099 1166 redierunt
1123 1100 1307 1181 relerentes,
1324 1099 1409 1184 quod
1425 1098 1512 1164 Bero-

396 1226 453 1272 nes
477 1206 618 1290 predicti
643 1207 755 1273 statim
786 1206 948 1274 debebant
977 1229 1045 1274 esse
1063 1205 1173 1290 Sacili,
1197 1216 1230 1275 et
1254 1231 1327 1274 cum
1353 1207 1511 1282 venissent,

396 1315 600 1380 mitteremus
624 1314 667 1380 ad
694 1337 758 1397 eos,
783 1321 817 1381 et
842 1316 934 1383 nobis
959 1318 1201 1400 responsionem
1226 1316 1408 1402 preberent.
1424 1314 1510 1382 Sacili

396 1418 554 1490 XVIIII.
572 1419 727 1507 Augusti.

403 381 464 444 loe
754 396 990 444 n1r1.ounozm1
1007 385 1174 444 suttune.

533 1621 590 1706 14)
609 1620 643 1687 A
667 1621 902 1706 velenczei
927 1623 1128 1707 degenelr
1153 1645 1173 1688 a
1194 1621 1393 1688 kbvetels.

505 1744 718 1814 Serenissime
744 1747 883 1814 Domine
907 1746 1038 1815 Noster.
1065 1748 1282 1818 Notificamus
1303 1745 1511 1815 Dominationi

396 1855 526 1937 Vestro,
542 1855 630 1940 quod
646 1855 718 1922 heri
746 1855 786 1920 de
811 1877 905 1923 mane
924 1857 1100 1924 secundum
1116 1857 1262 1924 ordinem
1280 1857 1392 1923 detrun
1408 1877 1461 1940 per
1474 1854 1513 1919 ll·
1576 1931 1577 1938 ἵ

395 1963 534 2028 lustrem
551 1964 716 2031 dominum
733 1964 894 2032 Karolum
919 1965 1039 2032 fuimus
1066 1987 1184 2048 secum,
1201 1972 1321 2032 etcum
1342 1963 1512 2032 Beronibus

399 2072 453 2153 qui
469 2071 522 2136 hic
538 2078 646 2154 erant;
662 2094 736 2137 nam
755 2072 904 2137 dominus
929 2072 1076 2140 Iacobus
1092 2073 1233 2157 Ispanus
1248 2072 1356 2139 suerat
1370 2072 1512 2150 Paduam,

395 2184 427 2244 et
443 2177 586 2262 Magnus
605 2176 722 2246 Comes
738 2178 879 2246 nondum
897 2187 1040 2246 venerat.
1056 2181 1102 2246 Et
1117 2179 1261 2246 narratis
1274 2203 1333 2264 per
1344 2177 1511 2245 meJohan·
1576 2165 1577 2186 ,

396 2308 472 2352 nem
488 2284 677 2353 Gredonico
693 2287 801 2353 verbis
817 2287 938 2353 habitis
954 2309 975 2352 a
991 2287 1121 2354 domino
1146 2287 1331 2354 Benedicta
1348 2295 1378 2354 et
1395 2285 1510 2352 domino

395 2393 533 2477 Jacobo,
559 2399 695 2479 propter
718 2416 781 2479 qne
808 2395 848 2461 de
873 2395 1041 2462 voluntate
1062 2417 1209 2462 meorum
1225 2397 1386 2462 sociorum
1401 2394 1510 2460 fueram

395 2500 577 2586 Veneeias;
600 2502 701 2569 habui
718 2503 836 2587 dicere,
861 2504 1002 2588 qualiter
1018 2502 1211 2571 Dominatio
1227 2503 1351 2572 Vestra
1366 2512 1396 2570 et
1412 2501 1511 2569 Consi·
1576 2519 1577 2522 ’

394 2611 474 2676 lium
500 2611 658 2681 Vestrum
685 2610 751 2676 illis
777 2611 883 2676 verbis
910 2612 1093 2688 intellectis,
1119 2618 1152 2678 et
1176 2634 1375 2697 cognoscens
1391 2613 1512 2678 clemen·
1574 2601 1576 2680 f

394 2721 474 2786 tiam
501 2725 533 2786 et
558 2720 792 2804 benignitatem
820 2719 1026 2787 serenissimi
1052 2721 1173 2786 domini
1191 2721 1304 2804 Regis,
1321 2728 1393 2788 erat
1407 2725 1512 2806 parata
1574 2749 1576 2788 ε

399 2827 520 2905 fecere,
536 2827 620 2892 siout
635 2828 668 2891 in
695 2830 788 2911 copia
803 2827 857 2894 hic
873 2829 999 2895 inclusa
1022 2827 1215 2894 Dominatio
1230 2827 1354 2897 Vestra
1370 2825 1512 2894 contineri
1574 2843 1576 2848 ·

394 2934 523 3017 videbit,
540 2957 613 3002 cum
628 2936 869 3004 conditionibus
885 2937 918 3002 in
935 2936 992 3004 illa
1008 2938 1139 3003 notatis.
1155 2938 1225 3021 Ipsi
1241 2945 1353 3002 autem
1368 2937 1417 3002 his
1432 2933 1512 3000 intel·
1575 3011 1576 3016 .

393 3043 497 3124 lectis,
513 3051 546 3110 et
561 3043 676 3110 habito
692 3064 751 3127 per
768 3065 919 3129 magnam
935 3045 1050 3112 horam
1060 3043 1195 3111 consilio
1212 3044 1255 3110 ad
1271 3045 1415 3124 inuicem,
1430 3043 1511 3108 nobis

393 3150 590 3234 respondere
615 3150 760 3218 lecerunt
786 3173 843 3235 per
858 3152 1059 3236 Episcopum
1075 3152 1305 3233 Jauriensem3
1328 3151 1512 3219 debebamus
1574 3193 1576 3234 ,

393 3280 463 3326 esse
479 3259 660 3339 certissimi,
686 3261 773 3343 quod
799 3260 929 3326 domino
954 3260 1083 3326 Karolo
1099 3268 1133 3327 et
1149 3262 1230 3345 ipsis
1256 3261 1441 3345 displiceret
1464 3261 1513 3323 im·

392 3387 503 3432 mense
519 3367 697 3434 destructio
725 3365 874 3434 Civitatis
899 3366 1125 3451 Venetiarum,
1152 3377 1184 3436 et
1211 3369 1298 3454 quod
1324 3371 1385 3454 ipsi
1403 3367 1514 3435 nollent

392 3477 613 3561 aliquomodo
630 3478 738 3560 illam;
762 3485 795 3544 et
811 3479 898 3562 quod
923 3486 1100 3563 propterea
1126 3481 1189 3565 ipsi
1216 3481 1429 3563 acceptabant
1445 3485 1474 3543 et
1490 3474 1514 3540 ei
1575 3485 1576 3488 ’

395 3585 569 3670 placebant
585 3606 634 3669 ea,
652 3606 715 3670 que
731 3607 791 3670 ego
808 3584 978 3652 Johannes
988 3586 1179 3654 tzlradonico
1190 3588 1354 3669 dixeram;
1371 3590 1444 3672 quia
1460 3583 1514 3669 ipsi
1573 3593 1575 3600 ’

393 3699 489 3758 erant
502 3693 646 3759 contenti
662 3693 750 3777 quod
767 3699 971 3759 remanerent
996 3695 1090 3759 nobis
1114 3695 1228 3761 electio
1246 3695 1396 3761 Duoatus
1411 3693 1516 3768 nostri,
1574 3709 1575 3714 ¹

392 3799 575 3884 Regimina,
591 3800 739 3868 Consilia
755 3809 788 3866 et
805 3800 935 3883 Officia,
961 3807 994 3866 et
1019 3801 1186 3882 Civitates,
1209 3802 1332 3870 Castra
1348 3811 1380 3868 et
1395 3803 1475 3882 loca,
1489 3806 1516 3864 et

393 3909 501 3974 omnia
517 3909 592 3989 alia,
609 3910 693 3976 sicut
708 3909 743 3974 in
760 3911 853 3992 copia
879 3911 1107 3995 suprascripta
1132 3912 1292 3978 contineri
1318 3911 1473 3992 videbitis,
1488 3917 1516 3972 et
1573 3975 1575 3986 Ι

392 4017 567 4083 secundum
584 4016 672 4101 quod
688 4017 924 4100 requisivimus.
945 4019 1016 4086 Nos
1034 4019 1149 4085 audita
1165 4021 1230 4085 ista
1245 4021 1456 4104 responsione
1473 4037 1517 4082 sa·
1574 4053 1575 4090 3

393 4124 436 4189 tis
452 4124 597 4189 contenti
614 4122 732 4190 fuimus
749 4125 782 4190 in
802 4127 918 4191 animis
935 4127 1065 4206 nostris,
1076 4134 1109 4193 et
1119 4150 1192 4194 oum
1210 4128 1361 4195 omnibus
1376 4126 1440 4192 illis
1456 4146 1519 4190 ver·
1574 4179 1575 4182 ,

391 4228 443 4296 bis
459 4230 593 4298 utilibus
609 4253 672 4316 que
698 4231 793 4298 nobis
819 4235 889 4300 visa
914 4234 1054 4316 fuerunt,
1081 4237 1256 4321 regratiati
1275 4234 1395 4301 fuimus
1410 4234 1450 4301 de
1466 4231 1519 4297 tali
1573 4277 1575 4284 ι

392 4339 619 4420 responsione3
644 4339 796 4421 dicentes
823 4341 911 4426 quod
937 4364 997 4426 pro
1023 4347 1113 4410 certo
1139 4344 1290 4410 dominus
1317 4342 1390 4408 Rex
1405 4343 1438 4406 in
1453 4362 1519 4426 pro-
1574 4379 1575 4386 .

393 4467 485 4512 cessu
500 4449 654 4532 temporis
670 4457 888 4533 cognosceret,
905 4458 1064 4536 quantum
1081 4453 1140 4520 illa
1158 4451 1382 4519 Communites
1399 4471 1518 4536 semper
1573 4493 1574 4498 κ

392 4556 517 4638 optavit
532 4564 565 4623 et
580 4564 733 4647 prompta
757 4557 828 4654 fnit,
845 4566 877 4625 et
892 4583 979 4632 nunc
994 4563 1056 4627 erit
1085 4564 1191 4650 nragis
1209 4583 1308 4650 quam
1326 4581 1476 4654 unquam,
1491 4561 1520 4632 iu
1572 4563 1574 4568 ’
