3248 5242
611 721 685 782 427.

79 898 197 966 Lctszlo
221 892 347 960 sicilici
373 885 556 974 kirdlynalc
573 880 724 970 feudalia
750 878 937 959 odomctnya
956 871 1095 938 ntor-itta
1111 867 1210 952 Bitnfl

442 997 581 1060 Ferencz
597 989 737 1076 nejtnek.
763 987 858 1050 1391.

191 1163 366 1231 Ladislaus
392 1166 452 1225 etc.
477 1151 616 1222 Morelle
643 1149 683 1214 de
706 1149 739 1214 lo
764 1145 916 1213 Moczino
951 1142 1095 1208 consorti
1121 1139 1209 1206 Oiozi

78 1271 283 1362 (Francisci)
295 1267 404 1336 Banffi
415 1265 528 1332 militis
538 1261 577 1327 de
593 1254 734 1342 Neapoli
746 1252 932 1320 conceditur
942 1249 1131 1316 affranoatio
1146 1248 1212 1314 feu-

78 1385 168 1450 dalis
184 1381 306 1447 domus.
324 1377 429 1444 Gaete
446 1373 556 1458 (1391.
577 1374 626 1434 17.
640 1365 737 1452 julii.)

80 1532 120 1592 (A
146 1527 286 1592 »Registri
298 1522 448 1588 Angioini«
474 1524 535 1570 362.
558 1531 594 1566 az.
608 1529 642 1576 a,
656 1514 686 1565 B.
701 1509 845 1562 ketetebot
868 1509 935 1573 Reg.
949 1505 1080 1555 Ladislao
1093 1519 1126 1554 aa
1139 1504 1213 1552 olasz

461 1610 511 1660 kir.
525 1607 639 1672 napolpi
651 1599 845 1660 levelttrban)

574 1763 733 1777 --.-.——-

88 2105 210 2174 Lu'szlrl
235 2101 359 2166 sicilici
384 2095 496 2181 Μνάῑῃ
521 2094 552 2156 ts
577 2111 720 2176 propper
746 2081 1007 2170 ellenkirctlynob
1032 2081 1217 2168 ndomrtnpu

447 2197 752 2284 Horucttorszrtpbun
772 2193 865 2257 1391.

201 2366 376 2435 Ladizlaus
392 2364 455 2449 Dej
473 2360 581 2446 gratia
597 2359 672 2423 Rex
688 2361 746 2420 etc.
768 2352 924 2418 uniuersis
944 2357 1109 2436 presentes
1126 2351 1216 2418 licte-

85 2503 147 2549 ras
174 2476 369 2563 inspecturis
399 2483 480 2540 tam·
499 2467 701 2555 presentibus
728 2485 826 2548 quam
852 2461 981 2527 futuris,
1006 2460 1219 2525 Benemeritis

85 2591 282 2672 Principem
299 2583 472 2670 prouidere
487 2577 647 2658 fidelibus,
664 2581 697 2640 et
721 2573 748 2638 si
765 2573 871 2658 gratie
888 2568 1056 2656 plenitudo
1073 2570 1220 2650 suadeat,

86 2698 321 2781 obsequiorum
347 2685 583 2777 quodammodo
609 2681 775 2768 gratitudo
802 2680 976 2764 compellit.
1002 2677 1088 2745 Sane
1114 2684 1221 2744 ecten-

86 2811 206 2874 dentes
221 2803 341 2870 merite
365 2799 486 2866 sincere
513 2793 694 2861 deuotionis
711 2797 744 2856 et
759 2789 835 2854 fidei
855 2788 913 2853 viri
930 2787 1049 2853 nobilis
1066 2785 1222 2870 Dragisse

88 2913 225 2996 Militis,
239 2911 298 2976 filii
316 2907 480 2993 quondam
496 2903 557 2969 viri
582 2899 751 2984 Magnifici
767 2897 921 2966 Vulkach
937 2895 1096 2981 Vayuode
1112 2895 1223 2961 dilecti

92 3022 205 3089 fidelis
230 3018 343 3097 nostri,
370 3020 540 3100 grateque,
556 3009 705 3094 grandia,
731 3007 824 3072 vtilia
849 3013 881 3071 et
897 3005 1062 3071 fructuosa
1087 3005 1223 3070 seruitia

89 3153 155 3218 per
180 3151 252 3195 eum
278 3128 365 3192 clarc
389 3122 543 3189 memorie
569 3119 699 3184 domino
725 3117 809 3200 Regi
826 3115 954 3182 Karulo
974 3114 1151 3179 reuerendo
1168 3113 1224 3178 do-

89 3242 183 3307 mino
193 3235 335 3321 genitori
345 3239 456 3298 nostro
474 3229 549 3295 dum
565 3227 653 3308 vixit,
670 3227 836 3309 signanter
845 3227 877 3290 in
890 3223 1103 3307 acquisitione
1118 3223 1225 3306 Regni

93 3347 202 3416 nostri
219 3342 402 3427 Hungarie,
418 3325 586 3421 Nobisque
602 3341 835 3417 consequenter
845 3334 999 3417 impensa,
1015 3352 1151 3415 persone
1169 3351 1224 3396 sue

90 3454 257 3544 periculis
274 3449 441 3517 laboribus
467 3453 499 3512 et
522 3442 702 3527 sumptibus
719 3441 955 3526 multiplicibus
971 3463 1034 3506 non
1052 3441 1225 3524 parcendo,

95 3585 205 3652 queue
223 3560 253 3626 N
258 3567 344 3626 ostre
360 3556 529 3624 Maiesteti
548 3558 671 3636 prestat
687 3551 730 3616 ad
745 3572 878 3634 presens
890 3556 923 3616 et
939 3571 1103 3634 speramus
1118 3550 1225 3632 ipsum

93 3679 313 3756 imposterum
339 3664 487 3732 debono
513 3681 638 3744 semper
654 3663 685 3724 in
713 3660 828 3724 melius
848 3660 1089 3725 continuatione
1115 3657 1226 3723 lauda-

92 3782 156 3866 bilj
174 3778 395 3864 prestiturum,
406 3777 595 3856 reputantes
613 3791 682 3835 eum
695 3776 871 3852 propterea
882 3775 990 3833 nostre
1003 3767 1226 3833 retributionis

95 3889 207 3974 gratia
238 3883 473 3951 benemeritum
498 3886 597 3962 atquc
624 3877 766 3961 dignum,
792 3876 897 3942 eidem
923 3877 1078 3961 Dragisse
1105 3897 1143 3941 ac
1159 3877 1225 3940 suis
1247 3869 1250 3880 ’

92 3993 270 4065 heredibus
279 3989 448 4056 masculini
459 4008 554 4054 sexus
571 4009 611 4051 ex
626 4007 683 4050 suo
697 4007 831 4070 corpore
841 3985 985 4068 legitime
1002 3983 1225 4048 descendenti·

96 4107 169 4185 bus,
185 4103 270 4168 natis
287 4101 401 4164 iamet
416 4098 551 4161 inantea
566 4095 749 4176 nascituris
761 4095 986 4177 inperpetuum
1003 4091 1227 4175 infrascriptae

99 4213 206 4290 villae,
222 4207 374 4276 videlicet
390 4205 500 4270 villam
511 4203 645 4270 Svidam
656 4204 689 4267 iu
700 4202 868 4286 prouincia
886 4199 980 4280 Sane,
997 4205 1029 4264 et
1045 4198 1153 4266 villam
1169 4199 1227 4264 Ri-

103 4319 233 4390 bichine
259 4319 292 4382 in
318 4312 522 4399 pertinentijs
547 4312 646 4378 castri
664 4311 763 4378 Glum
789 4312 920 4394 positas,
936 4314 969 4375 et
985 4309 1027 4374 art
1052 4329 1110 4373 nos
1126 4314 1158 4372 et
1174 4329 1227 4372 no-

102 4437 208 4496 stram
225 4425 359 4491 Curiam
386 4430 566 4507 spectantes
592 4428 625 4486 et
639 4423 783 4505 legitime
807 4420 1007 4505 pertinentes
1024 4440 1095 4487 cum
1112 4418 1227 4481 castris

106 4561 165 4604 seu
191 4533 382 4616 fortellicijs.
401 4529 592 4612 hominibus,
617 4531 767 4596 vassallis
789 4528 1020 4615 jobagianibus
1037 4527 1097 4592 stb.
1114 4548 1151 4590 ac
1168 4524 1227 4589 sub

103 4645 168 4730 hijs
184 4643 290 4723 metiS,
308 4639 455 4704 terminis
472 4643 505 4702 et
521 4639 707 4721 confinibus,
718 4638 777 4703 sub
788 4637 905 4722 quibus
920 4636 994 4701 ville
1012 4634 1157 4720 predicte
1171 4653 1229 4722 per
