3134 5254
411 309 475 372 234
765 326 998 370 orruonrczuu
1018 317 1183 374 animaru.

410 485 485 550 dum
514 485 658 567 colligati
683 484 914 550 reducerentur
940 486 979 550 ad
1007 509 1059 550 res
1087 485 1299 550 rationabiles
1316 499 1346 551 et
1365 486 1512 549 honestas:

410 615 473 658 uon
499 595 583 657 eriirn
599 602 670 658 erat
689 593 895 676 rationabile,
921 594 1007 676 quod
1034 618 1093 658 uos
1119 595 1384 660 submitteremus
1404 617 1456 659 nos
1470 593 1513 656 do·

409 705 494 768 mino
512 703 604 786 Regi,
621 709 654 768 et
670 704 731 786 ipsi
757 703 836 767 nihil
853 709 976 767 eertum
1002 703 1094 770 nobis
1113 705 1363 786 promittereut3
1388 705 1456 786 quin
1470 723 1514 784 per

409 811 500 878 illurn
517 809 646 877 modum
663 833 866 876 remanemus
882 813 914 874 in
932 832 1054 895 guerra
1070 815 1103 877 et
1129 809 1290 878 discordie
1317 834 1387 878 cunr
1404 810 1515 892 colliga

410 920 460 999 tis,
480 927 513 985 et
527 922 561 985 in
577 919 667 986 nullo
684 920 904 986 relevarentur
920 919 963 986 ab
979 920 1132 986 oneribus
1156 921 1272 1005 quibus
1289 943 1416 986 eramus
1430 920 1515 1002 impli-

409 1031 475 1093 cati
491 1027 744 1112 pe1·Januenses
770 1036 805 1094 et
828 1028 1014 1108 Paduanos,
1038 1036 1071 1094 et
1097 1051 1238 1096 essemus
1254 1029 1334 1094 facti
1351 1028 1408 1097 sub
1424 1028 1515 1091 Domi-

329 1211 332 1224 Ι
409 1138 462 1200 uio
478 1135 602 1200 domiui
620 1135 741 1219 Regia;
760 1137 837 1219 quid
854 1137 915 1220 ipsi
933 1137 1173 1202 rationabiliter
1194 1137 1276 1204 velle
1294 1159 1358 1202 ιιοιι
1375 1135 1516 1200 deberent.

411 1243 516 1308 llietis
534 1242 594 1325 bis,
610 1251 688 1309 tunc
704 1245 899 1310 conserendo
915 1267 973 1329 per
989 1245 1152 1311 modicum
1169 1253 1305 1328 tempus,
1322 1244 1461 1309 lecerunt
1475 1263 1515 1306 uo

409 1351 459 1415 bis
475 1351 664 1434 responderi
691 1373 750 1435 per
766 1352 929 1418 domiuum
946 1353 1111 1419 Jaeolnnn
1123 1353 1279 1437 Ispauum
1295 1353 1329 1416 in
1345 1350 1516 1416 haclornn:

412 1459 574 1538 »Domini
590 1481 648 1524 nos
666 1461 876 1542 cogitavimus
903 1462 1040 1526 multum
1057 1483 1155 1544 super
1172 1461 1222 1528 his
1237 1461 1342 1539 factis,
1359 1461 1438 1524 sicut
1452 1457 1516 1521 diri·

409 1589 489 1649 mus,
504 1573 537 1630 et
552 1566 693 1633 breviter
718 1589 781 1633 non
808 1569 936 1635 ridetur
960 1569 1054 1635 nobis
1071 1569 1189 1654 aliquis
1206 1569 1287 1634 alius
1304 1567 1417 1633 modus
1431 1565 1516 1630 bonus

408 1697 467 1760 pro
484 1675 584 1758 robis,
609 1685 641 1740 et
666 1696 761 1759 quem
788 1699 916 1742 serrare
942 1679 1101 1763 possimus
1118 1679 1151 1743 in
1168 1678 1254 1743 bona
1279 1673 1516 1742 conscientialo-

409 1785 545 1867 quenda,
570 1785 633 1849 nisi
659 1785 774 1851 modus
801 1785 908 1851 dietus
933 1808 991 1869 per
1017 1787 1097 1852 istos
1114 1786 1282 1852 Dominus.
1300 1785 1516 1852 Finaliternos

408 1912 517 1956 omnes
533 1893 580 1957 sic
595 1890 731 1958 dicimus
761 1895 859 1973 vobis,
876 1893 1007 1978 quodsi
1024 1894 1113 1960 robis
1129 1895 1247 1978 placet,
1264 1895 1399 1978 potestis
1414 1893 1516 1967 facere,
1555 1873 1557 1922 ἶ

408 2000 490 2066 sicut
507 2003 655 2084 tangitur
680 2002 713 2066 in
745 2004 840 2068 inodo
866 2002 1023 2086 predicto,
1041 2010 1074 2069 et
1091 2028 1149 2069 uos
1168 2005 1323 2070 faciemus
1341 2002 1429 2068 robis
1457 1998 1516 2063 illas

407 2109 667 2191 prommissiones
684 2133 765 2193 (lucis
792 2112 940 2192 diximus
959 2121 992 2177 et
1017 2135 1090 2178 cum
1108 2114 1303 2196 juramento,
1320 2113 1419 2177 cartis
1434 2117 1461 2172 et
1474 2108 1515 2172 lit·

408 2219 486 2281 teris
502 2217 635 2301 Regijs3
659 2225 692 2282 et
716 2218 864 2283 habeatis
880 2241 940 2303 pro
960 2228 1060 2294 certo,
1078 2219 1164 2303 qnod
1182 2219 1332 2286 dominns
1348 2219 1417 2284 Rex
1433 2214 1516 2280 nollet

407 2325 584 2408 intringere
601 2335 841 2392 sacramentum
866 2335 898 2392 et
923 2329 1156 2410 promissiones
1184 2333 1332 2409 nostras,
1357 2327 1514 2391 sinautem

407 2434 462 2497 isti
478 2433 611 2498 Domini
628 2457 738 2500 omues
756 2436 960 2502 concorditer
986 2436 1107 2516 dicunt,
1123 2437 1210 2520 quod
1226 2438 1369 2522 pensetis
1387 2436 1423 2500 de
1439 2431 1515 2498 ficetis

408 2539 547 2622 Vestris,
563 2548 596 2607 et
611 2543 673 2626 ipsi
689 2543 875 2626 pensabunt
891 2543 929 2609 de
947 2547 1044 2612 suis«.
1069 2545 1159 2612 Huic
1179 2545 1383 2628 responsioni
1401 2542 1515 2626 replica-

408 2649 510 2714 rimus
526 2659 558 2715 et
576 2652 799 2734 respondimus
816 2673 887 2717 cum
905 2651 969 2718 illis
985 2654 1122 2718 utilibus
1145 2654 1260 2732 verbis,
1279 2675 1342 2737 que
1358 2653 1446 2718 uobis
1461 2649 1516 2712 visu

407 2759 545 2838 luerunt,
561 2760 715 2839 dicenteS,
741 2759 828 2842 quod
855 2761 1037 2844 cogitarent
1052 2768 1210 2844 quantum
1227 2761 1356 2840 vellent,
1374 2759 1446 2842 quia
1459 2755 1515 2821 nul·

407 2865 471 2928 luni
488 2864 616 2930 niodum
634 2867 796 2930 meliorem
824 2865 955 2950 elligere
981 2875 1122 2949 possent,
1138 2875 1255 2933 etcum
1276 2867 1394 2951 majori
1410 2865 1515 2930 bonore

407 2972 525 3036 ‹lornini
551 2973 661 3056 Regis,
686 2996 783 3058 quam
811 2996 879 3040 esse
905 2975 1074 3041 nobiscum
1090 2976 1123 3040 in
1140 2975 1313 3041 concordio
1329 2997 1388 3059 per
1404 2972 1515 3039 modun

406 3081 674 3163 suprascriptum,
702 3088 835 3165 propter
860 3083 1004 3146 rationes
1030 3083 1112 3148 alias
1138 3083 1245 3148 dietas
1262 3105 1321 3166 per
1339 3104 1405 3148 nos.
1436 3077 1516 3163 Quod

406 3189 467 3270 ipsi
484 3209 593 3253 onmes
610 3189 762 3254 dixerunt
791 3211 901 3255 rerum
919 3212 1005 3272 esse,
1032 3199 1064 3256 et
1080 3192 1242 3275 separatis
1259 3192 1353 3256 nobis
1370 3190 1517 3275 paulisper

405 3296 572 3362 dixerunt:
587 3295 675 3361 »Nos
686 3297 839 3380 volumus,
851 3299 938 3379 quod
950 3298 1098 3365 dominus
1111 3297 1282 3366 Generalis
1293 3300 1345 3364 bic
1357 3304 1518 3375 remaneat,

405 3424 462 3468 nos
479 3403 622 3468 dicemus
646 3412 678 3469 et
702 3406 865 3470 mittemus
892 3406 983 3472 vobis
1009 3408 1070 3473 hoe
1086 3430 1158 3472 sero
1174 3431 1232 3492 pro
1249 3431 1286 3473 eo
1304 3431 1353 3487 ea,
1368 3431 1428 3492 que
1444 3404 1517 3469 ride-

406 3519 518 3576 rentur
534 3512 627 3578 nobis
640 3513 729 3596 juste
747 3537 805 3597 per
820 3537 876 3580 vos
892 3514 1000 3580 fienda
1025 3516 1167 3582 Domino
1188 3517 1320 3597 Padue3
1347 3525 1380 3582 et
1410 3536 1460 3581 ros
1475 3534 1517 3576 su·

406 3618 538 3702 perinde
563 3620 749 3703 pensabitis,
774 3629 806 3686 et
823 3629 938 3705 postea
954 3624 1047 3688 eritis
1064 3623 1240 3708 nobiscum,
1257 3647 1388 3708 semper
1402 3642 1518 3708 presup·

406 3727 512 3809 posito
525 3727 710 3809 juramento
736 3736 847 3794 nostro
873 3730 1026 3796 hesterno
1045 3731 1085 3796 de
1102 3755 1167 3797 non
1182 3733 1372 3798 revellendo
1388 3731 1518 3817 predicta

406 3833 504 3899 alieni
531 3834 591 3900 nisi
616 3833 842 3902 Dominat-ioni
869 3837 998 3920 Vestre,
1024 3847 1057 3904 et
1084 3839 1212 3904 domino
1237 3841 1431 3906 Zacharie«.
1459 3836 1519 3902 Nus

405 3948 514 4006 cautem
530 3942 679 4024 diximus,
695 3946 781 4028 qnod
798 3945 948 4012 similiter
964 3947 1188 4013 modificarent
1203 3949 1379 4031 petitiones
1394 3949 1518 4014 aliorum

406 4049 642 4133 colligatorum,
667 4053 716 4117 vel
741 4054 857 4118 saltem
884 4055 1005 4120 domini
1036 4056 1239 4122 Patriarehe.
1270 4056 1518 4141 Responderunt,

407 4157 493 4240 quod
518 4181 577 4241 pro
602 4159 696 4225 modo
722 4163 876 4228 volebant
902 4165 1043 4248 incipere
1059 4187 1079 4230 a
1096 4165 1265 4247 Paduauo,
1283 4174 1315 4231 et
1332 4168 1444 4234 habita
1463 4165 1518 4227 ista

407 4285 465 4329 sua
481 4265 724 4351 deliberatione,
737 4277 768 4334 et
779 4272 1008 4338 informatione
1025 4272 1067 4338 ab
1084 4273 1156 4356 ipso
1173 4274 1305 4339 domino
1322 4272 1472 4341 Generali
1485 4269 1518 4333 de

406 4371 500 4436 modo
518 4393 611 4454 quem
628 4375 793 4443 habebant
809 4386 919 4446 tenere
936 4403 1032 4465 snper
1052 4381 1351 4450 modificationibus
1362 4379 1519 4467 cujuslibet

407 4477 566 4544 dictorum
583 4483 808 4568 capitulorum,
825 4493 858 4550 et
874 4494 1034 4572 quantum
1051 4495 1155 4552 esseut
1168 4491 1284 4554 nociva
1299 4491 1370 4574 ipsa
1387 4487 1516 4573 capitula
