3134 5254
579 373 674 433 1379.
1130 377 1188 438 311

74 542 176 610 Sancti
185 544 331 611 dulianni
345 547 543 613 transeundo
554 548 729 633 paulatim;
747 571 845 632 quam
857 551 1024 618 invenerat
1034 558 1192 636 apertum,

76 655 153 736 quod
169 655 303 720 sentitus
321 677 386 722 non
403 657 510 723 suerat
526 680 586 742 per
602 657 745 742 aliquem
762 681 801 724 ex
822 660 1011 726 custodibus
1028 661 1190 726 dictorum

1 817 2 820 ,
75 762 221 844 locorum;
238 764 328 847 qnod
343 787 403 848 per
419 766 633 832 barebarolos
659 765 838 847 berchein
855 789 920 851 qua
937 773 1016 848 orat,
1033 767 1106 833 illos
1124 791 1193 833 cus-

1 951 2 956 *
74 872 155 938 todes
170 875 277 939 vocari
304 875 444 955 fecerat;
468 875 547 941 licet
573 881 708 956 asserat,
734 875 821 959 quod
849 878 1005 942 transitus
1032 899 1107 942 suus
1134 899 1192 960 per

73 979 236 1046 antedista
260 981 335 1046 loca
360 979 422 1045 suit
447 979 536 1060 hora,
562 1003 627 1063 qua
653 989 723 1047 erat
749 988 875 1065 tempus
902 981 1188 1064 perturbissimum

72 1089 177 1172 pluvie,
193 1094 361 1155 ventorum
378 1095 410 1156 et
427 1091 639 1172 tempestatis,
663 1090 751 1175 Quia
768 1092 837 1175 ipse
854 1092 936 1156 dixit
952 1091 1046 1156 nobis
1064 1091 1104 1156 de
1121 1093 1191 1170 boe,

72 1196 178 1263 Vestre
193 1197 418 1264 Dominationi
435 1198 557 1263 nullam
575 1198 690 1264 fecisse
707 1199 903 1264 mentionem
922 1217 927 1258 :
944 1201 1048 1264 visum
1059 1198 1187 1264 fuitno·

1 1343 2 1388 3
71 1304 115 1370 bis
129 1306 305 1390 expedierat,
320 1305 379 1372 hoo
396 1307 516 1375 Vestro
540 1307 765 1373 Dominationi
781 1314 858 1373 nota
874 1308 993 1389 facore,
1010 1316 1045 1373 ut
1062 1307 1188 1375 Vestra

1 1412 2 1440 ³
72 1413 248 1480 Dominatio
266 1414 421 1480 mandare
438 1415 549 1499 possit,
567 1414 653 1498 quod
669 1415 702 1480 in
727 1413 821 1481 dictis
848 1417 928 1482 locis
954 1416 1099 1494 custodia¹
1125 1437 1190 1480 me·

1 1577 2 1604 p
70 1523 125 1588 lior
140 1523 203 1606 fiat,
218 1529 251 1588 et
270 1523 375 1588 bonor
390 1521 534 1606 ejusdem
561 1523 673 1591 Vestri
699 1524 835 1608 Diminij
863 1532 1079 1590 conservetur.
1097 1522 1187 1590 Data

71 1631 184 1698 Mestre
200 1631 252 1697 die
269 1631 369 1700 XVI.
387 1631 522 1698 Octobis
539 1632 620 1698 hora
635 1631 702 1698 ΙΙΙ.
719 1634 824 1698 noctis
840 1633 1017 1699 indictione
1033 1633 1098 1698 III.

1 1995 3 2042 t

1 2057 3 2097 t

814 1741 1066 1808 Ambasiatores
1086 1749 1144 1808 ete.

190 1942 249 2027 49)
270 1941 303 2007 A
327 1942 563 2007 relencaei
589 1941 790 2024 degenek
815 1965 834 2006 a
856 1939 1055 2006 kbvetek.

167 2067 376 2135 Serenissime
392 2069 530 2133 Domine
547 2073 665 2133 noster.
692 2067 800 2133 Hodie
817 2068 899 2134 bora
916 2089 1003 2133 nona
1019 2067 1043 2133 J
1046 2068 1190 2132 ohannes

1 2173 2 2235 t
71 2173 213 2260 Vngarus
228 2179 317 2243 venit
343 2177 468 2242 Mestre
486 2199 557 2242 oum
574 2174 695 2242 Obiaro
721 2175 843 2240 famulo
869 2175 1004 2260 Maphei
1029 2175 1127 2242 Letti.
1154 2174 1187 2240 A

70 2305 126 2366 quo
140 2286 164 2352 J
166 2285 292 2351 ohanne
309 2285 490 2362 habuimus,
507 2285 650 2366 qualiter
667 2305 800 2368 campus
816 2282 922 2349 adhuc
949 2305 1012 2349 non
1037 2285 1188 2350 movebat

1 2459 3 2494 p
69 2413 106 2472 se,
120 2398 151 2458 ot
166 2394 252 2476 quod
268 2391 417 2458 domiuus
443 2394 622 2476 Episcopus
648 2389 1063 2475 Quinque-Ecxlesisarmn,
1089 2391 1188 2456 domi·

69 2714 158 2784 bebat
189 2719 349 2784 exercitus
384 2717 610 2801 Vnga1·orum;
634 2715 682 2781 ita
714 2715 801 2797 quod
833 2715 939 2781 adbuc
971 2717 1185 2798 nesciebatur,

70 2826 188 2906 quando
204 2848 338 2910 campus
365 2825 499 2890 deberet
515 2847 548 2890 se
573 2845 710 2889 movere.
727 2822 794 2889 Sed
818 2845 891 2889 cum
915 2825 964 2889 illi
990 2824 1124 2889 Domini
1140 2847 1188 2890 re·

1 2938 6 3052 p
69 2931 204 3018 dijssrnt,
220 2935 277 3018 qui
295 2934 390 2998 bodie
407 2931 661 3017 expectabantur
678 2931 721 2996 ad
738 2953 897 3014 campum,
909 2931 1024 2997 statim
1041 2932 1188 3012 sciretur,

1 3062 6 3143 p
69 3041 188 3124 quando
204 3063 338 3126 campus
353 3042 488 3108 deberet
504 3062 538 3107 se
555 3062 693 3107 movere.
709 3039 827 3105 Dictus
843 3061 918 3106 vero
936 3038 1077 3105 Chiorus
1094 3039 1185 3106 dedit

69 2522 121 2566 nus
135 2500 281 2566 Jacobus
298 2501 441 2585 Ispanus
458 2507 491 2566 et
507 2499 656 2565 domiuus
671 2497 787 2564 Achus
814 2501 943 2566 iverant
959 2499 1109 2566 Paduam
1125 2521 1185 2583 pro

69 2607 270 2674 debberando
287 2630 360 2673 cum
377 2608 517 2674 Domino
534 2605 691 2694 Paduano
708 2605 748 2671 de
766 2607 868 2688 modo,
889 2627 986 2690 qumn
1002 2610 1113 2672 tenere
1131 2607 1187 2673 de·

69 3151 152 3216 nobis
178 3174 275 3216 unum
310 3151 415 3230 breve,
441 3171 535 3234 quem
561 3149 642 3214 dixit
667 3148 820 3226 babuisse
836 3169 857 3212 a
874 3147 1016 3230 quodam
1038 3147 1185 3244 Notario

1 3251 3 3314 i
69 3256 180 3323 domini
198 3257 351 3342 Episcopi
372 3256 762 3341 Quinque-Ecclesiarum
779 3253 819 3319 de
836 3255 1066 3321 informatione
1083 3257 1187 3321 intcn·

1 3385 3 3396 ’
70 3366 157 3432 tionis
176 3367 392 3451 Vngarorum‚
409 3367 500 3452 cujus
517 3368 645 3450 copiam
661 3365 777 3434 Vestro
794 3365 1009 3431 Diminationi
1027 3365 1185 3430 mittimus

69 3473 194 3541 inferius
210 3481 408 3541 annotatam.
434 3474 500 3559 Qui
521 3471 662 3539 Obiarus
680 3472 805 3556 aliquid
822 3472 916 3538 nobis
929 3472 1013 3538 dixit
1023 3479 1187 3557 oretenus,

70 3604 132 3666 que,
147 3579 1185 3668 cumveniatVenetias‚predicteVestroDominationiipsemet

1 3687 2 3772 ἶ
70 3692 187 3758 curabit
210 3692 400 3776 exprimere.
426 3689 535 3757 Hodie
553 3696 663 3757 autem
688 3711 813 3755 summo
838 3711 931 3756 mane
947 3712 1008 3774 pro
1023 3689 1186 3775 poscendo

1 3779 2 3835 3
71 3797 143 3864 scire
159 3800 377 3866 condictiones
403 3801 517 3883 campi,
534 3806 566 3865 et
593 3799 619 3864 si
636 3819 671 3862 se
697 3797 880 3881 movebant,
905 3799 1070 3864 missimus
1086 3820 1187 3864 unum

1 3902 2 3978 ἶ
71 3907 288 3974 saebomanum
315 3908 358 3974 ad
383 3929 542 3991 campum,
568 3913 601 3971 et
627 3906 789 3971 tenuimus
824 3904 963 3985 modum,
996 3908 1084 3992 quod
1114 3907 1187 3972 Bou

1 4059 2 4093 p
71 4013 227 4083 Johannes
252 4016 414 4085 Notarius
445 4023 559 4083 noster
593 4015 723 4098 scripsit
755 4037 855 4080 unam
879 4014 1021 4080 litteram
1056 4015 1185 4082 domino

71 4120 181 4208 Magno
199 4125 337 4207 Comiti;
363 4125 577 4210 siguificundo
594 4124 707 4206 eidem,
733 4123 874 4210 qualiter
889 4124 956 4208 ipse
973 4125 1048 4190 'Bou
1063 4123 1187 4190 dohan-

1 4231 2 4306 ζ
72 4251 120 4296 nes
133 4233 250 4301 fecerat
266 4236 374 4300 semro
390 4234 514 4301 Mestre
531 4255 667 4300 coronas
684 4239 716 4298 et
733 4233 849 4317 perlae,
869 4254 951 4317 quas
967 4235 1116 4316 petierat,
1126 4255 1186 4317 pro

1 4345 2 4406 ζ
73 4335 188 4408 domino
203 4339 336 4426 Achus3
361 4350 392 4409 et
418 4344 505 4427 quod
530 4343 703 4408 mandaret
728 4340 887 4425 quicquid
912 4341 1018 4406 vellet.
1047 4339 1112 4424 Qui
1137 4363 1187 4405 sa-

73 4446 523 4536 chomannsnondum1·edijt;
548 4452 604 4518 sed
621 4473 694 4518 oum
710 4449 854 4531 redierit,
875 4447 983 4536 siquid
999 4449 1071 4516 novi
1088 4447 1186 4516 habe·
