3248 5242
606 387 701 490 reor.
776 488 779 493 ¹
1158 385 1232 488 tta,

86 567 244 641 tissimum
262 573 483 652 arbitramur3
508 573 599 638 nulla
614 593 756 656 namque
769 593 854 655 pena
862 578 929 638 tarn
946 574 1031 638 acris
1047 579 1107 653 est,
1125 593 1223 655 quam

65 699 70 704 ·
99 681 375 746 committentibus
391 687 505 749 contra
531 682 672 765 patriam
689 681 732 746 ad
748 681 906 764 condigne
930 683 1110 767 punitionis
1127 706 1224 769 equa·

13 833 16 836 -
89 787 210 853 tionem
226 790 331 872 possit
356 791 517 855 accedere.
544 788 668 857 Verum
695 810 755 854 non
773 788 933 854 credimus
950 791 983 855 in
999 797 1140 857 mentem
1157 814 1223 858 ves-

87 900 173 961 tram
190 898 319 979 cadere,
347 899 434 980 quod
461 899 568 964 socius
594 896 636 962 ob
662 896 783 962 delicta
808 899 887 963 socii
913 898 1066 964 damnum
1087 900 1223 983 aliquod

87 1003 209 1070 debeat
224 1013 406 1089 reportare.
423 1006 514 1071 Pone
530 1005 690 1088 siquidem
717 1026 792 1070 suos
815 1013 927 1072 tenere
944 1006 1063 1073 debent
1080 1014 1222 1088 autores,

85 1133 147 1177 nec
172 1135 329 1197 personas
357 1115 612 1199 delinquentium
639 1114 760 1198 egredi,
785 1137 866 1199 quas
883 1113 1016 1197 dignum
1032 1138 1097 1181 non
1114 1123 1222 1182 estex

85 1221 195 1287 aliena
227 1222 323 1306 culpa
357 1244 501 1306 gravare.
527 1223 716 1306 Eapropter
748 1222 953 1305 prudentiam
980 1229 1013 1287 et
1040 1224 1221 1290 amiciciam

86 1336 227 1396 vestram
246 1339 371 1414 quanta
386 1353 458 1396 cum
476 1329 646 1396 affectione
673 1351 843 1414 possumus
869 1330 1092 1416 deprecamur,
1109 1340 1220 1415 quate·

86 1460 147 1502 nus
163 1459 273 1503 amore
291 1439 394 1505 nostri
409 1439 540 1522 placeat
558 1439 682 1503 dictum
701 1438 836 1504 Petrum
853 1440 956 1504 civem
973 1446 1120 1506 nostrum
1132 1439 1222 1507 favo-

87 1547 237 1612 rabiliter
254 1549 417 1630 suscipere
434 1547 704 1627 commendatum,
721 1546 847 1631 sibique
864 1553 990 1630 partem
1007 1569 1079 1612 eum
1097 1548 1223 1615 eontin-

86 1659 217 1736 gentem
236 1657 367 1739 navigij,
387 1657 599 1739 pecuniarum
617 1663 650 1721 et
667 1657 754 1736 salis,
770 1661 802 1720 et
819 1655 958 1721 aliarum
975 1678 1093 1736 rerum,
1110 1677 1222 1722 secun·

86 1764 164 1828 dum
181 1765 345 1829 iusticiam
361 1764 562 1848 consignare.
580 1761 676 1846 Quod
693 1763 822 1846 quidem
840 1786 912 1829 cum
929 1765 1051 1829 iustum
1067 1765 1109 1829 sit
1125 1765 1220 1830 nobis

86 1874 153 1937 erit
168 1872 378 1953 singulariter
396 1873 586 1954 gratiosum.
603 1872 726 1939 Datum
736 1873 906 1938 Florentia
923 1872 976 1936 die
993 1872 1112 1941 VHII.
1129 1872 1221 1956 Maij.

86 2016 209 2078 (Eretleti
234 2016 449 2079 tognlmazvany
463 2029 480 2063 a
495 2016 632 2078 »Signort
651 2015 806 2080 Oarteggie,
820 2015 951 2064 Missive«
976 2017 1028 2064 stb.
1041 2017 1148 2066 XXIII.
1162 2017 1221 2066 kot.

345 2110 402 2156 109.
417 2122 453 2155 sz.
469 2122 501 2168 a,
516 2121 532 2154 a
545 2105 676 2156 florenczi
689 2121 761 2170 nagy
776 2106 968 2168 leveltetrban.)

614 2432 690 2494 471.

88 2588 203 2655 [aazia
219 2592 345 2656 sicilici
363 2591 475 2675 loirdlp
492 2593 524 2654 is
541 2611 681 2677 mappae·
698 2591 896 2677 elleakiru'ly
921 2593 1106 2678 moperdsiti
1132 2591 1217 2657 taia-

85 2700 191 2763 ‹lazoa
209 2697 450 2783 odomdayolrat
468 2699 499 2760 c's
508 2698 812 2783 privilepirrmolcot,
837 2699 987 2785 melpeket
1005 2701 1137 2764 aeoiben
1149 2726 1218 2766 ma·

150 2805 364 2892 pyarorszdpi
381 2803 580 2890 belytartdja
597 2805 703 2869 Jrioos
719 2805 842 2868 ntacsdi
860 2805 921 2868 boin
938 2807 1036 2869 odolt.
1055 2810 1150 2871 1394.

196 2965 372 3030 Lalizlaus
389 2963 452 3028 Dei
471 2965 580 3047 gratia
597 2963 668 3028 Rex
686 2969 745 3029 etc.
763 2964 920 3028 vniuersis
940 2973 1110 3048 presentes
1127 2966 1219 3031 licte-

86 3096 143 3141 ras
161 3075 357 3158 inspecturis
374 3081 441 3140 tarn
459 3072 664 3157 presentibus
682 3094 780 3155 quam
796 3070 923 3138 futuris.
951 3069 1218 3140 Confirmationis

86 3183 271 3248 auotoritas
297 3180 487 3264 frequenter
503 3184 552 3246 ius
570 3180 718 3260 cxlribet3
744 3181 909 3246 interdum
928 3201 1007 3244 uero
1024 3181 1218 3265 suffragium

86 3291 214 3357 cautela
232 3289 387 3372 plenioris
412 3288 568 3372 indulget,
595 3310 658 3370 quo
685 3288 758 3353 dum
777 3288 961 3354 benivolum
978 3289 1122 3353 animum
1146 3311 1220 3355 con·

85 3399 248 3464 firmantis
264 3397 416 3477 ostendit,
433 3398 537 3482 ipsum
556 3419 595 3462 ex
612 3396 751 3480 quodam
769 3398 919 3480 promissi
936 3396 1046 3462 debito
1059 3398 1101 3462 ad
1112 3399 1219 3464 obser·

85 3506 236 3572 cantiam
257 3526 314 3570 sue
340 3503 615 3588 comprobationis
632 3505 795 3586 astringit
813 3502 899 3569 Sane
915 3504 992 3569 licet
1018 3506 1066 3570 vir
1091 3504 1220 3589 Magni-

85 3615 168 3680 ficus
185 3614 211 3680 J
213 3613 356 3679 ohannes
371 3613 484 3678 Bonus
502 3611 744 3678 Maclroniensis
760 3613 795 3675 in
811 3611 898 3678 dicto
915 3612 1030 3696 Regno
1048 3612 1219 3697 Hungarie

83 3733 117 3790 et
128 3722 204 3808 alijs
214 3721 339 3806 Regnis
350 3720 411 3786 sibi
423 3722 554 3804 agnexis
566 3717 650 3804 (igy)
663 3727 774 3786 noster
785 3718 935 3788 Vinarius
944 3718 1124 3802 Generalis,
1135 3720 1219 3786 Con·

83 3831 230 3898 siliarius
247 3838 281 3896 et
296 3829 400 3895 fidelis
418 3835 524 3894 noster
551 3829 697 3911 dilectus,
714 3830 908 3895 auctoritate
926 3829 1005 3894 dicti
1022 3827 1215 3899 Vicariatus

1 3989 2 3993 ,
83 3941 186 4026 oflicij
213 3962 278 4025 qua
302 3938 501 4023 fungebatur
526 3945 559 4002 et
584 3938 740 4022 iungitur,
757 3939 894 4004 diuersis
921 3938 1041 4003 nostris
1068 3937 1219 4004 fidelibus

83 4051 279 4134 Regnorum
296 4047 526 4131 predictorum,
551 4067 589 4110 ac
615 4046 760 4128 personis
787 4045 862 4129 alijs
878 4044 1083 4111 benemeritis
1099 4052 1132 4110 et
1147 4067 1220 4111 con·

85 4157 197 4242 dignis
214 4155 361 4223 diuersas
384 4153 607 4220 concessiones
633 4158 666 4217 et
682 4153 809 4242 gratias
835 4172 1023 4236 nuncusque
1050 4151 1172 4237 lecerit,
1188 4145 1221 4216 et

83 4267 194 4332 facere
225 4263 347 4347 poterit
362 4262 396 4326 in
412 4261 576 4341 luturum;
604 4256 674 4324 Nos
700 4266 810 4324 tamen
825 4257 1037 4340 intendentes,
1064 4277 1119 4323 eas
1150 4265 1219 4322 tum

85 4380 226 4460 propter
257 4371 433 4456 probatam
463 4368 566 4452 ipsius
598 4367 703 4432 nostri
736 4365 861 4452 Vicarij
888 4365 1098 4450 legalitatem,
1125 4387 1220 4450 quem

85 4503 217 4565 semper
227 4487 336 4546 status
348 4477 450 4543 nostri
468 4477 598 4560 vigilem
609 4477 793 4540 inuenimus
804 4481 1032 4560 promotorem,
1043 4481 1111 4539 tum
1123 4476 1221 4540 etiam
1273 4501 1276 4508 ⁴

86 4594 227 4677 propter
243 4585 575 4654 concessionariorum
600 4585 718 4649 merita
738 4585 844 4668 dignis
861 4582 1129 4649 retributionibus
1146 4605 1221 4648 oon·

133 4726 198 4764 nou.
214 4726 297 4762 nune.
314 4715 381 4762 uisr.
398 4730 442 4746 ⁶-
457 4723 525 4761 ncru
541 4723 600 4763 uxr.
618 4723 656 4758 nr.
1069 4695 1113 4759 43
