3214 5250
402 340 467 404 stu
759 359 993 404 rnerrnrncamr
1013 341 1177 402 culinas.

403 520 523 586 mensis
539 517 818 604 Junij‚‘1⁴3xoelsus
844 527 877 588 et
902 519 1049 586 Illustris
1064 517 1225 584 Dominus
1243 515 1395 582 domiuus
1410 510 1522 579 Ambo·
1597 549 1598 554 κ

404 630 475 694 nius
492 627 635 696 Venerio
662 627 726 694 Dei
751 630 865 713 gracia
880 629 957 695 Dux
976 626 1190 694 Vencoiarum
1212 645 1355 690 unacum
1371 623 1437 688 suis
1453 619 1524 686 Con-

402 737 487 820 silijs
504 734 547 802 ad
564 735 621 800 lrec
638 743 670 801 et
687 737 754 801 alia
779 736 968 820 specialiter
992 734 1168 818 deputatis,
1186 732 1228 798 ad
1246 754 1362 797 sonum
1379 751 1522 814 campane

403 852 437 909 et
453 865 563 910 rocem
580 845 767 930 preconium
779 845 998 928 congregatis,
1014 849 1044 908 et
1061 845 1132 926 ipsa
1143 839 1292 907 Consilia
1308 861 1382 905 cum
1397 839 1466 922 ipso
1480 837 1526 900 de

401 954 492 1020 mino
508 951 599 1017 Duce
616 953 813 1018 unanimiter
829 961 861 1017 et
878 951 1081 1018 concorditer
1098 951 1226 1016 nemine
1242 951 1458 1033 discrepante,
1473 967 1523 1030 pro
1597 989 1598 1016 3

404 1082 437 1126 se
454 1067 487 1125 et
504 1061 742 1128 suecessoribus
759 1061 834 1140 suis,
845 1067 877 1125 et
895 1061 1022 1125 nomine
1039 1067 1071 1124 et
1089 1059 1157 1124 vioe
1174 1057 1365 1124 Communis
1381 1055 1527 1126 Venecia·
1596 1055 1598 1066 '

404 1192 487 1248 rum,
505 1169 654 1234 omnibus
671 1169 785 1249 modis,
806 1168 947 1254 juribus,
971 1166 1084 1235 formis
1101 1175 1134 1233 et
1150 1168 1259 1232 causis
1285 1165 1405 1250 quibus
1423 1164 1526 1228 melius
1596 1223 1598 1262 3

406 1284 589 1364 potueruut,
615 1277 761 1344 feceruut
786 1279 1022 1344 constituerunt
1048 1283 1239 1342 creaverunt
1255 1280 1288 1340 et
1304 1275 1527 1340 ordinaverunt

404 1410 496 1453 suum
507 1396 540 1453 et
551 1389 628 1453 dicti
641 1385 831 1454 Communis
842 1387 1060 1482 Veueciarum
1071 1384 1247 1468 Sindicum,
1259 1391 1413 1466 actorem,
1430 1381 1529 1450 delen-

407 1518 522 1577 sorem,
547 1507 791 1581 procuratorem
816 1497 997 1580 legitimum
1024 1502 1057 1561 et
1085 1497 1292 1580 negociorum
1321 1499 1484 1578 gestorem
1503 1497 1528 1554 et

404 1602 569 1669 Nuneium
587 1605 770 1690 specialem,
796 1613 828 1671 et
855 1606 991 1689 quiquid
1014 1604 1153 1688 amplius
1170 1605 1234 1670 dici
1250 1609 1370 1688 potest,
1387 1601 1529 1666 Nobilem

406 1718 439 1776 et
456 1714 637 1798 sapientem
653 1710 1531 1780 sirumdominumPanthaleouemBarbo

406 1821 632 1888 honorabilem
650 1819 762 1886 Civem
786 1821 1011 1898 veneciarum,
1035 1821 1297 1888 Ambaxado
1310 1841 1397 1885 rem
1421 1838 1530 1883 suum

406 1928 1012 2014 adSereuissimasRegiam
1036 1937 1077 1996 et
1100 1927 1532 2011 ReginalemMajes·

405 2047 525 2103 tates
549 2037 785 2122 Huugarie
808 2038 976 2104 absentem
991 2045 1149 2120 tanquam
1175 2043 1359 2121 presentem
1385 2037 1419 2100 in
1436 2036 1529 2100 omni·

406 2148 468 2213 bus
486 2147 552 2211 suis
570 2153 603 2212 et
620 2146 775 2212 Comunis
800 2143 1019 2213 Veueciarum
1037 2148 1155 2228 causis,
1171 2145 1295 2226 litibus,
1311 2144 1531 2228 controuersijs

407 2263 440 2319 et
465 2255 605 2336 querelis
633 2253 780 2320 civilibus
808 2259 841 2320 et
866 2255 1090 2322 criminalibus
1121 2252 1326 2339 presentibus
1351 2259 1386 2318 et
1411 2251 1532 2318 suturis

408 2362 593 2446 specialiter
610 2362 651 2428 ad
670 2364 888 2446 tractandum,
904 2362 1078 2445 iciendum,
1094 2363 1279 2430 faciendum
1295 2369 1329 2428 et
1344 2360 1531 2428 firmandum}

407 2470 517 2553 ligam,
535 2471 693 2552 unionem,
714 2471 1015 2538 confederacionem
1031 2494 1105 2538 cum
1130 2471 1357 2538 Serenissimis
1374 2477 1408 2536 et
1424 2467 1530 2536 Excel-

407 2576 597 2642 lentissimis
614 2578 808 2644 dominabus
825 2579 918 2663 Rege
935 2586 968 2644 et
984 2577 1114 2663 Regina
1124 2579 1306 2662 Hungarie,
1322 2576 1463 2643 Polonie
1480 2583 1530 2641 eta

408 2691 440 2749 et
455 2686 540 2750 inter
557 2685 680 2769 Regias
697 2686 956 2771 etRegiualibus
967 2687 1154 2774 Majestatis
1165 2685 1250 2772 (lgy)
1262 2709 1377 2753 aarum
1393 2707 1451 2752 seu
1467 2705 1530 2750 cum

407 2792 571 2876 deputatis
582 2801 613 2859 et
624 2794 819 2878 deputandis
832 2795 872 2860 ab
884 2796 963 2879 ipsis
975 2796 1207 2880 Majestatibus
1219 2795 1278 2862 sub
1290 2795 1528 2879 quibuscunque
1594 2865 1597 2886 ἡ

409 2901 514 2984 pactis
531 2901 635 2968 modis
661 2902 774 2968 formis
800 2904 947 2967 terminis
973 2903 1215 2970 condicionibus
1240 2903 1390 2969 articulis
1406 2903 1531 2987 promis
1596 2921 1597 2970 ἕ

410 3009 554 3074 sionibus
571 3017 604 3075 et
621 3010 890 3094 obligaeionibus,
906 3032 969 3094 quc
986 3011 1073 3078 dicto
1100 3033 1211 3078 eorum
1229 3009 1362 3078 Sindica
1380 3018 1413 3077 et
1428 3031 1531 3095 procu·
1595 3009 1597 3086 ς

408 3117 511 3183 ratori
527 3117 731 3202 videbuntur,
741 3125 773 3183 et
783 3119 824 3184 ad
845 3119 1056 3202 obligandum
1072 3120 1160 3186 bona
1176 3119 1368 3186 Communis
1385 3119 1530 3186 Venecia·
1595 3097 1597 3118 ¹

411 3247 482 3292 rum
494 3246 553 3309 pro
565 3225 794 3292 observacione
812 3249 933 3311 eorum,
951 3249 1013 3310 que
1030 3229 1159 3293 duxerit
1169 3230 1390 3311 promittenda
1406 3229 1466 3294 sib.
1479 3225 1529 3291 stb.
1596 3235 1597 3282 ἒ

409 3374 446 3434 (A
460 3372 664 3436 Syndicatusok
677 3374 838 3437 klinyvebdl
852 3377 874 3426 Ι.
889 3376 946 3426 ket..
962 3381 1021 3426 158.
1035 3377 1062 3442 l.,
1076 3391 1093 3425 a
1106 3375 1245 3426 velenczei
1258 3389 1333 3439 nagy
1347 3373 1530 3432 levdlteirbunl

938 3667 1010 3730 345.

411 3827 454 3890 II.
471 3850 555 3914 capp
571 3829 621 3892 lois
639 3830 764 3915 Kdroty
780 3851 922 3915 mappae·
939 3829 971 3892 iis
997 3827 1126 3892 sicilici
1152 3828 1335 3916 kirdlynak
1362 3831 1472 3915 penui
1483 3824 1503 3906 fl
1519 3856 1528 3869 ·

637 3938 744 4000 renczi
760 3937 933 4001 kolmdcolc
950 3937 1084 4002 kezete‘se
1101 3938 1193 4002 alott.
1213 3941 1309 4003 1386.

517 4095 557 4160 In
584 4095 649 4162 Dei
685 4096 824 4162 Nomine
857 4096 973 4163 Amen.
1005 4095 1103 4163 Anno
1134 4098 1176 4164 ab
1208 4100 1278 4164 eius
1308 4097 1527 4164 Incarnatione.

409 4201 743 4270 MCOCLXXXVI.
759 4205 935 4270 indictione
952 4201 1073 4272 VIIII.
1091 4205 1142 4271 die
1169 4203 1229 4273 VI.
1255 4205 1350 4292 Junij
1377 4213 1436 4272 etc.
1460 4201 1528 4268 cer·
1595 4217 1596 4222 ’

405 4319 475 4376 tum
507 4333 577 4376 esse
610 4313 740 4395 dicitur,
772 4313 860 4396 quod
903 4313 942 4378 de
975 4335 1060 4380 anno
1092 4313 1263 4380 Dominice
1289 4308 1523 4382 incarnationis
1594 4305 1595 4310 ’

408 4417 685 4487 MOCOLXXX.
698 4421 873 4488 indictione
884 4421 1006 4492 VIIII.
1023 4422 1074 4488 die
1092 4421 1211 4493 XVII.
1231 4425 1351 4490 mensis
1367 4416 1524 4490 Februarii

412 4527 639 4594 lllustrissima
655 4539 687 4595 et
705 4530 921 4596 Serenissima
937 4530 1080 4596 Domina
1097 4533 1228 4597 domina
1255 4533 1447 4614 Margarita,
1471 4524 1525 4593 Dei
1594 4531 1595 4536 ’
