3210 5252
388 379 430 438 98
528 359 532 366 ’
740 395 974 442 nrrrosmozrnr
991 386 1158 442 nutarunt.

383 553 559 618 salubriter
598 554 746 633 obviare;
787 554 970 648 huiusmodi
1013 557 1306 641 supplicationibus
1352 558 1514 636 inclinati,

382 682 455 727 cum
470 659 565 727 dictis
582 658 790 745 Sigismundo
807 669 841 728 et
856 662 924 729 lilia
939 665 1006 745 illa,
1022 664 1173 730 videlicet
1198 665 1355 748 quemad
1372 665 1436 730 hoc
1452 687 1516 731 ma·

382 769 491 852 lucris,
517 776 553 836 ut
576 770 640 852 ipsi
665 769 906 853 impedimenta
933 771 1022 854 quod
1046 793 1086 838 ex
1102 773 1289 840 huiusmodi
1323 774 1519 858 consangui-

384 878 487 943 nitate
514 878 763 962 proveniendi
788 878 939 946 obstante
960 881 1205 947 matrimonium
1230 881 1369 947 invicem
1386 889 1516 947 contra-

381 986 458 1052 here
483 985 631 1067 libenter,
648 993 681 1051 et
697 988 730 1051 in
746 1008 794 1069 eo,
810 993 981 1074 postquam
1001 995 1205 1054 contractum
1221 986 1329 1070 fuerit,
1345 1009 1516 1055 remanere

378 1095 467 1160 licite
482 1094 622 1176 valeant,
638 1095 836 1162 auctoritate
854 1095 1046 1180 Apostolica
1063 1097 1104 1164 de
1120 1097 1253 1181 speciali
1270 1098 1381 1182 gratia
1396 1104 1513 1164 tenore

380 1203 579 1286 presentium
611 1203 842 1287 dispensamus
867 1203 992 1287 prolem
1013 1205 1254 1288 suscipiendam
1270 1227 1309 1270 ex
1325 1205 1514 1272 huiusmodi

381 1311 590 1377 matrimonio
616 1311 794 1395 legitimam
821 1313 1022 1378 nunciantes.
1038 1310 1132 1377 Nulli
1148 1333 1226 1396 ergo
1243 1317 1303 1378 otc.
1320 1320 1435 1378 nostre
1452 1313 1515 1378 dis·

381 1420 581 1504 pausationis
596 1419 776 1504 infringere
793 1425 853 1486 etc.
869 1421 992 1486 Datum
1003 1421 1153 1487 Arinone
1170 1419 1269 1488 VIII.
1285 1421 1359 1486 idus
1378 1420 1515 1487 Decem·

380 1525 459 1610 bris,
476 1526 692 1594 Pontificatus
708 1530 813 1596 nostri
828 1549 916 1595 anno
934 1536 1065 1612 quarto.

703 1675 763 1735 (ΧΙ.
778 1673 897 1739 Gergely
909 1675 981 1740 ptpa
994 1674 1181 1740 regesttibdl.)

974 1838 1027 1846 .-

922 1963 975 2027 84.

381 2120 493 2187 Jn'drc
510 2123 691 2187 dalmatiai
703 2109 828 2209 temperi
843 2124 1008 2188 stromat
1025 2148 1045 2188 a
1062 2147 1204 2211 mapyar
1220 2125 1348 2190 oratam
1366 2125 1453 2190 alatt
1470 2125 1517 2187 ci-

748 2234 845 2317 rdgzo‘
859 2233 1018 2318 dilapota.
1044 2235 1150 2296 1374.

488 2388 587 2454 Anno
618 2387 915 2456 MOOCLXXIV.
940 2391 994 2458 die
1020 2390 1066 2457 X.
1093 2389 1231 2476 Aprilis.
1256 2390 1354 2476 Quod
1379 2414 1436 2458 vos
1463 2414 1517 2458 scr

382 2495 564 2563 Damianos
591 2499 631 2564 de
654 2497 770 2564 Nassis
796 2506 829 2564 et
855 2498 1005 2564 dominns
1025 2498 1171 2565 Jacobus
1195 2500 1236 2565 de
1262 2501 1410 2566 Raducis
1426 2499 1517 2566 facta

381 2606 570 2670 reuerencia
594 2612 628 2670 et
651 2606 970 2672 recommendatione
997 2607 1095 2673 solita
1126 2606 1359 2674 Maiestatibus
1391 2609 1518 2674 domini

380 2712 484 2794 Regis
500 2719 534 2778 et
549 2713 679 2779 domine
695 2714 823 2796 Regine
839 2715 994 2794 senioris3
1010 2715 1115 2798 primo
1133 2715 1256 2799 dicetis,
1267 2717 1408 2798 qualiter
1419 2715 1518 2800 galee

380 2843 441 2905 pro
458 2842 589 2886 accessu
614 2821 647 2886 in
673 2819 834 2904 Apuliam
849 2821 972 2888 domini
989 2821 1093 2888 Ducis
1109 2821 1246 2908 (trtctilr
1260 2823 1430 2890 Durazzoi
1444 2822 1518 2888 Ka·

380 2925 466 3013 roly)
492 2949 565 2994 cum
591 2935 739 2994 consorte
765 2930 875 2994 extitit
900 2929 1083 2996 adnutum
1108 2936 1295 3014 preparata.
1320 2931 1406 2996 Item
1425 2931 1516 3015 qnod
1579 2919 1581 2922 ’

380 3039 456 3120 equi
472 3038 583 3104 etalio
601 3059 653 3102 res
671 3039 817 3120 ipsorum
832 3035 1049 3104 Dominorum
1065 3039 1099 3103 in
1116 3039 1191 3124 alijs
1201 3039 1342 3122 nauigijs
1352 3038 1515 3105 sufficien-

378 3145 467 3211 tibus
483 3147 619 3212 immissi
636 3147 701 3212 iam
719 3148 868 3227 iuerunt3
893 3152 926 3212 et
941 3168 1006 3213 non
1018 3153 1211 3230 expectatur
1220 3146 1310 3213 aliud
1326 3168 1386 3230 pro
1401 3167 1516 3213 eornm

379 3261 479 3336 motu,
495 3254 558 3319 nisi
574 3255 672 3338 galea
687 3253 944 3338 Ragusinorum‚
960 3275 1024 3336 qua
1040 3254 1187 3320 veniente
1211 3255 1384 3320 memorati
1400 3253 1518 3320 Domi—

379 3383 440 3426 nus
456 3368 490 3427 et
504 3363 648 3428 Domina
664 3361 776 3428 statim
792 3362 978 3427 monebunt.
1010 3361 1097 3427 Item
1112 3362 1216 3427 nostri
1232 3367 1325 3444 parta
1341 3361 1516 3429 Maiestati

379 3469 509 3552 rtrique
525 3469 690 3553 proclinas
707 3475 739 3535 et
754 3469 917 3552 supplices
934 3469 1061 3552 gracias
1077 3468 1228 3535 reseratis
1240 3468 1280 3534 de
1289 3476 1360 3534 tam
1369 3469 1517 3554 benigna

379 3583 412 3642 et
426 3579 576 3660 graciosa
595 3577 800 3663 expeditione
816 3580 1003 3645 vltimorum
1021 3569 1307 3645 Ambassiatornm
1322 3584 1516 3645 nostrorum

378 3685 592 3752 referencium
609 3687 712 3771 nobis,
728 3708 855 3754 omnem
881 3687 1061 3754 obtinuisse
1081 3687 1229 3771 graciam
1245 3685 1456 3770 postulatam,
1474 3708 1516 3752 ex

379 3795 651 3879 quibusmultum
675 3817 784 3862 sumus
809 3795 935 3862 alacres
961 3804 994 3861 ct
1011 3796 1174 3878 contenti;
1200 3801 1232 3860 et
1247 3797 1388 3860 maxime
1408 3795 1449 3860 de
1467 3818 1517 3888 se-

378 3906 554 3989 paratione
570 3903 824 3988 Archiepiscopi
840 3902 881 3968 ab
897 3903 1041 3970 incolatu
1058 3901 1214 3969 Ciuitatis
1224 3923 1326 3987 usque
1342 3902 1386 3968 ad
1402 3907 1518 3970 mans-

377 4014 537 4080 lacionem
563 4015 665 4098 ipsius
690 4015 836 4081 oblatam
860 4034 920 4097 per
935 4012 1076 4096 Regiam
1095 4011 1323 4092 Maiestaten13
1340 4033 1408 4094 qna
1424 4011 1519 4079 facta

376 4123 409 4185 in
425 4141 506 4204 pace
532 4123 644 4204 quieta
670 4121 852 4188 animarum
877 4129 910 4187 et
935 4142 1111 4205 corporum
1130 4120 1301 4202 stabimus
1317 4118 1518 4206 Ciuitasqne

376 4227 549 4312 augebitur
573 4231 614 4294 de
638 4229 724 4296 bono
750 4231 785 4294 in
809 4228 925 4296 melius
951 4229 994 4294 ad
1009 4229 1165 4295 honorem
1180 4228 1285 4312 Regie
1304 4227 1517 4310 Maiestatis3

375 4340 408 4400 et
434 4337 700 4420 regraciabimini
725 4337 854 4405 domino
870 4338 1036 4422 Episcopo
1053 4337 1220 4423 vaciensi,
1237 4338 1369 4403 domino
1387 4336 1518 4404 Comiti

378 4441 524 4528 Galipuli
548 4451 581 4511 et
607 4445 738 4512 domino
766 4444 932 4530 Stephano
958 4445 998 4510 de
1024 4446 1181 4529 predictis
1198 4444 1350 4512 omnibus
1367 4444 1518 4514 obtentis

380 4554 501 4635 gracijs
526 4577 546 4618 a
571 4554 678 4637 Regia
709 4553 887 4621 Maiestate
919 4575 1029 4621 eorum
1055 4555 1300 4638 operationibus
1326 4552 1518 4622 fructuosis
