3226 5254
463 553 529 616 326
820 565 1056 612 antonionum
1072 552 1241 610 nunnnxx.

460 737 513 795 tus
534 729 703 806 humanos,
719 731 771 791 tot
787 724 1017 791 beneficiorum
1034 723 1235 806 magnitudo,
1250 729 1282 788 et
1297 725 1393 789 tante
1413 720 1590 788 dilectionis

459 835 597 900 habitus
613 832 787 899 antecedit.
803 831 989 896 Referimus
1012 838 1120 896 tamen
1137 837 1244 896 mente
1260 853 1346 915 pura
1362 837 1395 897 et
1411 833 1589 898 sinceritate

459 943 578 1009 devota
593 948 735 1026 quantas
759 961 940 1024 possumne,
966 944 1142 1023 postquam
1159 945 1210 1004 est
1229 939 1432 1022 impossibile
1457 939 1588 1006 reddere

462 1071 544 1136 quas
560 1049 723 1116 debemus.
750 1047 857 1112 Tanto
882 1053 993 1111 tamen
1009 1047 1166 1128 caritatis,
1184 1045 1296 1111 inclite
1313 1047 1482 1130 Princeps
1499 1049 1526 1112 si
1542 1047 1589 1112 fas

463 1164 513 1224 est
528 1159 645 1239 dicere,
670 1157 776 1222 Deum
800 1153 964 1220 babebitis
980 1154 1170 1233 debitorem,
1187 1155 1243 1237 qui
1259 1175 1319 1238 pro
1335 1153 1507 1220 devotione
1523 1176 1591 1218 nos-

463 1273 516 1331 tra
531 1264 700 1343 retribuet,
725 1270 882 1345 quantum
907 1259 1044 1327 reddere
1070 1266 1186 1326 nostra
1210 1263 1357 1344 parvitas
1383 1281 1450 1326 non
1464 1261 1592 1327 valeret

464 1372 530 1440 Sed
561 1378 737 1455 postquam
769 1368 949 1435 Serenitati
980 1367 1100 1436 Vestra
1133 1369 1331 1452 scripsimus,
1363 1368 1592 1434 humanissime

466 1481 635 1563 Princeps,
661 1478 701 1542 de
727 1478 785 1542 illo
810 1477 1008 1561 proditionis
1028 1482 1184 1556 tractatu,
1200 1476 1257 1560 qui
1273 1475 1459 1542 falsificatis
1476 1477 1591 1542 litteris

464 1589 680 1654 illustrissimi
695 1587 809 1652 fratris
834 1586 934 1651 vestri
952 1586 1074 1650 domini
1090 1585 1210 1651 Karoli
1226 1586 1266 1650 de
1282 1585 1452 1670 Dyrachio
1468 1609 1527 1671 per
1542 1587 1593 1650 ho·

464 1699 584 1764 minem
608 1698 700 1764 illum
716 1696 972 1780 impurissimum
988 1693 1198 1775 tentabatur,
1223 1715 1306 1777 eece,
1324 1693 1409 1778 proh
1426 1694 1530 1776 dolor,
1546 1694 1594 1758 his

466 1803 579 1874 diebus
604 1829 688 1872 nova
713 1811 829 1870 contra
855 1809 977 1870 statum
993 1809 1142 1868 nostrum
1158 1801 1302 1886 proditio
1318 1803 1474 1886 revelata,
1491 1801 1596 1888 prodi·

462 1915 513 1980 tio
530 1915 672 2000 quidem,
686 1935 751 1979 non
776 1911 820 1978 ab
844 1934 909 1977 uno
925 1912 1065 1995 incepta,
1082 1911 1138 1976 sed
1154 1912 1188 1975 in
1205 1933 1271 1993 qua
1287 1911 1385 1976 simul
1401 1933 1512 1977 omnes
1527 1933 1596 1976 nos·

466 2031 516 2088 tre
533 2022 686 2088 Civitatis
701 2021 821 2101 exules,
831 2020 1003 2103 cunctique
1015 2020 1119 2087 nostri
1129 2023 1237 2084 status
1248 2019 1346 2084 emuli
1358 2019 1612 2086 consenserunt

467 2129 537 2196 Nec
553 2137 681 2195 tantum
696 2128 860 2194 manifesti
877 2127 1015 2192 rebelles
1032 2126 1066 2191 in
1081 2125 1178 2191 huius
1195 2132 1306 2192 nostre
1321 2128 1438 2192 devote
1448 2125 1597 2194 Civitatis

468 2365 613 2428 numero,
630 2367 712 2431 quos
738 2369 759 2412 a
784 2343 965 2411 confinibus
992 2341 1089 2410 huius
1104 2342 1219 2427 populi
1235 2343 1407 2409 clementia
1422 2349 1597 2425 revocarat

468 2455 726 2522 coniurationem
742 2451 1002 2518 crudelissimam
1018 2451 1052 2515 in
1066 2450 1195 2515 ruinam
1207 2454 1240 2514 et
1250 2451 1480 2516 exterminium
1494 2452 1597 2535 patrie

469 2564 700 2632 conflaverunt.
717 2561 786 2628 Nec
802 2563 883 2627 satis
900 2565 972 2626 erat
987 2558 1265 2626 inhumanissimis
1285 2559 1471 2625 bominibus
1487 2559 1552 2626 illis
1565 2561 1596 2623 in

469 2673 629 2739 horrende
654 2671 886 2737 coniurationis
911 2667 1039 2753 prefate
1070 2666 1216 2732 consiliis
1248 2667 1424 2749 ordinasse,
1456 2668 1597 2734 factiosis

470 2781 641 2847 conatibus
665 2779 760 2844 huius
776 2775 972 2861 Reipublice
988 2776 1133 2860 regimen
1150 2795 1318 2859 occupare,
1332 2775 1480 2842 concives
1494 2774 1599 2861 oppri-

470 2910 567 2969 mere,
592 2895 625 2953 et
649 2893 779 2971 partam
800 2884 903 2950 multo
921 2883 1090 2968 sanguine,
1106 2885 1264 2967 nobisque
1279 2883 1432 2950 rehctam
1448 2907 1469 2951 a
1485 2885 1598 2951 nostris

471 2995 650 3062 maioribus
676 2993 872 3076 libertatem,
898 2993 932 3056 in
958 3014 1066 3058 sevam
1081 2991 1278 3058 tirannidem
1295 2997 1517 3073 commutare;
1546 2991 1597 3057 sed

472 3106 580 3184 etiam,
606 3101 764 3168 horribile
792 3099 891 3182 dictu,
913 3100 1067 3184 jugulare
1094 3100 1179 3164 cives
1205 3101 1345 3184 optimos
1377 3099 1600 3184 disponebant,

471 3213 592 3278 artium
608 3217 641 3276 et
651 3208 814 3276 artificum
824 3213 1001 3273 conventus
1011 3208 1265 3290 honestissimos,
1274 3208 1393 3292 quibus
1403 3209 1600 3293 Respublica

472 3326 584 3385 nostra
599 3340 672 3383 cum
687 3316 931 3398 tranquillitate
948 3315 1111 3400 dirigitur,
1126 3315 1253 3398 tollere,
1268 3321 1372 3381 totam
1388 3318 1504 3383 urbem
1521 3315 1601 3400 rapi·

472 3431 523 3494 nis
549 3447 716 3511 exponere,
741 3430 922 3508 cunctaque
950 3422 1082 3489 cedibus
1107 3423 1276 3505 bonorum,
1291 3430 1325 3489 et
1340 3423 1600 3491 habitaculorum

472 3534 630 3601 incendiis
645 3534 839 3599 deformare.
855 3533 901 3597 Et
915 3537 953 3596 ut
968 3536 1120 3597 conatum
1134 3531 1220 3596 tanti
1237 3531 1369 3600 sceleris
1381 3533 1600 3610 honestarent,

474 3644 534 3710 sub
545 3637 988 3724 sanctissimepartisGuelfe
999 3647 1067 3704 tam
1077 3638 1220 3723 glorioso
1231 3641 1370 3723 nomine,
1388 3661 1490 3724 quam
1510 3640 1601 3706 vexil-

473 3753 514 3832 lo,
531 3750 621 3816 cuius
637 3771 670 3816 se
686 3749 857 3831 Principes
873 3747 962 3813 credi
972 3747 1093 3829 volunt,
1104 3748 1188 3813 siout
1198 3748 1361 3814 abutendo
1371 3748 1501 3832 legibus
1512 3747 1603 3814 Guel-

473 3862 523 3925 fos
540 3857 780 3941 antiquissimos
805 3855 1020 3938 offendebant,
1045 3856 1125 3940 ipsis
1153 3854 1379 3921 interdicendo
1406 3856 1602 3924 functionem

474 3989 644 4034 munerum
660 3965 870 4047 othonorum,
887 3965 1018 4049 sicigue
1038 3970 1071 4029 et
1090 3962 1178 4029 ferro
1194 3963 1316 4047 passim
1326 3985 1386 4047 per
1397 3964 1566 4032 civitatem
1576 3973 1605 4030 et

474 4077 660 4142 universum
685 4073 839 4158 populum
871 4074 1039 4156 sevientes,
1064 4071 1208 4156 patriam
1235 4071 1461 4138 abundantem
1486 4075 1605 4160 opibus,

475 4184 604 4269 plenam
621 4181 753 4262 civibus,
769 4179 904 4246 edificiis
921 4184 955 4246 et
978 4181 1158 4245 innumeris
1185 4180 1312 4245 artibus
1337 4187 1543 4262 exornatam,
1569 4179 1605 4248 ad

474 4293 663 4356 vastitatem
678 4290 833 4356 reducere
849 4287 1047 4354 sanciebant.
1064 4283 1130 4372 Qui
1147 4288 1175 4353 si
1192 4286 1301 4355 Guelfi
1312 4295 1396 4370 sunt,
1407 4295 1442 4356 et
1458 4291 1529 4358 zelo
1538 4311 1606 4376 par·

475 4401 518 4464 tis
535 4398 578 4464 ad
594 4404 723 4463 tantum
737 4398 864 4463 facinus
880 4395 1177 4480 accenduntur,our
1188 4401 1304 4463 contra
1314 4397 1504 4464 verissimos
1514 4397 1606 4466 Guel-

476 4507 535 4589 fos,
552 4507 584 4570 in
610 4527 749 4589 quorum
773 4503 923 4569 manibus
950 4509 1001 4569 est
1016 4509 1088 4570 tota
1104 4505 1300 4589 gubernatio
1319 4502 1485 4588 Civitatis,
1502 4515 1606 4592 potue·

476 4621 555 4681 runt
589 4619 657 4679 tam
689 4611 834 4678 crudelia
875 4611 1085 4679 consentire?
1124 4611 1182 4678 An
1225 4610 1394 4678 Gebclliue
1431 4617 1551 4698 partis,
1578 4621 1607 4678 et

478 4719 638 4804 antiregie
669 4720 821 4788 factionis
858 4726 992 4803 ceteros,
1032 4722 1089 4806 qui
1128 4722 1162 4786 in
1201 4720 1378 4787 offensione
1415 4717 1602 4792 Guelforuu
