3210 5252
569 423 666 484 1374.
985 408 988 417 '
1139 423 1179 485 se
1274 491 1276 496 ,

60 617 162 682 sponse
177 603 349 682 nostrast
365 598 449 666 alias
465 596 629 682 publicum
643 599 815 683 presertim
832 599 975 684 partium
991 599 1090 667 Italia
1107 621 1181 666 oon-

61 705 250 786 servendum,
267 712 302 771 et
317 703 448 772 favente
463 705 537 772 Deo
553 727 707 792 prospere
717 706 984 792 promovendum,
1001 707 1041 772 de
1057 712 1180 792 tuaque

2 835 3 880 l
60 814 289 880 fraternitate
279 836 315 878 ιιι
339 814 405 880 hiis
430 815 605 898 gerentes
596 837 630 880 ιιι
650 813 790 881 Domino
809 814 959 881 fiduciam
985 816 1180 900 pleniorem:

2 951 3 1010 ι
63 924 113 989 tihi
128 924 255 987 nomine
272 927 432 989 nostroet
418 921 531 988 tdicte
545 922 694 989 Ecclesia
711 945 749 989 ac
766 943 985 990 successorum
996 930 1181 990 nostrorum

2 1049 3 1114 1
62 1030 274 1097 Romanorum
294 1027 492 1096 Pontificum
508 1051 582 1096 cum
601 1030 768 1096 carissimo
785 1032 818 1096 in
834 1029 947 1097 Christ
933 1037 968 1096 to
983 1031 1051 1097 filio
1068 1037 1180 1097 nostro

2 1164 3 1236 j
62 1140 213 1206 budovioo
240 1137 335 1223 Rege
359 1136 507 1222 Vngarie
522 1137 714 1221 illustri,t
681 1145 714 1204 et
739 1160 812 1205 cum
833 1140 907 1205 aliis
934 1138 1182 1223 quibuscunque

2 1257 3 1308 ἕ
63 1257 120 1314 tam
128 1247 305 1313 Nobilibus
323 1251 357 1311 et
373 1246 525 1312 Dominis
542 1268 581 1314 ac
598 1245 812 1329 Officiclibus,
829 1269 927 1332 quam
948 1246 1182 1314 Communibus

62 1363 90 1422 et
102 1354 378 1428 Vniuersitatibus
394 1375 661 1440 quarumcunque
677 1353 868 1442 Civitatem,
884 1353 1087 1435 Castrorum,
1104 1354 1183 1420 Ter·

2 1466 5 1484 '
62 1486 168 1547 rarum,
186 1469 219 1528 et
234 1463 390 1546 locorum,
416 1485 562 1530 seucum
587 1462 855 1548 procuratoribus
872 1470 905 1530 et
922 1461 1054 1529 sindicis
1070 1483 1183 1528 eorun-

2 1598 6 1607 ·
63 1572 126 1638 dem
149 1571 191 1638 ad
216 1572 279 1638 hoo
294 1571 337 1637 ab
354 1572 399 1636 eis
415 1570 602 1638 mandatum
618 1570 815 1638 habentibus
832 1571 982 1655 speciale,
1007 1570 1184 1666 tractandi,

1 1685 3 1761 ξ
63 1680 192 1760 ineundi,
217 1678 368 1761 faciendi,
386 1679 557 1745 ordinandi
574 1687 608 1746 et
622 1678 775 1744 firmandi
793 1677 1098 1761 confederationem,
1116 1678 1178 1744 col·

62 1788 241 1873 ligationem
265 1807 323 1852 seu
348 1787 449 1870 ligam
465 1807 567 1869 usque
583 1787 625 1853 ad
649 1792 787 1872 tempus,
803 1785 845 1852 de
871 1806 934 1869 quo
951 1785 1072 1851 videris
1088 1805 1184 1870 expe-

64 1895 132 1976 dire,
157 1917 227 1960 cum
252 1894 319 1960 illis
345 1893 621 1976 conventionibus,
641 1893 757 1976 modis,
784 1891 899 1960 formis
915 1899 950 1958 et
965 1893 1123 1974 amicalia,
1142 1891 1182 1956 de
1312 1961 1316 1972 ,

2 2017 3 2100 3
65 2002 170 2085 quibus
185 2000 246 2067 tibi
256 2001 428 2082 videbitur,
447 2001 633 2083 duraturas,
643 2023 682 2068 ac
693 1999 849 2067 offerendi
860 2007 892 2066 et
901 1998 1116 2084 promittendi
1128 2021 1182 2066 no·

2 2115 3 2185 l
65 2112 140 2176 mine
163 2117 275 2175 nostro
300 2114 333 2175 et
358 2108 444 2175 dicte
459 2108 608 2176 Ecclesia
624 2108 811 2195 supradicte
830 2114 935 2176 certas
952 2113 1065 2192 gentes
1082 2109 1179 2174 armi-

2 2210 6 2297 J*
67 2239 149 2300 geras
172 2223 339 2302 equestres
364 2222 397 2283 et
424 2217 602 2301 pedestres,
626 2217 677 2283 vel
693 2219 858 2303 pecunias,
889 2217 931 2283 de
962 2215 1081 2302 quibus
1120 2215 1183 2282 tibi

2 2311 3 2316 ἵ
67 2326 223 2407 videbitur,
240 2347 300 2410 pro
325 2323 513 2390 defensione
529 2324 786 2406 Provinciarum,
802 2322 988 2405 Civitatum,
1005 2323 1183 2390 Terrarum

68 2541 211 2607 bonorum
237 2542 325 2607 dicte
346 2540 494 2606 Romane
511 2539 669 2620 Ecclesia,
684 2541 817 2625 eiusque
834 2539 1038 2606 subditorum
1055 2547 1088 2606 et
1103 2537 1180 2604 fide·

2 2697 3 2750 l
68 2650 145 2732 lium,
168 2672 225 2716 nec
249 2672 314 2716 non
339 2650 483 2716 omnium
503 2656 536 2716 et
552 2649 756 2734 singulorum
775 2649 1036 2733 colhgandorum
1052 2653 1086 2714 et
1101 2649 1182 2714 reei-

2 2761 4 2826 l
70 2758 247 2841 piendorum
262 2760 297 2823 in
313 2758 501 2824 huiusmodi
515 2757 790 2842 confederatione,
800 2756 1009 2842 colligatione
1027 2777 1083 2822 seu
1098 2755 1184 2840 liga;

2 2865 3 2948 i
69 2872 98 2931 et
117 2872 227 2932 contra
241 2865 471 2933 Bernabonem
488 2872 521 2933 et
536 2864 661 2932 Galeam
676 2865 717 2932 de
728 2863 984 2934 Vioeoomitibus
1001 2862 1041 2929 de
1056 2861 1184 2930 Medio·

2 2974 3 3030 ἒ
70 2975 135 3041 lano
156 2974 284 3058 fratres,
308 2974 419 3042 hostes
445 2981 479 3040 et
502 2981 730 3060 persecutores
754 2974 840 3040 dicte
865 2972 1014 3054 Romane
1028 2973 1182 3051 Ecclesie,

2 3071 5 3095 *
72 3105 253 3168 suorumque
280 3081 485 3149 subditorum
512 3087 545 3148 et
569 3081 720 3163 fidelium,
746 3081 936 3148 devotorum
962 3101 1001 3146 ac
1016 3079 1185 3163 colligato·

2 3207 3 3268 l
71 3211 140 3272 rum,
163 3197 197 3258 et
221 3195 338 3256 contra
352 3188 532 3257 eorundum
547 3188 687 3255 fratrum
704 3189 886 3274 colligatos,
902 3185 1057 3268 fautores,
1073 3185 1182 3253 defen·

71 3319 158 3382 sores,
172 3319 326 3386 ιιοοιιοοοι
351 3302 384 3363 et
399 3295 604 3381 adherentes,
618 3302 652 3362 et
667 3297 749 3372 ahos
773 3315 983 3381 quoscunque
999 3314 1185 3379 presumen-

2 3429 7 3485 ι
70 3412 121 3489 tes,
142 3429 196 3473 seu
212 3409 269 3492 qui
293 3411 483 3491 presumant
501 3407 714 3490 imposterum
731 3403 852 3472 dictam
866 3403 1054 3469 Romanam
1069 3401 1184 3470 Eccle-

2 3488 5 3586 ι
73 3534 151 3598 uam,
175 3517 309 3598 eiusque
334 3513 515 3599 colligatos,
540 3515 704 3596 valitoros,
730 3511 885 3594 fautores,
910 3529 1064 3597 sequaces
1080 3517 1113 3576 et
1128 3509 1184 3576 ad·

2 3589 5 3682 l
72 3567 216 3705 berehtes,
233 3629 267 3689 et
283 3623 453 3706 colligatos
479 3643 552 3688 cum
567 3623 622 3707 eis,
646 3623 856 3707 ipsorumque
868 3620 1098 3704 colligatorum
1114 3617 1188 3686 sub·

2 3695 5 3820 i
74 3725 157 3813 ditos,
179 3727 302 3797 Oivitat
288 3736 347 3811 t,es
372 3727 503 3810 Terras,
528 3725 650 3796 Castra
674 3734 708 3794 et
722 3728 803 3812 loce,
819 3725 922 3810 villas,
938 3749 997 3794 nec
1021 3748 1085 3794 non
1100 3728 1186 3813 jura,

2 3839 4 3936 l
71 3832 297 3916 jurisdictiones
331 3844 364 3902 et
396 3837 523 3921 bona,
514 3859 548 3902 m
578 3835 682 3903 Italia
707 3835 801 3902 dumt
786 3840 879 3902 taxat
912 3836 1126 3901 consistentes
1153 3841 1187 3900 et

2 3939 3 4028 l
74 3943 269 4012 consistentia
291 3943 454 4028 invadere,
470 3965 638 4028 occupare,
656 3942 800 4022 turbare,
820 3942 988 4026 impedire,
1012 3941 1187 4009 molestare
1240 4013 1244 4020 ,

74 4055 103 4114 et
124 4072 264 4135 gravme,
290 4059 323 4119 ct
337 4073 397 4139 pro
421 4052 594 4118 eorundem
618 4049 848 4131 invadentium,
865 4051 1104 4135 occupantium,
1119 4055 1187 4114 tnr-

2 4192 3 4242 3
73 4153 217 4242 bantium,
231 4157 484 4245 impedientium,
500 4159 742 4225 molestantium
759 4177 816 4222 seu
831 4156 1049 4241 gravantium,
1068 4179 1125 4224 seu
1141 4158 1188 4222 in·

2 4287 3 4352 j
75 4263 190 4348 vadere,
213 4288 382 4354 occupare,
397 4267 543 4350 turbare,
559 4267 725 4350 impedire,
741 4264 915 4332 molestare
931 4270 966 4331 et
981 4285 1118 4350 gravare
1134 4286 1188 4331 vo·

2 4385 4 4464 5
75 4369 209 4462 lentium,
232 4385 264 4445 at
288 4376 463 4446 cuiuslibet
487 4398 598 4444 eorum
612 4376 823 4461 repressione,
849 4376 1106 4460 impugnatione,
1121 4396 1189 4442 mo·

2 4471 5 4570 [
76 4480 245 4569 lestatione,
268 4489 436 4556 invasione
461 4493 495 4554 et
511 4486 749 4571 subiugatione,
769 4483 947 4552 secundum
962 4482 1051 4568 quod
1067 4484 1189 4549 eisdem

78 4588 256 4678 colligandis
278 4595 442 4680 ridebqtur
466 4594 628 4681 expedire,
652 4599 685 4661 et
715 4613 925 4678 quascunque
950 4592 1190 4678 promissiones,
