3190 5252
606 275 702 338 1381.

621 472 695 532 211.

154 634 183 698 A
200 636 346 699 cortonai
352 634 585 719 fejedelemnek
603 657 622 696 α
632 633 789 718 florencai
806 633 1016 717 lciiztdrsesdq.
1047 635 1143 699 1381.

301 792 443 859 Domino
461 793 665 859 Cortonensi.

192 901 369 985 Magnifice
387 902 539 983 Domine,
564 901 665 966 amice
682 899 859 966 karissime.
877 899 1037 966 Dominus
1053 901 1222 968 Johauues

93 1008 208 1092 Bonus,
225 1012 351 1074 nomine
375 1009 481 1102 Regia
507 1009 704 1093 Majestatis,
722 1011 816 1091 quasi
832 1015 945 1091 gentes
962 1032 1082 1093 omnes,
1099 1034 1160 1093 que
1177 1013 1220 1075 ad

93 1115 278 1184 Senensium
295 1120 429 1184 servitia
446 1119 641 1198 militabant,
658 1118 701 1182 ad
718 1118 880 1202 stipendia
898 1141 958 1184 sua
974 1120 1137 1200 conduxit,
1156 1141 1219 1204 que

93 1248 122 1289 se
137 1227 278 1292 debeant
296 1227 365 1291 sine
382 1247 469 1292 more
486 1225 653 1309 dispendio
669 1246 878 1310 congregare.
895 1226 1093 1292 Dubitautes
1110 1228 1217 1308 igitur,

93 1335 172 1415 quod
189 1335 250 1399 hec
268 1333 423 1398 adunatio
440 1332 532 1398 fieret
548 1334 581 1398 in
597 1333 761 1398 territorio
783 1332 994 1415 Cortoneusi;
1012 1357 1083 1399 curn
1099 1336 1219 1400 instan-

45 1507 46 1512 ,
92 1441 134 1504 tia
149 1442 352 1524 porreximus
369 1461 481 1524 preces
498 1446 634 1520 nostrae,
646 1440 734 1523 quod
745 1446 867 1504 vestros
879 1441 956 1506 fines
967 1440 1101 1508 deberet
1110 1465 1221 1508 amore
1237 1459 1241 1468 ’

45 1637 46 1640 Ἴ
92 1551 190 1613 nostri
207 1550 413 1614 arcuatione
438 1548 701 1632 congregationis
721 1546 906 1613 huiusmodi
921 1570 1120 1615 conservare.
1154 1547 1219 1632 Qui

45 1687 46 1736 3
93 1655 251 1738 siquidem
267 1656 406 1740 benigne
423 1655 609 1738 respondit,
626 1660 658 1719 et
674 1653 843 1739 credimus,
860 1655 947 1738 quod
963 1659 1077 1722 vestris
1095 1657 1220 1723 damnis

45 1769 47 1774 “
94 1763 123 1827 in
151 1771 299 1841 nostram
332 1763 601 1847 complacentiam
632 1762 816 1828 abstinebit.
850 1762 940 1829 Data
971 1766 1139 1830 Florentio
1169 1765 1220 1830 die

92 1868 266 1937 XXVIII.
282 1871 366 1937 Julii
382 1871 468 1936 1111.
485 1870 660 1936 indictione
677 1867 976 1936 MOOCLXXXI.

45 2019 46 2022 ,
91 1979 212 2038 (Eredeti
236 1980 451 2043 fogalmazvdny
473 1993 490 2028 a
514 1979 1027 2043 ›sign01·i,0arteggie,Missive«stu.
1052 1981 1220 2030 111111616-

285 2069 374 2132 gtben
390 2073 448 2118 155.
463 2085 501 2118 sz.
515 2083 548 2129 6.,
562 2083 578 2117 a
592 2068 724 2117 florenczi
738 2083 812 2132 nagy
827 2071 1021 2132 leveltdrban.)

621 2325 696 2385 212.

95 2483 234 2550 Vincenti
250 2484 429 2548 Baniures
445 2483 588 2547 mitono'i
602 2483 834 2569 fejedelemnelc
852 2507 871 2548 o
881 2483 1036 2570 florenczi
1053 2486 1217 2548 kdztriron·

565 2596 631 2676 adp.
658 2595 753 2656 1381.

304 2749 447 2816 Domino
464 2750 663 2818 Bernaboni.

196 2857 372 2940 Magnifice
389 2864 423 2924 et
438 2857 578 2923 Excelsa
589 2858 741 2940 Domine,
751 2857 853 2924 frater
864 2858 1040 2925 karissime.
1053 2857 1219 2943 Quantum

91 2964 199 3032 littere
225 2968 472 3051 Magnificentie
497 2966 626 3052 Vestre,
652 2989 734 3052 quas
759 2990 863 3051 nuper
878 2970 912 3032 in
928 2967 1033 3034 forma
1064 2966 1220 3031 brevionli

92 3075 320 3141 transmisistis
337 3074 431 3141 nobis
446 3076 624 3158 insinuant,
640 3077 769 3141 videtur
785 3076 908 3144 Vestra
922 3075 1051 3144 Caritas
1066 3076 1221 3142 informa-

90 3188 130 3264 ta,
148 3183 237 3266 quod
254 3205 313 3248 nos
329 3183 505 3251 debeamus
522 3185 643 3250 multas
659 3192 771 3268 gentes
787 3189 808 3250 'a
823 3187 944 3250 nostris
964 3185 1135 3268 stipendiis
1152 3206 1220 3250 cas-

91 3291 217 3370 sarisse,
234 3313 273 3355 ex
289 3291 406 3375 quibus
417 3314 475 3375 per
489 3293 653 3357 dominum
676 3291 702 3357 J
703 3293 862 3358 ohannem
876 3294 1005 3358 Banum
1017 3299 1050 3357 et
1061 3291 1219 3357 Comitem

91 3397 293 3464 Eserardum
312 3398 438 3482 Magna
451 3398 599 3465 Societas
616 3401 734 3466 debeat
745 3403 947 3486 congregari,
958 3401 1051 3466 nobis
1066 3401 1220 3466 fraternis

90 3506 259 3574 affectibus
276 3505 442 3574 suadendo
468 3509 583 3573 melius
600 3515 632 3573 et
641 3511 753 3574 utilius
773 3510 849 3593 fore,
867 3517 979 3593 gentes
997 3512 1085 3595 ipsas
1102 3509 1144 3574 ad
1161 3511 1217 3574 sti-

91 3617 208 3698 pendia
218 3615 370 3697 retinere,
382 3638 478 3699 quam
489 3639 563 3682 mox
572 3618 659 3683 bella
671 3624 821 3700 gesturas
832 3626 947 3685 contra
956 3628 1060 3685 totam
1069 3619 1220 3704 patriam,
1281 3645 1284 3649 ·

93 3727 192 3809 ajam
209 3727 306 3792 factis
323 3726 590 3811 promissionibus
615 3726 765 3791 liberare.
792 3725 918 3810 Quibus
933 3728 1073 3794 breviter
1088 3747 1222 3811 respon-

93 3832 210 3916 demus,
226 3836 315 3921 quod
332 3837 416 3901 siout
442 3833 524 3900 alias
541 3833 695 3899 Claritati
720 3833 837 3901 Vestre
863 3836 1057 3919 scripsimus,
1074 3841 1142 3900 tarn
1160 3833 1222 3899 Co-

92 3943 163 4007 miti
180 3941 357 4026 Evcrardo,
383 3965 481 4027 quam
507 3941 636 4009 domino
663 3941 808 4022 Jchanni
833 3943 936 4026 Baua,
962 3944 1113 4008 timentes
1138 3941 1221 4007 illud

93 4050 177 4132 quod
203 4051 325 4118 Vestre
351 4051 463 4117 littere
489 4051 691 4134 profitentur,
718 4058 751 4115 et
778 4053 916 4118 maxime
942 4050 1030 4134 quod
1056 4070 1134 4132 gens
1156 4051 1220 4116 ista

94 4167 211 4240 posset,
228 4161 312 4225 sicut
327 4159 517 4240 innuebant,
534 4157 576 4224 ad
593 4158 712 4223 damna
727 4159 1005 4239 vestraconverti3
1022 4159 1151 4222 omnino
1167 4179 1221 4222 ne·

95 4268 235 4350 gavinus
251 4268 419 4334 licentiam
436 4267 646 4350 postulatam.
664 4266 728 4333 Sed
744 4269 895 4351 quoniam
915 4267 999 4331 idem
1018 4265 1135 4331 Comes
1151 4269 1218 4350 plu·

94 4377 207 4440 rimum
235 4376 498 4459 conquerebatur
525 4382 647 4459 aperte,
663 4376 750 4460 quod
769 4375 898 4440 dicebat
914 4397 947 4440 se
964 4375 1064 4455 nobis,
1082 4377 1108 4439 si
1125 4397 1219 4440 casus

95 4487 293 4552 necessarius
320 4487 474 4564 eveniret,
499 4485 661 4550 inutiliter
677 4487 884 4566 serviturum;
916 4485 1115 4551 decrevimus
1147 4507 1219 4550 eum

144 4620 205 4660 uon.
220 4622 302 4660 HUNG.
319 4622 387 4658 mar.
404 4627 448 4642 ¹⁸·
470 4621 536 4658 ΛΟΤΛ
552 4623 613 4658 ΕΧΤ.
629 4623 667 4658 nt.
1082 4599 1123 4663 28
