3248 5242
629 349 722 423 tana.
1164 348 1226 426 ni

102 535 298 602 anctoritate
314 536 527 603 Serenissime
543 536 681 602 Domine
697 537 826 602 domine
836 535 1020 618 Margarile
1038 537 1103 602 Dei
1119 540 1230 622 gratia

102 643 225 728 Regiae
235 645 463 729 predictorum,
478 644 654 712 reuerende
670 643 836 728 genitricis
852 650 885 709 et
900 643 996 709 Balie
1006 651 1125 730 nostre,
1132 647 1230 731 juxta

102 774 190 818 usum
217 758 250 818 et
276 751 549 833 consuetudinem,
566 751 644 818 dicti
669 751 776 834 Regni
802 751 907 818 nostri
927 751 1100 837 Hungarie
1116 761 1230 819 tenore

102 861 302 944 presentium
328 861 451 945 damus,
477 860 682 927 concedimus
705 861 911 926 etdonamns
928 859 1120 928 descientia
1139 868 1231 928 certa

100 975 223 1051 nostra,
241 989 301 1054 per
317 970 447 1036 eosdem
464 969 635 1052 Thomam‚
661 967 857 1053 Gregorium
874 974 907 1034 et
922 967 1101 1051 Andrean,
1118 976 1150 1034 et
1165 969 1231 1036 dic-

100 1081 150 1141 tos
166 1079 311 1162 ipsorum
332 1077 469 1143 heredes
495 1078 673 1145 inmediate
690 1083 723 1143 et
736 1077 770 1142 in
786 1077 894 1162 capite
913 1076 1042 1142 anobis
1059 1081 1091 1143 et
1107 1081 1229 1145 nostris

99 1185 237 1252 indicto
251 1185 369 1271 Regno
394 1193 509 1253 nostro
535 1186 707 1270 Hungarie
732 1185 906 1252 heredibus
922 1190 955 1248 et
980 1186 1229 1268 successoribus,
1255 1258 1261 1267 ,

100 1293 160 1360 sub
177 1296 318 1380 seruitijs
345 1301 379 1362 et
403 1294 679 1377 recognitionibus
704 1301 878 1378 propterea
904 1289 1021 1360 debitis
1038 1300 1071 1359 et
1087 1294 1227 1379 prestarj

99 1402 206 1468 solitis
237 1401 395 1470 tenendas
411 1409 445 1469 et
459 1407 617 1486 perpetuo
643 1400 874 1486 possidendas;
898 1401 1109 1466 inuestientes
1125 1402 1227 1468 virum

100 1511 243 1577 nobilem
269 1509 457 1576 ‹lohannem
484 1511 523 1576 de
540 1507 731 1593 Grisogonis
758 1509 798 1574 de
824 1507 940 1591 dedra,
971 1508 1229 1591 Cambellanum,

98 1617 295 1685 familiarem
322 1624 356 1684 et
380 1617 505 1684 fidelem
532 1625 679 1684 nostrum
705 1617 868 1698 dilectum,
885 1637 943 1699 pro
959 1616 1055 1682 dictis
1070 1616 1228 1684 fratribus

99 1734 133 1793 et
150 1749 265 1792 eorum.
287 1726 465 1792 heredibus
491 1724 531 1809 de
557 1725 699 1808 presenti
726 1732 841 1791 nostra
860 1724 1036 1790 donatione
1062 1731 1095 1790 et
1119 1727 1228 1810 gratia

97 1857 156 1920 per
172 1835 303 1900 anulum
321 1840 466 1900 nostrum
485 1832 735 1916 presentialiter,
751 1838 789 1898 nt
805 1838 855 1897 est
870 1833 987 1914 moris;
1010 1853 1108 1917 quam
1124 1834 1228 1899 inues-

96 1944 232 2008 tituram
249 1943 317 2007 uim
333 1949 367 2006 et
383 1939 562 2006 efficaciam
577 1961 651 2005 nere
661 1940 844 2006 donationis
861 1945 894 2005 et
909 1939 1007 2004 realis
1024 1943 1228 2024 asseqnntio·

95 2050 149 2116 nis
165 2047 424 2132 supradictarum
444 2047 595 2112 villarum
612 2051 644 2111 et
660 2046 772 2132 oppidi
798 2046 945 2111 uolumus
962 2046 1117 2126 obtinere,
1134 2069 1228 2131 supe·

95 2157 247 2223 rioritate
266 2155 396 2239 quidem
413 2163 446 2220 et
456 2155 616 2220 fidelitate
628 2161 739 2221 nostra
751 2154 1019 2238 predictis,atqne
1033 2156 1228 2238 recognitio·

95 2263 193 2330 nibus
209 2271 242 2330 et
257 2263 400 2348 seruitijs
416 2263 583 2348 predictis
600 2263 684 2328 villis
702 2270 735 2329 et
751 2261 869 2346 oppido
881 2261 989 2344 Onne,
1005 2264 1125 2329 nostris
1142 2264 1226 2348 alijs,

6 2391 8 2394 ·
96 2379 131 2438 et
147 2372 320 2438 cuiuslibet
335 2368 472 2438 alterius
488 2370 617 2455 juribus
634 2393 759 2455 semper
781 2371 891 2437 saluis.
910 2369 951 2434 In
968 2372 1058 2434 cuius
1074 2371 1122 2434 rei
1137 2371 1225 2436 testi-

95 2480 239 2546 monium
258 2486 427 2563 presentes
443 2479 577 2546 lictores
603 2479 717 2544 exinde
734 2477 803 2563 fierj
822 2485 854 2542 et
868 2476 1019 2562 pendentj
1040 2475 1227 2544 Maiestatis

95 2583 222 2654 Nostre
239 2586 345 2670 sigillo
367 2588 522 2672 jussimus
548 2575 747 2671 coinnrunirj.
773 2586 865 2652 Data
889 2584 1009 2653 Gaiete
1028 2587 1062 2650 in
1078 2586 1228 2652 absentia

93 2695 279 2778 Logotbete
303 2704 364 2761 etc.
390 2717 448 2779 per
472 2697 577 2760 virum
604 2696 744 2760 nobilem
759 2695 928 2760 Donatum
954 2693 993 2759 de
1017 2694 1135 2761 Aretio
1163 2707 1224 2761 etc.

92 2824 180 2870 anno
197 2803 330 2868 Domini
362 2799 722 2869 Muennxxxxss.
739 2802 791 2868 die
808 2800 932 2867 decimo
950 2799 1102 2868 Octobris
1119 2803 1223 2886 prime

93 2910 296 2990 indiccionis‚
312 2909 500 2993 Regnorum
517 2917 703 2976 nostrorum
721 2932 806 2976 auno
821 2917 922 2976 sexto.

92 3057 130 3119 (Α
153 3057 289 3118 »Registri
304 3055 456 3120 Augioini«
482 3061 541 3108 363.
556 3073 592 3107 sz.
607 3071 631 3108 a.
643 3057 711 3122 Bag.
725 3057 848 3108 Ladislai
861 3057 943 3122 Regis
956 3057 1099 3107 naussum
1116 3061 1174 3108 219.
1188 3057 1225 3121 1.;

363 3161 396 3195 az
408 3149 483 3196 olasz
496 3147 549 3197 kir.
562 3147 675 3212 napolyi
684 3147 954 3212 nagylevtltarban.)

622 3470 697 3532 442.

91 3627 214 3695 Diszlo‘
229 3627 358 3696 sicilici
369 3629 480 3718 lrr'iuilp
496 3631 677 3718 iarnagyor
688 3627 882 3718 elienkirdly
896 3629 1132 3698 Jduosmarcdi
1148 3633 1224 3698 bont

92 3741 127 3803 e'a
153 3741 422 3825 mapparorsrripi
441 3739 660 3825 ltelytartdjdt,
679 3738 828 3826 Herooyo
844 3739 1025 3804 dalmatiai
1050 3742 1082 3803 is
1099 3744 1224 3805 borodi·

89 3849 224 3931 orezdpi
241 3847 369 3933 bonjdt,
385 3849 417 3910 tr
434 3847 627 3913 Laczlrocirs
645 3849 767 3914 [dedat
793 3849 934 3912 oddordt
949 3847 1222 3934 felicatalmozza,

88 3957 175 4042 kopp
202 3956 459 4041 Mapparorazcig
475 3956 507 4018 is
532 3955 679 4040 kopceoit
706 3957 864 4020 re'ezeinek
889 3955 1033 4020 labescit
1059 3958 1224 4030 ditaidnos

354 4061 578 4128 amnisticibao
594 4063 840 4129 re‘szceitdescilo.
860 4066 954 4128 1392.

200 4221 374 4288 Ladinlans
385 4221 447 4289 Dei
459 4224 567 4306 gratia
583 4223 763 4307 Hungarie‚
779 4221 965 4290 Jerusalem
976 4230 1011 4288 et
1021 4221 1134 4290 Sicilie
1145 4221 1218 4292 Rex

84 4337 153 4398 etc.
171 4329 358 4414 Magnifiois
384 4333 461 4396 viris
485 4331 631 4399 Johsnni
657 4331 751 4399 Bane
778 4331 1031 4413 Macohouiensi,
1055 4338 1169 4398 nostro
1187 4335 1221 4398 in

84 4443 210 4524 Regno
225 4448 339 4506 nostro
354 4438 525 4526 Hungarie
542 4449 576 4508 et
593 4443 666 4526 alijs
691 4443 814 4527 Regnis
839 4436 901 4506 sibi
927 4443 1062 4507 annexis
1089 4439 1222 4508 Vicario

82 4546 265 4626 Generali;
291 4554 324 4612 et
341 4547 487 4614 Heruoie
504 4549 660 4632 Vayvode
686 4547 854 4630 Bosnensi,
879 4547 1067 4630 Regnorum
1094 4555 1222 4615 nostro·
