3210 5252
414 363 476 426 106
766 377 1002 426 nmnousczssr
1017 361 1184 422 animans.

409 538 553 623 ipsorum
578 538 713 604 oonsilio
738 544 771 603 et
787 557 942 605 consensu
968 535 1140 615 tractandi,
1165 533 1320 599 firmandi
1346 539 1381 599 'et
1397 531 1537 598 faciendi

410 669 469 732 pro
485 647 578 714 nobis
594 652 628 714 et
643 644 732 712 dicta
750 646 909 730 Ecclesia,
934 645 1067 730 eiusque
1084 641 1226 709 subditis
1251 647 1285 708 et
1307 641 1537 709 adherentibus

411 755 568 822 uniuersis
593 759 627 820 et
652 753 788 838 singulis
812 752 997 819 huiusmodi
1021 757 1173 834 treugam
1199 751 1242 816 ad
1265 757 1405 834 tempus,
1420 749 1461 816 de
1478 771 1538 834 quo

410 863 473 947 ipsi
490 859 783 946 circumspectioni
799 861 869 927 Tne
893 857 1067 940 videbitur,
1083 863 1118 924 et
1142 857 1270 924 demum
1286 878 1402 942 pacem
1419 863 1455 924 et
1469 878 1538 924 con-

411 970 557 1038 cordiam
567 991 640 1036 cum
655 969 777 1035 eisdem
792 967 991 1035 Barnabone
1006 975 1040 1033 et
1057 965 1214 1034 Galeacio
1230 966 1363 1048 suisque
1379 965 1539 1050 colligatis

411 1085 446 1145 et
461 1077 697 1145 adherentibus
714 1098 812 1161 super
827 1077 891 1143 biis
908 1076 1064 1142 adhibitis
1081 1080 1115 1141 et
1130 1073 1331 1159 interpositis
1346 1073 1538 1140 conditioni·

328 1266 333 1274 .
413 1188 485 1271 bus,
500 1185 646 1266 cautelis,
661 1183 940 1269 promissionibus,
955 1189 988 1250 et
1004 1181 1261 1267 obligationibus
1287 1181 1328 1247 de
1344 1179 1465 1266 quibus
1482 1180 1539 1246 tibi

413 1299 448 1360 et
470 1291 591 1358 eisdem
615 1291 778 1375 colligatis
803 1312 863 1375 pro
887 1292 1010 1358 honore
1036 1295 1142 1356 status
1167 1295 1200 1354 et
1222 1289 1332 1372 quiete
1356 1288 1481 1354 nostris
1510 1293 1539 1354 et

314 1444 319 1498 ζ
414 1400 577 1469 dictorum
593 1399 740 1466 Ecclesia
750 1399 979 1485 colligatorum
996 1405 1028 1463 et
1044 1395 1247 1464 subditorum
1262 1418 1301 1462 ac
1316 1396 1540 1462 adherentium

413 1509 556 1594 partium
580 1506 779 1574 Lombardic
794 1529 833 1573 ac
847 1507 964 1573 Tuscia
980 1504 1145 1572 videbitur
1162 1503 1324 1589 expedire,
1346 1505 1387 1570 de
1403 1504 1540 1570 fratrum

414 1621 601 1684 nostrorum
627 1615 762 1682 consilio
778 1616 909 1700 plenem
926 1613 1132 1681 concedimus
1148 1619 1262 1679 tenore
1277 1614 1483 1697 presentium
1497 1612 1541 1678 fa·

415 1723 578 1792 cultatem.
595 1721 720 1790 Datum
736 1721 898 1790 Avinione
913 1723 982 1789 ΙΠ.
993 1722 1066 1790 idus
1081 1721 1219 1806 Apm'lis,
1236 1719 1454 1802 Pontificatum
1470 1742 1540 1788 nos·
1599 1777 1601 1780 .

414 1835 458 1900 tri
475 1853 561 1899 anno
578 1833 703 1917 quinto.

415 1980 474 2042 (XI.
488 1979 608 2046 Gergely
623 1979 695 2044 pepe
707 1977 883 2046 regesttibdl.
903 1979 928 2030 A
939 1978 1012 2042 papa
1025 1977 1144 2044 regestsli
1157 1978 1226 2028 kbzt
1239 1977 1386 2029 taltltatih
1400 1991 1454 2042 egy
1469 1979 1542 2028 1374.

410 2069 498 2134 julius
510 2069 586 2121 ³0-lri
598 2069 895 2136 meghstelmezvtnya
907 2069 930 2118 is
943 2069 1030 2120 oinos
1043 2067 1273 2132 arenzoipiiepdk
1287 2066 1315 2116 ts
1328 2066 1451 2130 apostoli
1477 2079 1543 2116 nun·
1599 2059 1601 2064 '

415 2160 481 2221 cius,
493 2175 506 2209 s
519 2157 624 2210 Amedt
637 2160 750 2226 sovoyei
760 2157 824 2226 gros
835 2159 970 2223 estimare,
980 2158 1055 2224 hogy
1068 2156 1194 2208 visconti
1207 2158 1353 2209 Geleszzal
1367 2156 1542 2222 fegyverszii-

837 2253 913 2300 natet
925 2247 1129 2309 kothemenek.)

905 2422 1061 2435 -υο--ῠ

956 2593 1009 2654 89.
1062 2601 1063 2606 ’

421 2752 510 2818 Trou
527 2751 727 2818 dalmocziai
752 2754 874 2840 tangeri
898 2752 1058 2819 odresbaa
1082 2751 1224 2838 ocgyoai
1248 2753 1437 2818 dtrahcizo‘s.
1455 2753 1546 2817 1375.

525 2910 567 2977 In
583 2910 707 2978 Christi
722 2913 852 2978 nemine
869 2911 986 2978 Amen.
1007 2911 1091 2978 Cum
1107 2911 1170 2977 hoo
1185 2911 1236 2992 sit,
1252 2911 1341 2994 quod
1355 2910 1480 2978 dudum
1496 2932 1547 2976 no·

419 3013 493 3085 bilis
508 3021 557 3084 vir
573 3017 722 3087 Gausina
747 3020 834 3088 filius
860 3020 1024 3106 quondam
1050 3019 1175 3086 Marini
1192 3020 1232 3086 de
1250 3019 1400 3087 Gausina
1415 3019 1457 3086 de
1473 3018 1548 3087 ma·

419 3127 515 3210 gurie
540 3148 599 3211 per
625 3148 660 3194 se
685 3147 826 3213 suosque
852 3127 989 3195 heredes
1006 3133 1039 3193 et
1056 3121 1258 3193 successores
1268 3128 1344 3212 jure
1368 3128 1503 3211 proprio
1519 3134 1549 3192 et

419 3236 624 3302 irrevocabili
638 3235 734 3303 titulo
751 3244 785 3303 et
799 3236 929 3302 nomine
946 3259 1036 3321 pure,
1051 3257 1148 3319 mere,
1165 3235 1268 3301 libere
1285 3241 1318 3300 et
1334 3234 1550 3302 inrevocabile

421 3341 605 3408 donationis
620 3341 782 3424 donasset,
798 3345 984 3426 remisisset,
999 3343 1193 3411 tradidisset
1208 3350 1243 3409 et
1258 3342 1438 3408 refutasset
1452 3343 1550 3410 dona-

421 3448 524 3531 cione,
541 3471 605 3533 que
621 3451 741 3516 dicitur
765 3452 852 3518 inter
877 3453 974 3532 vivos,
999 3452 1129 3518 domine
1153 3451 1344 3517 Radoslaue
1372 3471 1430 3517 sue
1447 3450 1551 3518 sorori

421 3558 556 3638 uterino,
581 3557 647 3623 filie
673 3556 752 3624 dicti
781 3559 920 3626 condam
943 3559 1069 3626 Marini
1096 3579 1207 3625 omnes
1225 3564 1258 3625 et
1275 3559 1422 3643 singulas
1447 3559 1551 3640 uillas,

423 3665 606 3748 territoria,
619 3667 850 3749 possessiones,
865 3672 972 3750 prata,
987 3687 1130 3751 nemora,
1140 3687 1273 3751 pascua,
1283 3688 1387 3751 aquas
1403 3674 1438 3732 et
1453 3690 1553 3752 aqua·

422 3794 497 3838 rum
528 3773 694 3854 decursus,
710 3781 778 3842 tam
795 3775 900 3842 cultas
917 3797 1015 3860 quam
1031 3777 1176 3857 irculteS,
1201 3776 1327 3860 positas
1341 3783 1413 3841 tam
1427 3777 1463 3840 in
1479 3775 1554 3841 Dis-

421 3879 521 3946 trictu
537 3879 693 3948 Ciuitatis
710 3882 882 3966 Tragurie,
909 3905 1007 3967 quam
1022 3883 1057 3949 in
1070 3883 1188 3967 Regno
1213 3881 1347 3949 Oroatis
1372 3884 1553 3962 existentia,

422 3988 621 4073 pertinentia
636 3995 669 4055 et
685 3990 869 4075 spectantia
894 3992 983 4059 dicto
1000 3989 1158 4071 Gausine,
1174 3998 1209 4057 et
1223 4011 1287 4075 que
1303 3990 1346 4057 ad
1362 3992 1470 4073 ipsum
1485 4013 1555 4076 per-

422 4096 527 4162 tinere
542 4115 599 4162 seu
616 4101 763 4180 spectare
789 4104 944 4182 poterant
969 4120 1099 4183 quoquo
1114 4099 1230 4180 modo;
1258 4105 1290 4165 et
1305 4099 1394 4183 ipsas
1411 4098 1509 4166 villas
1523 4105 1555 4165 et

422 4204 641 4287 possessiones
667 4224 740 4270 cum
764 4227 876 4274 earum
903 4207 1031 4292 juribus
1057 4213 1090 4274 et
1116 4207 1322 4291 pertinentiis
1355 4207 1556 4290 promisisset

424 4311 528 4377 eidem
543 4311 586 4379 ah
602 4314 690 4378 omni
705 4313 835 4380 homine
852 4321 885 4380 et
902 4315 1129 4386 Vniuersitate
1156 4314 1301 4398 legitime
1321 4312 1508 4381 deffendere
1523 4320 1556 4380 ct

423 4420 686 4505 excelumpniere
713 4443 785 4488 eum
811 4423 873 4488 hac
899 4423 1085 4491 conditione
1111 4429 1144 4488 et
1169 4430 1265 4507 pacto
1290 4423 1452 4507 videlicet,
1469 4420 1557 4506 quod

424 4526 513 4593 dicta
529 4526 661 4594 domina
676 4529 878 4611 Radoslaua,
903 4533 969 4603 sive
987 4533 1035 4598 sui
1052 4531 1187 4597 heredes
1212 4532 1260 4599 uel
1276 4553 1489 4618 successores,
1505 4531 1556 4596 de·
