3210 5252
7 109 10 262 r

7 347 11 432 ¹

7 1357 9 1502 l

592 327 687 409 ieie.
1162 327 1203 411 'rs

84 518 251 606 Hungarie,
267 523 356 607 quod
372 525 414 588 ad
432 526 535 608 ipsum
553 531 584 589 et
603 546 676 588 suos
693 544 895 589 successores
911 524 1034 590 dictum
1053 526 1202 610 Regnum

84 628 182 694 Sicilie
207 633 374 715 pertineat
391 640 423 697 ct
440 633 557 699 debeat
583 635 757 716 pertinere.
783 633 821 696 ln
839 654 875 697 eo
892 655 970 709 uero
987 655 1073 713 casu,
1088 635 1121 700 in
1138 657 1220 718 quo·

82 738 161 804 dicta
183 740 363 807 declaratio
380 742 570 807 dilationem
587 740 734 823 haberet,
750 740 871 825 prefati
888 739 1154 808 Ambassiatores
1171 749 1204 807 et

83 854 298 930 procuratores
324 850 553 934 promiserunt,
580 851 772 914 iurauerunt-
797 855 828 914 et
845 848 1059 914 firmauerunt
1073 850 1202 916 nomine

84 976 138 1039 quo
160 978 266 1040 supra,
291 957 373 1021 dare
400 959 432 1022 in
455 979 607 1041 sponsam
625 964 657 1021 et
673 979 806 1022 uxorem
823 957 978 1039 suturam,
994 965 1028 1022 et
1045 959 1143 1024 etiam
1162 981 1201 1022 ex

87 1083 159 1126 nunc
183 1062 261 1128 dant
290 1069 324 1129 et
349 1064 532 1129 concedunt
556 1063 683 1148 prelato
716 1065 847 1130 domino
872 1065 1041 1130 Ludovico
1064 1065 1202 1132 Francis

7 1205 9 1230 l
88 1169 207 1236 alteram
224 1171 265 1236 dc
281 1171 389 1236 tribus
406 1171 536 1238 filiabus
556 1171 673 1254 prelati
701 1171 822 1236 domini
840 1171 941 1254 Regis
959 1173 1141 1256 Hungarie,
1159 1175 1201 1238 vi·

7 1331 9 1352 .
86 1277 187 1344 delicet
210 1275 435 1358 Catlrerinam,
467 1283 609 1347 Mariam
636 1283 685 1345 vel
713 1280 857 1364 Aduiga,
875 1281 1008 1364 optione
1033 1289 1201 1348 reseruata

86 1387 200 1469 prefato
225 1387 356 1454 domino
384 1390 468 1474 Regi
495 1390 677 1474 Hungarie,
703 1388 780 1453 dare
797 1389 886 1454 illam
914 1389 955 1454 dc
981 1389 1078 1455 dictis
1094 1389 1200 1455 tribus

86 1493 207 1579 filiabus,
232 1497 273 1563 de
291 1519 359 1580 qua
385 1499 491 1581 magis
508 1498 567 1564 sibi
595 1499 766 1580 placuerit,
780 1495 928 1580 predicto
945 1496 1075 1562 domino
1092 1497 1200 1562 Ludo·

84 1605 147 1667 uico
161 1604 298 1671 Francis
315 1609 349 1670 in
365 1627 519 1690 sponsam
536 1613 570 1671 et
586 1627 730 1688 uxorem;
746 1607 792 1669 ite
805 1611 922 1684 tamen,
939 1605 1028 1685 quod
1045 1627 1142 1670 unam
1160 1605 1199 1670 de

84 1711 168 1776 dictis
191 1714 295 1779 tribus
323 1713 451 1780 filiabus
478 1711 783 1780 Ambassiatoribus
800 1710 924 1776 domini
940 1709 1043 1795 Regis
1060 1713 1199 1779 Francis

7 1825 9 1848 ³
83 1824 254 1904 peripsum
284 1823 327 1887 ad
344 1822 468 1888 dictum
493 1820 617 1905 Regem
635 1820 807 1904 Hungarie
833 1820 1075 1904 presentialiter
1101 1819 1200 1886 desti-

7 1981 9 2014 ,
82 1927 220 2009 tinandis,
245 1930 332 1996 idem
360 1930 432 1994 Rex
460 1931 631 2012 Hungarie
657 1930 824 1994 nominare
841 1934 1002 1993 tencatur.
1026 1928 1199 1994 Dederunt

7 2065 8 2118 3
82 2033 198 2118 insuper
224 2034 345 2119 prefati
372 2035 638 2102 Arabassiatores
663 2043 695 2100 et
721 2042 952 2118 procuratores
975 2035 1104 2100 nomine
1130 2054 1197 2116 quo

7 2143 8 2148 ’
81 2161 167 2224 supra
191 2143 367 2210 donatione
384 2165 475 2227 pura,
502 2144 640 2227 simplici
658 2149 691 2208 et
707 2141 915 2208 irreuocabili
932 2143 965 2206 in
982 2140 1090 2208 dotem
1107 2149 1141 2207 et
1155 2141 1198 2208 ad

80 2269 150 2332 opus
181 2251 320 2334 predicti
354 2253 552 2316 matrimonii
579 2251 660 2317 duce
687 2251 828 2316 Domino
855 2250 1068 2316 contrahendi
1093 2250 1141 2314 illi
1158 2250 1197 2315 dc

79 2356 164 2422 dictis
188 2359 293 2425 tribus
319 2358 456 2441 filiabus,
474 2360 543 2424 siue
560 2361 603 2424 sit
620 2360 752 2424 domina
770 2356 954 2424 Oatlrerina
969 2359 1197 2442 primogenita,

7 2551 9 2568 .
79 2466 138 2528 siue
162 2465 294 2532 domina
319 2465 431 2532 Maria
455 2467 719 2550 secundogenita,
745 2467 814 2530 siue
831 2466 963 2530 domina
981 2463 1115 2548 Aduiga
1131 2472 1195 2529 ter·

79 2573 234 2657 tiogenita,
260 2573 425 2658 prefatum
442 2574 591 2657 Regnum
609 2572 729 2656 Sicilie,
745 2594 817 2638 cum
834 2572 950 2657 Regno
966 2573 1196 2656 Neapolitano,

7 2677 8 2684 '
77 2679 191 2764 Apulia
216 2692 250 2748 et
275 2682 424 2748 omnibus
449 2683 555 2762 terris,
572 2682 664 2761 villis,
680 2683 806 2762 castris,
822 2680 999 2745 honoribus
1017 2687 1049 2746 ct
1065 2679 1195 2764 juribus

76 2788 303 2868 pertinentibus
329 2789 504 2873 adipsum,
525 2810 663 2854 necnon
680 2787 907 2872 Principalem
923 2785 1067 2872 Salerne,
1085 2787 1194 2854 Hono·

74 2916 134 2959 rem
159 2895 271 2963 Sancti
295 2897 426 2980 Angeli,
456 2894 641 2962 Comitatus
666 2897 835 2962 Pronintie
861 2899 894 2960 et
921 2895 1145 2980 Forcalqnerij
1163 2903 1195 2960 et

74 3000 283 3086 Pedemontis‚
310 3027 383 3070 curn
409 3005 494 3070 villis
520 3005 627 3084 etiam,
653 3006 780 3086 castris,
797 3003 984 3084 honoribus,
1000 3006 1105 3086 terris,
1121 3026 1194 3087 per·

72 3112 210 3178 tinentiis
230 3120 263 3180 et
279 3115 346 3178 suis
359 3113 488 3198 juribus
514 3115 685 3194 uniuersis,
702 3120 733 3178 et
750 3112 904 3196 quicquid
921 3112 1078 3177 interesse
1095 3119 1128 3176 et
1144 3133 1195 3176 ra·

71 3220 161 3284 tionis
187 3219 290 3286 habet
315 3225 350 3285 et
374 3219 493 3286 habere
518 3225 627 3304 potest
642 3217 692 3284 rel
710 3217 806 3284 debet
822 3239 1014 3302 quocunque
1031 3217 1135 3297 modo,
1152 3219 1191 3283 ti·

69 3325 130 3391 tulo
145 3330 215 3394 siue
230 3327 491 3411 oausaprefatus
502 3328 651 3393 dominus
669 3327 740 3391 Rex
758 3325 930 3409 Hungarie
947 3326 980 3388 in
997 3324 1091 3390 dictis
1108 3323 1193 3410 Reg-

69 3435 119 3514 nis,
142 3434 347 3520 Principatu,
373 3435 517 3516 Honore,
542 3432 761 3501 Comitatibus
778 3441 811 3499 et
839 3434 937 3498 terris
962 3431 1131 3514 habendis,
1147 3441 1192 3499 tc·

68 3546 172 3612 nendis
189 3553 224 3612 ct
239 3546 446 3631 possidendis
462 3547 495 3612 in
513 3552 706 3630 perpetuum
723 3552 756 3611 et
773 3543 1032 3610 irreuocabiliter
1043 3566 1101 3628 per
1117 3565 1189 3628 pre-

67 3651 159 3718 fatum
187 3653 354 3721 dominum
371 3654 585 3735 Ludouioum,
611 3661 644 3719 et
669 3656 738 3719 eius
756 3675 905 3737 sponsam
923 3660 956 3717 et
973 3673 1104 3718 uxorem
1120 3671 1193 3736 pre·

67 3759 178 3829 dictam
207 3764 364 3846 futuram,
390 3773 424 3831 et
449 3787 560 3832 eorum
586 3765 716 3846 liberos,
734 3763 869 3830 heredes
885 3769 917 3829 et
934 3784 1133 3829 successores
1148 3761 1191 3828 ab

66 3869 106 3931 eis
129 3871 277 3955 legitime
294 3873 533 3939 descendentes.
559 3873 786 3938 Promiseront
806 3873 937 3956 insuper
954 3878 986 3936 et
1003 3872 1192 3936 iurauerunt

65 3978 174 4058 prelati
202 3979 354 4046 dominus
384 3980 523 4046 Carolus
549 3980 620 4046 Rex
652 3979 799 4061 Francis,
816 3987 850 4045 et
866 3977 1132 4045 Ambassiatores
1157 3979 1190 4043 in

64 4085 196 4152 ammam
222 4085 346 4169 prefati
367 4087 489 4152 domini
514 4086 616 4171 Regis
641 4085 824 4172 Hungarie,
849 4085 999 4151 videlicet
1023 4086 1085 4168 ipsi
1111 4083 1190 4150 Am·

66 4192 256 4260 bassiatores
283 4193 362 4259 dare
389 4196 421 4259 in
439 4215 591 4278 sponsam
618 4200 650 4260 et
675 4193 969 4261 uxoremfuturam
996 4194 1135 4259 alteram
1151 4193 1191 4258 de

63 4295 149 4366 dietis
174 4299 284 4366 tribus
300 4301 505 4368 Dominabus
521 4302 617 4368 modo
635 4301 792 4386 predicto,
809 4303 926 4384 etipse
943 4299 1092 4364 dominus
1118 4301 1191 4366 Rex

63 4405 192 4475 Francia
218 4411 360 4476 candem
385 4413 508 4495 recepit
533 4431 592 4495 pro
619 4409 747 4493 prelato
763 4409 830 4475 filio
853 4430 911 4473 sno
927 4405 1189 4510 secundogenito,

63 4537 126 4582 cum
143 4521 334 4602 peruenerit
349 4519 392 4584 ad
408 4520 533 4584 nubiles
560 4541 670 4598 annos,
687 4519 840 4602 quodque
857 4523 971 4580 neuter
988 4515 1189 4599 prolatorum
