3214 5250
417 339 481 401 694
773 346 1001 396 orrnousozrsr
1019 333 1183 394 cursura

417 516 461 580 Et
493 520 607 599 postca
638 511 720 577 dixit
751 513 834 580 idem
868 510 1015 578 domiuus
1047 510 1139 575 Rex:
1162 509 1322 575 »Domine
1355 507 1550 576 Cardinalis¹

417 621 807 707 Quinque-Ecclesiousis.
834 621 953 686 Nescio
978 621 1056 685 bene
1079 618 1167 701 loqui
1190 618 1394 700 litteraliter,
1428 621 1550 685 dicatis

417 751 505 796 ros«.
531 711 624 794 'lunc
651 727 800 794 domiuus
826 727 1009 794 Cardiualis
1036 726 1117 790 dixit
1140 725 1268 790 domino
1295 723 1550 792 Ambaxatori:

420 838 579 904 »Domine
607 836 835 918 Ambaxiator,
859 856 914 900 vos
939 833 1017 900 bene
1043 833 1207 898 audivistis
1223 831 1391 898 dominum
1409 833 1549 920 Regem,

417 949 471 1030 qui
489 946 582 1025 dixit,
609 943 696 1026 quod
720 950 770 1009 est
796 949 974 1026 contentus,
1000 949 1032 1008 et
1057 941 1193 1024 requirit
1213 940 1333 1007 habere
1351 941 1460 1026 ligam
1476 966 1549 1010 cunr

417 1054 648 1120 Dominatione
677 1053 803 1136 Vestra,
829 1053 913 1118 sieut
939 1052 1039 1117 voluit
1063 1059 1096 1116 et
1126 1050 1291 1134 requisivit
1324 1048 1549 1117 Sereuissims

419 1163 529 1229 Mater
546 1184 605 1228 sua
621 1183 659 1228 ac
676 1161 891 1229 Serenissima
901 1160 1042 1227 Domina
1058 1180 1134 1239 sua3
1156 1159 1284 1241 etquod
1295 1163 1502 1226 remaneatis
1517 1169 1549 1225 et

418 1271 559 1336 mittatis
571 1268 814 1338 Cancellarium
825 1267 1013 1336 Venetiasx.
1023 1267 1203 1352 Respondit
1212 1267 1362 1333 domiuus
1377 1267 1550 1334 Ambaxa-

417 1385 470 1445 tor
479 1377 610 1446 domino
620 1381 706 1464 Regi
721 1405 728 1446 :
748 1379 979 1445 »serenissime
989 1376 1115 1442 domine
1125 1375 1204 1455 Rex,
1215 1373 1432 1441 Serenissime
1443 1376 1549 1444 domi-

419 1511 469 1571 ue,
479 1497 583 1554 mater
598 1494 631 1554 et
641 1510 722 1555 uxor
732 1495 840 1552 restra
850 1487 1086 1572 requisiverunt
1102 1484 1366 1550 Dominationem
1381 1507 1494 1550 meam
1511 1486 1548 1550 de

418 1595 486 1679 liga
501 1598 535 1663 iu
551 1597 666 1663 mari«.
683 1595 843 1662 Dominus
869 1594 1054 1680 Stephanus
1071 1593 1226 1676 Voyrodu
1242 1592 1412 1676 respondit
1430 1619 1436 1656 :
1459 1594 1545 1674 »Ita

419 1705 474 1786 ite,
491 1705 531 1770 de
547 1703 615 1788 liga
631 1707 664 1770 in
680 1706 763 1772 mari
780 1704 947 1770 dicimus«.
973 1702 1066 1769 Tunc
1090 1701 1235 1768 dominus
1261 1699 1488 1768 Ambaxiator
1503 1702 1548 1766 di-

418 1813 476 1892 xit,
492 1813 578 1895 quod
595 1814 674 1895 quia
690 1815 806 1879 missus
823 1811 929 1878 fuerat
945 1809 988 1876 ad
1004 1809 1245 1894 requisitionem
1256 1806 1548 1875 Serenissimarum

418 1919 623 1987 dominarum
647 1921 850 2004 Reginorum
876 1927 1028 2005 tempore,
1053 1940 1115 2002 quo
1140 1916 1329 2000 regnabant,
1345 1915 1544 2002 Spudicatus

418 2028 548 2097 dicebat
572 2031 606 2096 in
629 2052 801 2115 personatu
826 2051 947 2108 earum,
973 2027 1030 2094 sed
1055 2029 1144 2091 iuxta
1169 2025 1414 2108 requisitionem
1439 2027 1544 2111 ipsius

418 2136 541 2203 domiui
556 2137 658 2223 Regis
674 2140 820 2204 mitteret
835 2136 1010 2203 Notarium
1036 2134 1190 2204 Venetias
1205 2134 1248 2199 ad
1266 2132 1543 2218 Domiuationem,

419 2252 452 2310 et
477 2249 548 2331 ipse
574 2255 766 2313 remaneret.
792 2245 953 2311 Dominus
976 2245 1048 2310 Rex
1068 2245 1178 2310 statim
1193 2248 1267 2326 post
1283 2241 1383 2309 rerba
1400 2244 1458 2308 illa
1477 2266 1545 2328 pre·

419 2354 509 2421 dicta
524 2356 626 2423 traxit
642 2357 675 2422 in
691 2361 816 2440 partem
841 2356 1005 2421 dominum
1031 2353 1297 2419 Ambaxiatorem
1323 2359 1356 2417 et
1375 2353 1543 2418 dominum

420 2459 624 2547 Stephanum
644 2464 836 2550 Voyvodam
860 2463 1020 2547 Magnum
1044 2460 1214 2542 Comitem,
1229 2468 1263 2526 et
1278 2461 1384 2527 dixit:
1405 2462 1545 2528 »Comes

420 2571 445 2637 J
447 2572 590 2638 ohannes
606 2573 646 2640 de
663 2571 770 2656 Vegla
795 2573 927 2657 scripsit
947 2571 1051 2654 nobis,
1066 2571 1154 2654 quod
1168 2591 1226 2654 per
1242 2592 1290 2652 ea,
1307 2592 1369 2654 que
1385 2580 1545 2652 senserat

420 2682 575 2763 sperabat
599 2680 764 2746 dominam
791 2686 927 2746 matrem
953 2687 1097 2745 nostram
1122 2679 1228 2746 adhuc
1252 2680 1368 2764 virere,
1384 2681 1443 2746 sed
1458 2681 1544 2764 quod

421 2789 460 2854 de
477 2796 567 2856 certo
583 2811 665 2854 uxor
682 2794 795 2855 nostra
810 2789 959 2871 vivebat3
975 2795 1008 2854 et
1026 2787 1156 2872 quodsi
1174 2789 1374 2854 mitteremus
1391 2789 1454 2854 sibi
1471 2811 1545 2873 gen-

420 2901 497 2979 tem,
513 2905 546 2962 et
561 2897 697 2964 haberet
723 2898 903 2964 subsidium
919 2920 940 2962 a
956 2897 1047 2977 mari,
1072 2905 1279 2981 recuperaret
1294 2900 1392 2981 ipsas.
1409 2901 1455 2965 Et
1472 2901 1543 2965 ideo

420 3024 501 3087 rogo
518 3027 581 3086 ros,
604 3012 641 3071 ut
657 3006 868 3071 committatis
893 3005 1044 3087 Notario,
1059 3004 1146 3088 quod
1161 3011 1255 3087 roget
1270 3005 1544 3077 Dominationem.

422 3118 459 3176 ut
484 3111 639 3196 dignetur
666 3112 727 3179 sibi
754 3111 889 3197 prebere
916 3113 1093 3191 subsidium
1118 3135 1139 3178 a
1164 3115 1264 3194 mari;
1289 3121 1323 3179 et
1338 3136 1399 3198 ego
1417 3118 1542 3181 mittam

422 3219 484 3286 sibi
499 3229 612 3305 gentes
637 3225 671 3286 in
696 3230 793 3306 terra,
819 3223 866 3288 ita
892 3223 978 3305 quod
994 3243 1058 3288 uno
1084 3221 1194 3288 eodem
1210 3228 1355 3306 tempore
1372 3231 1543 3289 concurrat

420 3327 597 3394 subsidium
623 3353 644 3396 a
668 3337 756 3397 terra
782 3338 814 3396 et
830 3351 850 3395 a
866 3332 982 3396 mari«.
1005 3331 1165 3397 Dominus
1182 3329 1401 3398 Ambaxiator
1417 3353 1544 3416 respon·

421 3436 492 3503 dit:
513 3436 744 3504 ›Serenissime
769 3437 850 3518 Rex,
877 3438 905 3504 si
932 3439 1074 3523 placebit
1092 3437 1164 3504 Deo
1180 3443 1212 3504 et
1226 3437 1456 3506 Dominationi
1471 3461 1543 3522 mee,

420 3545 509 3630 quod
525 3546 585 3611 hec
599 3545 668 3630 liga
685 3548 717 3610 iu
734 3548 817 3612 mari
834 3544 899 3627 fiat,
924 3551 1040 3630 postea
1055 3545 1224 3613 Serenitas
1241 3546 1365 3616 Vestra
1381 3548 1512 3616 babebit
1526 3569 1542 3612 s

420 3652 653 3720 Dominatione
669 3654 729 3719 illa
744 3675 791 3736 ea,
808 3675 871 3737 que
887 3661 982 3721 eruut
999 3657 1089 3724 vobis
1105 3659 1201 3739 grata
1211 3660 1245 3721 et
1254 3655 1424 3740 placibilia
1440 3681 1540 3724 secun-

420 3783 492 3825 cum
508 3760 647 3827 formam
672 3763 768 3846 lige«.
795 3762 958 3829 Dominus
984 3763 1168 3848 Stephanus
1194 3763 1336 3849 Magnus
1352 3765 1471 3834 Comes
1487 3788 1542 3831 res·

421 3869 557 3952 pandit:
577 3868 756 3937 »Dominus
773 3871 992 3938 Ambaxiator
1008 3873 1087 3939 dicit
1102 3895 1232 3956 verum,
1256 3873 1370 3941 melius
1387 3882 1446 3959 est,
1463 3875 1541 3960 quod

421 3979 528 4060 primo
545 3977 603 4044 fiat
616 3979 694 4065 liga,
711 3983 738 4046 si
755 3981 863 4065 placet
878 3980 1136 4048 Dominstioni‹.

530 4084 594 4153 Per
611 4109 658 4171 aa,
675 4111 738 4172 que
756 4090 905 4156 dominus
922 4087 1141 4157 Ambexiator
1156 4092 1429 4176 comprehendere
1446 4093 1540 4180 potnit

420 4214 459 4257 ex
475 4194 583 4260 verbis
608 4196 730 4262 domini
755 4198 859 4282 Regia
884 4204 917 4265 et
943 4200 1121 4281 Beronum,
1145 4201 1209 4286 ipsi
1233 4202 1356 4285 volunt,
1379 4205 1467 4286 quod
1482 4203 1537 4284 liga

423 4302 619 4370 extendatur
635 4313 751 4372 contra
766 4314 873 4373 terras
898 4307 1067 4375 Dalmatia
1082 4331 1103 4378 a
1118 4311 1210 4393 mari,
1229 4310 1369 4378 rebelles
1385 4318 1419 4379 et
1446 4311 1538 4377 inobe

423 4406 549 4475 dientes
565 4412 689 4496 Regno.

533 4519 596 4584 Die
613 4544 696 4588 nono
723 4522 850 4608 Aprilis
875 4526 908 4590 in
935 4525 1042 4612 Regia
1058 4529 1186 4612 capella
1200 4531 1279 4597 dum
1295 4535 1397 4600 missa
1411 4531 1534 4599 celebra
