3172 5254
603 413 697 474 1379.
1133 417 1212 510 1¹9⁷
1243 489 1245 499 ,

98 592 204 667 rantes,
229 587 318 668 quod
344 607 404 669 ego
420 587 602 652 Zacharias
629 610 684 654 ero
710 590 744 654 in
762 590 876 672 majori
894 592 1166 674 convalescencia,
1183 600 1214 658 et

28 719 30 770 ᾗ
99 693 173 777 quod
186 701 299 779 potero
316 695 463 779 equitare
479 701 511 760 ct
526 697 679 780 prosequi
692 699 879 765 mandatum
892 707 1044 767 vestrum.
1061 701 1106 766 Et
1122 707 1215 784 puta-

99 825 157 872 mus
181 805 277 870 istam
303 805 633 872 inconvalescenciam
666 807 728 870 mei
757 807 917 873 Zaeliarie
944 818 1138 894 oportunum
1166 833 1215 876 ve·

28 967 29 982 .
99 911 180 994 nisse,
205 933 242 977 eo
270 911 359 997 quod
382 911 505 979 dietum
523 913 713 980 mandatum
729 915 849 983 Vestre
865 913 1108 984 Dominationis
1124 919 1216 984 nobis

28 1025 31 1070 ³.
99 1021 254 1086 novissime
271 1021 404 1105 lactum,
421 1028 458 1088 ut
474 1021 646 1105 prefertur,
663 1022 791 1088 videtur
807 1021 937 1091 obstare
954 1027 1216 1093 etessedilorme

28 1163 29 1196 r
99 1135 126 1192 et
141 1129 231 1195 valde
256 1136 418 1195 remotum
443 1129 551 1195 verbis
577 1131 670 1195 nobis
688 1131 782 1196 dictis
798 1153 856 1214 per
873 1133 978 1198 dictos
994 1135 1141 1200 dominos
1158 1135 1216 1200 Ja-

28 1210 30 1246 ⁵
99 1237 198 1300 cubum
226 1245 260 1303 et
285 1239 523 1320 Benedictum
546 1239 593 1304 ita
615 1237 703 1320 quod
720 1239 911 1323 explicando
928 1243 974 1308 eis
991 1242 1112 1308 dietum
1129 1265 1218 1308 man-

99 1343 201 1410 datum
225 1357 381 1426 restrum,
407 1342 489 1414 adeo
517 1347 717 1431 generaliter
742 1355 851 1430 posset
877 1371 947 1414 esse
965 1369 1061 1416 carisa
1077 1351 1217 1416 faciendi

98 1453 248 1536 predictos
275 1456 421 1523 dominos
446 1478 466 1521 a
491 1462 636 1522 tractatu
661 1456 823 1536 recedere,
839 1464 872 1522 et
889 1479 923 1523 se
949 1460 1053 1541 inagis
1070 1479 1089 1524 a
1105 1465 1216 1525 nostro

28 1641 30 1656 .
99 1563 251 1646 proposito
279 1564 450 1650 elongare,
475 1586 548 1629 cum
573 1564 787 1632 existentibus
812 1563 905 1630 nobis
936 1565 1031 1633 Bude
1064 1567 1216 1652 predicta

28 1679 30 1772 ἑ
98 1669 207 1736 suerint
232 1673 279 1736 eis
304 1671 481 1754 diligenter
507 1674 665 1756 exposita,
692 1677 725 1738 et
750 1693 847 1756 super
871 1673 951 1756 ipsis
969 1672 1077 1739 verbis
1092 1675 1217 1740 nullum

99 1799 275 1862 responsum
302 1779 474 1846 voluerunt
492 1780 639 1864 prebere,
656 1802 715 1846 nec
731 1780 899 1846 audientia
915 1782 1027 1864 aliqua
1043 1779 1107 1847 luit
1123 1782 1216 1848 nobis

28 1879 30 1914 ²
99 1885 174 1952 data.
198 1888 242 1953 Et
267 1895 443 1971 propterea
467 1888 615 1971 predicta
641 1887 892 1958 deliberavimus
918 1887 1037 1955 Vestre
1062 1889 1218 1954 Domina·

99 1995 169 2059 tioni
184 2001 261 2061 nota
276 1997 394 2076 facere,
411 2001 448 2060 ut
475 2017 572 2080 super
596 1996 668 2078 hoc,
683 2019 722 2062 ac
738 1996 839 2062 eciam
856 1997 889 2060 in
905 2017 981 2062 casu
997 2019 1061 2081 quo
1079 2018 1139 2082 ego
1155 1997 1219 2063 Za·

28 2138 31 2182 t
97 2101 215 2168 eharias
240 2104 390 2187 equitare
416 2125 481 2169 non
508 2124 646 2187 possem,
672 2102 795 2170 Vestra
820 2104 1029 2170 Excellencia
1048 2103 1217 2188 providero

28 2187 31 2284 i
97 2213 198 2292 possit,
215 2217 250 2277 ut
266 2211 328 2278 sibi
344 2211 514 2294 placuerit.
532 2211 689 2296 Tarvissij
709 2211 851 2280 XVIII.
869 2210 1021 2297 Augusti.

220 2409 275 2494 13)
299 2407 332 2474 Α
357 2408 589 2474 volenozei
614 2409 817 2493 degenek
840 2432 861 2476 a
884 2409 1086 2476 kbvetek.

194 2538 407 2604 Serenissime
433 2536 574 2600 Domine
600 2542 720 2602 noster.
738 2537 823 2602 Heri
841 2539 1030 2620 scripsimus
1047 2537 1087 2602 de
1104 2536 1219 2604 Tarvi-

28 2635 30 2708 i
96 2646 137 2710 sio
154 2646 333 2712 Serenitati
351 2644 482 2727 Vestre‚
508 2645 649 2729 qualiter
666 2667 898 2712 recesseramus
915 2645 955 2710 de
972 2646 1121 2713 Terrisio
1138 2647 1220 2711 liora

97 2753 167 2820 Vll.
183 2777 243 2838 pro
260 2754 367 2820 eundo
394 2751 618 2837 Coneglanum
642 2755 829 2837 exequendo
846 2754 1002 2821 mandata
1018 2753 1137 2823 Vestre
1153 2753 1220 2819 Dc·

95 2865 284 2948 minationis
310 2862 366 2929 ubi
393 2863 609 2947 applicuimus
636 2863 724 2929 dicta
750 2863 802 2929 die
829 2865 911 2930 hora
937 2865 1024 2929 circa
1046 2863 1220 2929 secundam

95 2973 200 3039 noctis.
217 2972 328 3038 Hodie
345 2975 471 3036 veroin
488 2993 581 3036 mane
608 2971 648 3036 de
671 2970 860 3056 Coneglano
876 2973 1071 3037 recessimus
1088 2971 1223 3036 tenden-

28 3133 31 3184 ἶ
93 3089 136 3144 tes
161 3103 274 3147 sersus
301 3101 451 3164 campum
477 3077 705 3163 Vngarorum;
729 3087 849 3146 etcum
872 3081 1220 3164 appropinquaremus,

92 3187 267 3256 invenimus
285 3188 453 3254 dominum
464 3187 681 3253 Benedictum
692 3193 725 3254 et
735 3189 899 3254 dominum
910 3188 935 3254 J
936 3187 1072 3253 acobum
1089 3184 1222 3270 Ispano',

28 3295 30 3314 ³
93 3298 142 3378 qui
158 3299 357 3364 salutatione
383 3295 496 3362 debita
522 3303 651 3362 servata
667 3296 759 3361 nobis
777 3295 997 3379 dixe1·unt,ad
1014 3293 1093 3377 quid
1110 3293 1222 3358 tende-

92 3400 226 3472 bamus?
249 3403 376 3488 Quibus
401 3404 644 3488 responsionem
671 3403 826 3488 dedimus,
842 3403 928 3488 quod
946 3403 1121 3470 secundum
1139 3404 1220 3469 rela-

91 3513 206 3579 tionem
232 3515 356 3580 lactam
382 3535 442 3597 per
467 3533 522 3578 eos
547 3512 654 3596 pridie
669 3513 772 3593 nobis,
791 3518 891 3596 prout
907 3509 1026 3576 Vestre
1044 3509 1222 3576 Serenitati

28 3603 30 3626 ¹
91 3624 287 3707 scripsimus,
303 3621 457 3688 dominus
472 3619 496 3685 J
499 3622 644 3687 ohannes
661 3620 851 3688 Gradonico
867 3621 910 3686 ad
926 3619 1125 3705 presentiam
1142 3615 1223 3687 Ves-

90 3734 173 3796 tram
189 3737 386 3813 accesserat,
413 3738 446 3795 et
471 3751 530 3794 nos
555 3752 614 3814 per
629 3731 761 3796 litteras
778 3727 897 3798 Vestro
914 3727 1158 3794 Dominationis
1174 3748 1224 3792 re·

90 3847 198 3922 reptas
225 3841 259 3904 iu
286 3839 437 3904 Tarvisio
464 3836 637 3922 oportebat
663 3839 712 3902 ire
738 3837 780 3902 ad
806 3835 1033 3920 reperiendum
1060 3835 1225 3900 dominum

89 3945 252 4015 Karolum
270 3971 290 4013 a
306 3947 404 4012 Pace.
431 3945 635 4012 Recedentes
663 3966 805 4027 namque
833 3944 957 4009 abillis
974 3942 1227 4008 tendentesver·

28 4051 30 4084 ³
89 4076 138 4120 sus
164 4055 325 4123 Sacillum
350 4055 530 4140 reperimus
555 4057 589 4120 in
614 4055 728 4120 itinere
753 4053 921 4120 dominum
954 4052 1052 4118 Sutor
1078 4051 1224 4132 Petrum,

28 4161 30 4244 f
90 4166 141 4246 qui
157 4166 230 4232 ibat
246 4165 288 4230 ad
305 4185 457 4247 eampum
472 4160 694 4247 Vngarorum.
711 4159 773 4228 Oui
795 4161 976 4244 retulimus,
988 4157 1076 4244 quod
1091 4158 1135 4224 ad
1151 4179 1223 4241 pre·

90 4275 229 4339 sentiam
245 4273 369 4339 domini
394 4271 514 4337 Karoli
541 4269 790 4351 accedebamus3
815 4276 968 4352 rogantes
994 4267 1090 4349 enim,
1106 4273 1143 4330 nt
1162 4267 1224 4332 sibi

90 4379 202 4448 adesse
219 4382 374 4466 placeret.
393 4381 425 4447 Α
444 4402 507 4465 quo
534 4379 664 4464 quidem
687 4377 818 4444 domino
836 4374 941 4443 Suder
958 4375 1059 4440 Petro
1075 4373 1224 4440 benivola

28 4487 30 4558 ὲ
88 4495 299 4577 responsione
327 4493 508 4572 habuimus,
534 4491 621 4575 quod
638 4491 708 4574 ipse
724 4489 873 4554 dominus
899 4486 1045 4552 Karolus
1063 4485 1222 4570 applicue-

89 4609 138 4667 rat
154 4603 188 4666 in
205 4601 266 4666 illa
281 4602 365 4666 hora
392 4599 553 4681 Sacilum3
570 4599 689 4683 etipse
715 4597 785 4664 ibat
810 4596 853 4663 ad
870 4617 1038 4680 campum,
1063 4599 1096 4660 et
1111 4592 1222 4660 statim
