3214 5250
578 405 673 469 1385.
1125 408 1188 469 593

65 586 171 646 meatu
186 604 208 647 a
223 579 354 648 domino
369 579 461 667 Rege
479 583 616 664 Karolo,
633 589 666 649 ot
683 605 703 648 a
720 582 850 648 domino
868 580 1038 648 Cardioali
1050 582 1193 664 Ravene,

68 693 99 752 et
114 686 155 752 ab
166 688 240 756 aliis
257 690 371 755 amicis
388 693 519 774 nostris,
537 691 699 760 Vonecias
719 691 894 756 revertaris
915 690 955 755 de
980 683 1131 756 omnibus
1146 692 1194 754 io-

68 793 233 862 formatus.
250 797 296 862 Et
312 797 397 863 circa
414 799 534 865 similia
549 799 650 866 verba
667 806 699 865 et
719 797 980 880 regraciamenta
1005 798 1113 864 saoere
1139 798 1193 864 de-

68 903 141 969 baes
159 904 289 971 domino
305 905 469 991 Episcopo
486 907 707 991 Isagrabiensi
724 905 877 974 cumillis
901 906 1019 990 verbis,
1044 927 1106 990 que
1131 907 1193 972 tibi

62 1011 154 1076 utilia
170 1013 384 1095 ridebuntur3
406 1037 517 1082 verum
534 1035 600 1081 non
615 1015 734 1082 debeas
759 1015 826 1082 ullo
852 1014 949 1082 modo
976 1013 1127 1080 recedere
1152 1012 1193 1080 de

62 1119 209 1202 partibus
225 1121 299 1204 illis,
319 1122 381 1188 nisi
408 1124 512 1207 primo
537 1123 656 1191 videris
682 1123 847 1189 dominum
873 1123 998 1206 Regem
1023 1121 1188 1189 Karolum

60 1229 226 1296 recessisse
243 1227 283 1294 de
299 1231 447 1314 partibus
463 1232 529 1299 illis
549 1255 609 1316 pro
625 1233 785 1299 veniendo
801 1232 855 1300 *ad
880 1237 992 1317 partes
1019 1229 1192 1297 Solanonie

61 1335 233 1418 predictas.

130 1483 167 1545 (Δ
182 1482 291 1532 »Misti«
305 1483 395 1534 czimti
405 1485 543 1536 velenozei
556 1486 784 1553 tllomkdnyvbdl
797 1485 926 1538 XXXIX.
940 1485 999 1538 kot.
1014 1489 1075 1536 285.
1088 1484 1118 1547 l.)

545 1647 705 1657 —.-.----

586 1793 659 1856 331.

59 1947 259 2017 Avolenezei
274 1951 556 2039 kdztdreosdgoak
573 1954 706 2020 votam
730 1954 875 2021 Toortko
891 1954 934 2016 ΙΙ.
960 1953 1077 2019 Istron
1102 1955 1191 2019 ezerb

296 2062 329 2125 ds
345 2063 490 2127 doszaioi
505 2063 617 2150 kiray
633 2064 838 2150 kdoetsdpdre.
857 2065 951 2128 1385.

165 2218 265 2286 Anno
297 2218 614 2292 MOOOLXXXV.
648 2222 825 2289 indictione
858 2223 924 2290 IX.
960 2223 1013 2288 die
1046 2221 1188 2287 XXIII.

59 2324 271 2412 Septembris.
304 2326 474 2413 Capta:
500 2328 598 2414 Quod
629 2353 689 2414 pro
716 2331 824 2398 dando
850 2331 1089 2416 expeditionem
1115 2331 1188 2399 istis

57 2436 339 2504 Ambaxatoribus
355 2437 477 2503 domiui
493 2437 595 2522 Regis
612 2437 752 2504 Bossine
768 2460 828 2523 pro
848 2440 970 2505 honore
996 2440 1100 2505 nostri
1117 2438 1188 2505 Do-

58 2544 146 2609 minii
175 2545 214 2609 de
240 2545 442 2628 differentiis,
468 2568 547 2629 quas
584 2548 684 2614 habet
718 2569 789 2614 cum
816 2569 868 2614 sar
894 2548 1033 2614 Nicolao
1059 2549 1188 2629 Baseio,

57 2650 236 2734 ordinetur,
253 2655 341 2737 quod
356 2660 531 2738 postquam
549 2654 629 2720 dicti
654 2655 897 2722 Ambaxetores
922 2657 1189 2740 depositaveruut

58 2759 146 2841 apud
164 2759 327 2827 Patronos
344 2762 531 2830 Arsenatus
548 2784 657 2827 omnes
683 2762 832 2830 denarios
852 2785 912 2848 pro
928 2765 1076 2848 expensis
1092 2765 1187 2829 sactis
1263 2751 1265 2754 ⁵

56 2886 114 2948 per
130 2889 185 2933 ser
201 2865 375 2935 Nicolaum
390 2869 511 2936 Boseio
527 2870 697 2963 occasione
714 2870 850 2937 duarum
868 2872 1038 2955 galearum
1064 2870 1187 2936 domini

56 2973 159 3059 Regis
176 2977 324 3060 predicti,
342 2999 405 3062 que
416 2986 490 3045 sunt
507 2980 662 3046 innostro
679 2976 857 3060 Arsenatu,
874 2978 963 3064 quod
979 2979 1109 3045 dicatur
1121 2979 1188 3045 dic·

55 3083 97 3148 tis
112 3082 404 3171 Ambaxatoribus,
420 3087 509 3172 quod
523 3086 564 3151 de
579 3086 676 3152 dictis
702 3086 829 3153 duabus
855 3089 957 3172 galeis
985 3093 1018 3152 et
1044 3086 1187 3152 corredis

23 3209 26 3218 ·
57 3193 121 3257 suis
138 3191 291 3259 dominus
310 3194 383 3260 Rex
408 3199 520 3278 potest
545 3192 697 3262 ordinare
722 3204 755 3261 et
780 3195 897 3279 iacere,
923 3201 961 3262 ut
984 3195 1047 3262 sibi
1072 3195 1186 3279 placet,

56 3301 134 3383 quia
151 3303 286 3368 suntad
303 3323 396 3369 omne
413 3302 651 3387 beneplacitum
669 3309 701 3368 et
717 3303 907 3369 mandatum
925 3325 1027 3370 suum.
1044 3303 1095 3368 De
1112 3303 1186 3370 aliis

54 3429 127 3475 vero
143 3409 348 3492 differentiis,
364 3433 446 3496 quas
464 3431 516 3477 ser
542 3408 700 3478 Nicolaus
725 3411 845 3481 Baseio
871 3412 970 3479 habet
1001 3433 1073 3477 cum
1100 3412 1188 3476 dioto

53 3517 186 3584 domino
202 3518 303 3603 Rege,
320 3521 390 3603 ipse
406 3540 458 3584 ser
474 3517 631 3587 Nicolaus
650 3525 764 3585 utatur
780 3520 849 3586 iure
872 3543 939 3606 suo,
964 3527 1002 3586 ut
1028 3519 1091 3586 sibi
1117 3518 1186 3603 pla-

54 3633 122 3710 cet;
140 3629 301 3714 quianon
327 3627 534 3710 intendimus,
560 3628 649 3711 quod
674 3629 742 3712 ipse
769 3626 830 3693 due
855 3630 949 3712 galee
975 3650 1034 3694 nec
1052 3627 1188 3693 correda

54 3755 166 3802 earum
184 3742 360 3820 propteroa
375 3743 464 3803 stent
479 3735 625 3822 impediti
641 3736 709 3801 uilo
727 3736 822 3802 modo
850 3754 910 3821 pro
935 3736 1058 3802 honore
1084 3736 1187 3801 nostri

54 3841 212 3910 Dominii.

20 4051 21 4054 Ἴ
102 3991 139 4050 (Α
155 3987 265 4040 ›Minu‹
288 3989 378 4039 czimtt
390 3989 531 4040 veienczei
545 3990 772 4056 dilamktnyvbdi
785 3991 916 4041 XXXIX.
930 3991 1017 4041 kdtet.
1033 3993 1092 4041 295.
1105 3993 1135 4054 l.)

55 4738 58 4744 ’
97 4739 163 4777 UOR.
181 4741 264 4779 EUNO.
281 4741 348 4778 ΕΙΒΤ.
364 4751 408 4764 ····
424 4739 492 4777 ΔΟΤΔ
508 4743 568 4779 XXT·
584 4745 623 4779 111.
