3226 5254
436 371 499 435 386
786 373 1203 434 orruonnozmrnnuonru.

434 547 562 612 nominc
576 548 762 631 juramenti,
779 553 875 631 prout
887 546 984 610 michi
1001 545 1091 610 licuit
1108 553 1140 608 ct
1156 545 1232 608 licet
1248 565 1288 608 ex
1305 540 1411 608 formo
1426 538 1537 623 capituli

434 655 550 719 statuti
566 651 754 719 Communis
771 654 944 720 Florencio
961 653 1000 716 de
1027 653 1234 736 guarentigio
1260 651 1423 734 loquente,
1446 654 1539 732 quate-

433 782 494 824 nus
510 761 656 844 prodicta
673 763 781 836 omnia
797 767 830 826 ot
846 759 973 843 singulo
998 759 1160 837 ostendat,
1186 757 1288 824 iaciat
1303 765 1337 822 st·
1361 758 1498 822 observet
1510 752 1537 816 in

434 869 582 934 omnibns
599 877 631 934 et
647 890 705 952 per
721 870 837 948 omnio,
852 874 889 932 ut
905 889 1002 950 supra
1022 867 1181 952 promisit.
1198 867 1369 950 Rogantes
1386 886 1434 929 me
1449 863 1539 927 Risto·

433 997 505 1039 rum
530 974 705 1042 Notarium
732 974 984 1060 infrascriptum,
1009 975 1097 1059 quod
1113 976 1153 1040 dc
1170 974 1325 1059 predictis
1341 971 1483 1037 omnibns
1497 991 1539 1052 pu·

433 1082 553 1148 blicum
570 1085 736 1150 coficerem
753 1087 1014 1150 instrumentum.

972 1191 1046 1274 Ego
1065 1191 1219 1258 Ristorus
1243 1191 1331 1255 filius
1356 1187 1487 1254 condam
1501 1205 1541 1248 scr

864 1295 994 1375 Jacobi,
1025 1297 1106 1362 cinis
1137 1297 1360 1378 Florentinus,
1393 1290 1539 1379 Imperiuli

866 1405 1063 1470 auctoritato
1088 1403 1201 1470 Jndox
1218 1404 1415 1473 Ordinarius
1438 1407 1468 1467 et
1488 1397 1541 1464 No·

863 1513 967 1578 tarius
992 1511 1160 1596 Publicus,
1184 1513 1340 1596 predictis
1365 1511 1504 1575 omnibus
1517 1511 1541 1569 et

862 1620 998 1703 singulis
1015 1621 1254 1703 suprascriptis,
1274 1620 1352 1686 dum
1379 1625 1542 1704 agerentur,

861 1728 1003 1810 interlui,
1029 1734 1063 1793 et
1087 1749 1125 1794 ca
1150 1730 1261 1795 omnin
1287 1735 1320 1794 ct
1345 1730 1542 1812 singulasup·

514 1836 554 1922 (J
556 1837 666 1920 ogyzbi
679 1833 780 1920 jegy.)
863 1836 1026 1919 rasoriptc
1042 1843 1176 1920 rogatus
1185 1839 1298 1920 rogavi
1315 1842 1349 1902 et
1365 1835 1542 1915 imbrosian,

861 1949 895 2008 ot
911 1943 953 2009 sd
969 1966 1100 2028 presens
1117 1945 1192 2009 aliis
1218 1946 1361 2029 negociis
1387 1950 1542 2028 occupatus

862 2051 1009 2134 prodicta
1025 2054 1134 2118 omniu
1144 2060 1178 2118 st
1194 2054 1322 2137 singula
1338 2053 1541 2138 suprascripta

863 2159 1054 2243 complendo
1073 2168 1107 2226 et
1131 2160 1329 2244 publicanda
1354 2161 1492 2229 commisi
1505 2161 1542 2224 in·

862 2265 1036 2351 trascripto
1053 2289 1106 2333 ser
1121 2267 1269 2334 Antonio
1285 2269 1440 2352 Magistri
1464 2268 1541 2334 Petri

863 2373 1002 2440 Notario
1019 2375 1164 2458 Publioo,
1175 2383 1208 2442 et
1220 2378 1296 2443 idco
1313 2399 1365 2443 mc
1382 2373 1540 2458 subscripsi

861 2488 895 2547 et
911 2484 1039 2567 signum
1055 2506 1162 2551 meum
1179 2485 1316 2569 apposni
1332 2492 1515 2551 consuetum.

969 2593 1042 2676 Ego
1058 2592 1225 2660 Antonius
1240 2593 1326 2659 filius
1343 2595 1474 2661 condam
1484 2590 1542 2657 Ms-

862 2699 957 2781 gistri
972 2701 1066 2766 Petri
1080 2700 1121 2765 dc
1136 2701 1318 2784 ulos-encta,
1330 2699 1540 2770 PublicusIm-

861 2807 978 2888 perioli
994 2805 1202 2874 Auctoritsts
1221 2808 1384 2875 Notarius
1400 2818 1431 2875 ct
1445 2807 1540 2876 Index

860 2909 1066 2998 Ordinarius‚
1082 2916 1231 2998 prodicta
1255 2921 1366 2983 omnia
1384 2924 1415 2983 et
1430 2913 1540 2996 singulo

862 3041 934 3085 mco
951 3023 1084 3105 propris
1102 3045 1201 3089 mauu
1226 3025 1356 3109 scripta,
1382 3031 1493 3108 rogatu
1514 3024 1541 3082 et

860 3128 1055 3196 imbreviuts
1102 3152 1162 3215 per
1208 3135 1462 3216 supsascriptum
1497 3148 1540 3192 ser

512 3233 662 3318 (chyzoi
675 3234 778 3321 jcgy).
861 3237 1029 3304 Ristorum
1071 3261 1122 3305 scr
1161 3242 1281 3308 Jacobi
1312 3241 1480 3309 Notarium
1506 3257 1538 3302 ex

859 3345 1002 3411 ciusdem
1036 3369 1088 3413 scr
1120 3349 1249 3414 Ristori
1268 3352 1489 3434 rogacionibus
1512 3353 1539 3410 et

858 3453 1103 3522 imbreviaturis
1119 3459 1228 3541 nigore
1244 3459 1472 3525 commissionis
1491 3472 1538 3536 per

859 3583 932 3627 eum
948 3563 1027 3636 mihi
1044 3563 1138 3646 facte,
1154 3572 1191 3630 nt
1208 3587 1308 3648 supra
1331 3575 1429 3651 potet,
1452 3561 1538 3628 fideli-

859 3679 909 3735 ter
925 3674 1047 3756 sumpsi
1068 3679 1101 3738 et
1120 3674 1309 3758 complendo
1335 3672 1497 3760 publicavi,
1510 3674 1538 3732 st

860 3777 893 3840 iu
904 3779 988 3843 hanc
997 3778 1160 3862 publicam
1172 3779 1310 3846 formam
1322 3781 1448 3864 redegi3
1463 3778 1537 3842 idco

859 3907 922 3968 qno
937 3909 988 3952 me
997 3887 1173 3970 subscripsi
1183 3894 1216 3953 ot
1226 3888 1356 3972 siguum
1373 3909 1471 3954 meum
1487 3905 1533 3966 sp·

858 3996 952 4076 posui
968 4001 1163 4060 consuetum.

427 4134 566 4192 (Eredetio
580 4137 754 4201 bbrhirtybn
768 4152 801 4187 oz
827 4137 906 4188 >Atti
928 4141 1034 4203 publici
1047 4141 1074 4190 di
1088 4141 1207 4204 NspolI«
1232 4141 1299 4193 kozt
1311 4145 1389 4194 VIII.
1411 4145 1461 4193 luit.
1481 4133 1535 4186 XX·

707 4243 744 4278 sz.
758 4243 792 4292 a;
818 4243 834 4278 a
848 4230 976 4280 florenczi
991 4245 1066 4295 ncgy
1079 4231 1273 4292 levoltlrbsu.)

912 4430 1070 4440 ——...-—
