3134 5254
557 308 652 372 rara.
719 313 728 325 ’
1095 296 1171 372 ‘aaa

2 469 5 520 5
58 486 156 566 stabat,
171 491 207 551 ut
222 485 498 568 intellexeramus,
515 493 547 551 et
563 493 598 551 ut
615 487 764 568 superius
781 485 985 552 dictumest.
1002 483 1035 550 A
1054 487 1173 568 quibus

2 599 4 654 ἓ
58 596 276 678 aliquantulum
294 596 461 679 seperatia
487 603 520 660 et
546 595 784 662 revertentibus
801 595 894 662 nobis
910 594 1172 679 responderunt;
1193 601 1194 604 ’

2 709 5 743 ³
57 703 129 787 quod
142 703 228 769 nullo
254 702 350 769 mede
377 704 526 770 recedere
551 703 766 770 intendebant
782 725 802 768 a
818 702 983 787 colligatis
1021 704 1094 784 suis,
1112 702 1195 768 nisi·

2 810 4 822 '
58 812 145 894 primo
160 833 301 876 essemus
319 812 351 875 in
368 812 542 877 concordie
559 833 630 876 eram
649 811 703 891 eis.
720 818 753 876 et
769 809 857 893 quod
873 832 936 876 non
954 805 1026 876 e'rat
1041 817 1174 896 tempus

2 929 18 998 ζ.
58 919 177 1003 amplius
193 917 359 984 dilatandi
387 917 519 1000 factum,
544 927 577 984 et
604 918 692 1002 qued
718 918 906 984 deberemas
927 918 972 982 eis
989 920 1174 1002 exprimere

58 1029 252 1094 intentionem
270 1035 415 1093 uestram
431 1049 529 1111 super
539 1027 713 1093 concordie
730 1047 802 1092 cum
818 1027 948 1093 domino
965 1028 1067 1110 Rege.
1087 1025 1175 1112 Quia

2 1185 3 1198 ,
57 1137 82 1200 iu
109 1138 252 1220 proximo
285 1135 423 1201 levaturi
457 1143 551 1201 eraut
582 1157 731 1220 campum
762 1157 865 1216 suum,
893 1142 926 1199 et
952 1135 1032 1200 ituri
1060 1157 1172 1201 versus

58 1241 199 1310 Sanctum
214 1243 400 1325 Nicolaum,
427 1243 474 1309 nil
498 1243 589 1310 aliud
605 1249 814 1327 expectantes
831 1244 893 1308 nisi
907 1242 1173 1310 informationem

58 1349 202 1418 dictorum
228 1352 339 1416 decem
367 1349 537 1416 Nobilium
562 1372 703 1432 suorum,
729 1371 811 1433 quos
833 1351 990 1416 miserant
1005 1350 1047 1416 ad
1063 1352 1173 1417 viden-

56 1457 120 1524 dum
136 1459 358 1526 conditionem
385 1465 419 1524 et
441 1461 541 1524 situm
567 1459 647 1524 dieti
673 1459 754 1540 loei;
778 1464 811 1523 et
836 1458 924 1542 qued
940 1479 1005 1524 non
1021 1465 1173 1543 poterant

2 1553 4 1586 ⁵
57 1565 172 1634 differre
189 1569 252 1632 nisi
279 1587 381 1652 usque
407 1566 449 1632 ad
476 1567 561 1632 diem
589 1567 756 1650 Mereurij,
781 1567 829 1632 vel
854 1568 896 1633 ad
921 1567 1049 1652 longius
1075 1588 1177 1651 usque

56 1675 127 1742 diem
140 1677 164 1743 J
166 1677 244 1742 ovis.
260 1675 300 1739 In
318 1696 395 1741 casu
412 1697 488 1740 vero
504 1697 569 1760 quo
585 1676 794 1742 concordium
809 1683 1001 1760 sequeretur
1027 1699 1099 1743 cum
1117 1678 1177 1758 eis,

2 1769 3 1832 l
58 1805 104 1848 uos
132 1783 313 1850 faceremus
345 1805 400 1849 ees
426 1783 465 1848 de
492 1784 628 1848 inimicis
654 1783 783 1866 amima,
809 1791 843 1849 et
868 1789 1027 1867 tanquam
1053 1805 1113 1868 pro
1140 1806 1176 1849 re

2 1881 3 1914 ⁴
60 1895 179 1975 propria
205 1893 330 1958 demini
354 1891 456 1977 Regis
481 1894 543 1976 ipsi
561 1899 758 1959 conarentur
773 1915 845 1958 cum
863 1892 888 1958 J
890 1892 1094 1974 anuensibus‚
1111 1891 1177 1958 De·

58 2002 133 2068 mino
158 2001 284 2082 Padue,
309 2008 342 2067 et
368 2001 497 2067 domino
523 2001 720 2069 Patriarcha
745 2023 865 2086 ponere
891 2025 949 2068 nos
974 2004 1008 2068 in
1032 2023 1123 2087 pace,
1145 2009 1178 2067 et

2 2155 3 2182 ,
57 2108 132 2188 quod
148 2092 300 2176 dominus
315 2108 389 2175 Rex
405 2131 504 2193 super
530 2111 590 2176 hoc
614 2111 734 2176 auditis
755 2111 884 2195 juribus
916 2111 1059 2196 partium
1082 2110 1177 2198 justi-

2 2219 3 2303 1
56 2217 126 2282 ciam
142 2219 276 2285 laceret.
303 2215 509 2301 Quamquam
527 2240 547 2284 a
564 2218 694 2284 domine
720 2220 886 2303 Episcopo
903 2218 1071 2286 Jauriensi
1087 2219 1177 2285 audi·

58 2326 182 2391 rerimus
199 2327 266 2392 ista
283 2325 384 2392 rerba
410 2347 579 2408 venenosa,
601 2327 687 2410 quod
704 2326 854 2392 deminus
870 2327 942 2393 Rex
958 2328 1066 2412 petius
1083 2326 1179 2393 vellet

2 2427 3 2490 l
55 2453 178 2512 gravare
205 2456 284 2500 suos
308 2433 348 2498 de
374 2433 516 2500 Ciuitate
533 2455 599 2513 sua,
617 2457 716 2518 quam
746 2434 916 2519 colligatos
933 2457 1018 2517 suos,
1034 2436 1061 2502 si
1078 2435 1179 2502 habe·

2 2609 3 2638 ,
54 2545 94 2604 ret
110 2541 309 2624 Deminium,
337 2549 369 2608 et
396 2563 564 2608 remanere
589 2539 623 2607 in
649 2542 812 2610 discordia
839 2563 954 2610 seeum.
986 2543 1032 2610 Et
1049 2545 1082 2608 in
1099 2565 1178 2610 casu

2 2651 3 2722 ᾗ
55 2669 108 2730 quo
123 2652 273 2736 colligati
306 2651 430 2718 nollent
445 2652 628 2718 contentari
645 2652 688 2718 ad
705 2653 773 2734 hoe,
789 2653 850 2736 ipsi
866 2654 974 2736 parati
990 2661 1092 2734 erant,
1109 2674 1179 2737 spe·

2 2848 3 2856 ἵ
57 2757 174 2826 cialiter
200 2768 320 2828 contra
343 2760 520 2827 Dominum
547 2760 662 2826 Padue
688 2768 719 2826 et
745 2762 909 2828 dominum
940 2761 1179 2843 Pairiareham,

2 2860 3 2932 ξ
56 2885 126 2946 ques
141 2874 256 2934 tamen
272 2890 338 2934 non
354 2868 493 2952 potabat
509 2868 590 2934 velle
607 2869 760 2934 recedere
776 2892 796 2934 a
812 2870 979 2936 voluntate
995 2869 1110 2954 Regia,
1126 2891 1179 2935 ex·

2 3011 3 3040 u
55 2974 175 3042 tendere
192 2977 383 3062 potenciam
399 2998 512 3042 eorum
530 2998 628 3060 super
643 2977 816 3062 territorijs
832 2998 952 3061 eorum,
969 2985 1003 3044 et
1018 2999 1073 3044 eos
1088 2979 1179 3044 indu-

59 3102 123 3149 cere
146 3107 206 3170 per
232 3086 300 3150 rim
326 3084 369 3151 ad
395 3083 580 3151 faciendum
605 3085 819 3152 intentionem
844 3109 956 3154 eorum
981 3085 1179 3170 predictam-;

2 3179 3 3260 ζ
55 3191 195 3260 similiter
222 3193 324 3260 etiam
351 3193 518 3259 mitterent
544 3193 583 3260 de
609 3193 760 3276 gentibus
784 3196 850 3260 suis
867 3216 963 3280 super
978 3194 1179 3261 territorium

56 3297 279 3384 dannensium,
296 3309 328 3366 et
344 3301 482 3384 pervim
499 3300 690 3367 inducerent
706 3323 760 3367 eos
778 3302 819 3368 ad
836 3303 1105 3387 compositionem
1126 3323 1181 3368 no·

2 3459 3 3474 r
55 3405 177 3475 hiscum.
214 3406 347 3492 Quibus
382 3407 488 3474 verbis
514 3409 751 3492 respondimus,
776 3411 859 3476 sicut
885 3411 969 3476 alias
994 3410 1180 3494 leceramus,

56 3515 133 3596 quod
149 3517 362 3584 concordiem
389 3515 494 3582 solum
518 3538 591 3582 oum
607 3516 737 3582 domino
754 3517 847 3601 Rege
861 3539 927 3584 nen
942 3518 1107 3585 relevabat
1124 3539 1182 3583 nea

55 3623 91 3688 ab
105 3627 258 3694 oneribus
274 3625 302 3691 J
302 3626 502 3706 anuensium,
520 3626 638 3708 quibus
648 3627 776 3710 gravati
793 3649 938 3708 eramus;
963 3635 995 3694 et
1013 3627 1101 3710 quod
1118 3647 1182 3692 non

56 3731 237 3802 videbamus
266 3733 399 3800 modum
425 3732 624 3818 procedendi
650 3733 798 3818 ulterius,
815 3737 878 3802 nisi
894 3742 1094 3802 tractaretur
1120 3736 1182 3802 sal-

2 3816 3 3894 l
56 3844 112 3904 tem
128 3844 226 3909 simul
244 3848 280 3908 et
297 3841 396 3910 semel
421 3841 460 3908 de
480 3841 653 3908 concordio
670 3863 742 3908 eum
759 3844 890 3910 domino
908 3844 1009 3929 Rege,
1026 3865 1098 3910 cum
1117 3843 1184 3910 Do·

56 3949 132 4016 mine
149 3951 270 4019 Padue
297 3957 331 4016 et
358 3951 488 4016 domino
509 3949 724 4032 Patriaroha;
749 3973 824 4017 nam
840 3953 965 4018 intrare
981 3952 1183 4019 territorium
1255 3983 1260 3992 ¹

1 4046 3 4122 l
58 4053 281 4140 Januensium,
298 4067 332 4125 et
348 4060 480 4126 Domini
506 4058 622 4126 Padue
648 4081 713 4125 non
737 4067 811 4126 erat
826 4061 874 4126 ita
891 4060 970 4145 leue,
987 4067 1023 4126 ut
1037 4060 1099 4144 ipsi
1114 4080 1184 4125 ore·

2 4186 4 4198 ·
57 4163 189 4250 debant;
214 4175 249 4233 et
267 4167 330 4234 hoe
355 4167 439 4234 alias
465 4168 591 4252 experti
611 4168 730 4234 fuimus
747 4169 863 4235 saltem
879 4169 1105 4236 deterritorio
1119 4166 1184 4232 Pa-

58 4268 162 4341 daano.
188 4277 236 4341 Et
264 4298 340 4342 cum
365 4275 415 4339 his
441 4275 548 4344 verbis
573 4279 763 4364 recessimus
781 4277 822 4343 ab
839 4277 892 4359 eis,
909 4277 1036 4343 dicente
1052 4277 1183 4343 domino

2 4399 3 4402 ¹
60 4377 186 4466 Kanate,
205 4385 300 4467 qued
316 4405 422 4468 usque
437 4383 522 4449 diem
540 4387 719 4452 crastinam
738 4384 928 4453 deberemus
945 4407 1041 4470 super
1057 4383 1118 4448 boc
1134 4405 1183 4449 co-

2 4513 4 4594 (
60 4489 166 4574 gitur-e,
183 4501 216 4558 et
234 4495 286 4558 ire
303 4493 345 4558 ad
363 4495 560 4578 presentiam
577 4516 676 4562 suam.
693 4491 865 4560 Credimus
883 4495 976 4576 enim,
993 4493 1080 4578 quod
1098 4499 1185 4558 stau·
