3190 5252
502 341 504 346 v
601 390 696 450 1381.
1148 393 1213 457 459

82 571 141 636 bus
158 571 239 637 viris
255 568 395 636 dominis
412 566 557 652 Georgio
571 567 762 650 Bonnense,
781 563 920 634 Nicolao
931 567 1214 636 OhnzmensisRo·

83 681 258 748 clesierum
284 676 485 764 Propositis3
512 674 700 759 Magnificis
715 676 795 740 viris
812 676 951 742 dominis
976 677 1075 745 Petro
1100 679 1214 745 Zudsr

82 790 180 855 Ruzie
197 787 306 870 Regni
320 783 480 870 Vajvode,
499 782 644 869 Georgio
656 783 774 869 Bubek
784 782 948 870 Magistro
960 783 1213 852 Tevernicorum

82 896 302 982 Reginalium,
316 892 469 960 Emerico
486 891 603 958 Bubelr
620 892 810 977 Regnorum
825 890 997 959 Dalmacie
1014 901 1047 960 et
1073 894 1208 962 Oroacie

79 1004 181 1087 Bano,
198 1011 233 1070 et
249 1003 321 1070 aliis
337 1001 486 1087 pluribus
502 1001 545 1066 ed
560 1001 719 1086 premisse
734 1004 859 1069 voeatis
875 1008 907 1069 et
922 1005 1057 1087 rogatis.

401 1111 477 1194 Ego
494 1108 666 1177 Galuanus
682 1111 845 1195 quondam
862 1132 913 1176 ser
928 1111 1153 1178 Bartholomei
1171 1111 1211 1179 de

404 1220 520 1286 Castro
543 1218 652 1285 Baldo
678 1218 768 1285 Oivis
793 1219 971 1286 Peduanus
996 1219 1152 1286 Publicus
1177 1228 1211 1286 ct

402 1327 574 1412 Imperieli
589 1329 767 1394 autoritate
783 1328 942 1395 Notarius
965 1335 998 1395 et
1022 1327 1132 1396 Judex
1149 1328 1212 1394 Or·

401 1437 558 1522 dinarius,
583 1438 753 1521 ipsiusque
779 1437 901 1502 domini
927 1438 1083 1522 Episcopi
1110 1436 1210 1522 Quin-

403 1546 702 1629 que-Ecclesiarum
729 1545 845 1627 scriba,
867 1546 1033 1630 premissis
1059 1547 1208 1613 omnibus

401 1652 534 1720 interfui
551 1661 584 1720 et
599 1657 674 1740 ipse
692 1677 752 1739 per
773 1653 935 1740 prefatum
962 1653 1209 1722 Serenissimum

402 1763 573 1829 dominum
589 1763 716 1848 Regem
732 1765 908 1848 requisitus
927 1764 1068 1830 fideliter
1094 1765 1210 1848 scripsi

401 1877 432 1937 et
450 1872 485 1936 in
500 1872 585 1938 hane
601 1872 738 1938 formam
754 1871 919 1957 publicam
935 1870 1048 1955 redegi
1066 1870 1125 1937 sub
1136 1895 1207 1938 meo

405 1981 499 2064 signo
516 1986 549 2050 et
564 1980 695 2046 nomine
713 1981 884 2046 consuetis

74 2127 107 2190 (A
124 2127 222 2178 »mers
236 2127 402 2178 raetorum«
427 2128 517 2178 ezrmu
540 2101 680 2179 veien'eu
704 2127 935 2192 erramssnyvsu
958 2128 1003 2178 vr.
1028 2127 1087 2178 uss.
1112 2133 1154 2177 sc.
1178 2127 1208 2190 ι.)

562 2288 707 2297 ——..—
715 2287 722 2294 m

1 2585 2 2589 ’
73 2583 100 2652 l.
118 2583 222 2668 Lajos
252 2604 392 2667 uiaqycr
419 2583 451 2645 e's
476 2580 598 2668 lenpyel
624 2580 809 2668 kirdlyoak
835 2583 1022 2667 adomdnyo
1053 2581 1207 2647 Zaoisius

344 2689 490 2753 krakkoi
504 2689 633 2775 pitspb'lc
649 2694 811 2754 szdmcira.
838 2692 933 2754 1381.

178 2850 223 2916 In
249 2849 379 2914 nomine
405 2849 540 2915 Domini
565 2847 684 2916 Amen.
711 2848 894 2915 Ineffabilis
918 2847 1039 2917 Diuiue
1066 2850 1205 2918 altitudo

70 2959 208 3024 sciencie
226 2955 288 3023 stb.
305 2957 376 3023 Nos
392 2958 581 3024 Lodouieus
596 2957 660 3023 Dei
676 2958 789 3042 gracia
804 2956 877 3022 Rex
891 2956 1048 3043 Vngerie,
1059 2960 1206 3043 Polonie,

70 3066 253 3146 Dalmacie‚
279 3063 414 3131 Oroaeie
442 3073 501 3131 etc.
528 3065 653 3151 (villam
679 3065 855 3132 Persezecn
881 3089 952 3132 cum
978 3067 1100 3133 allodio
1118 3069 1204 3134 dicto

70 3174 228 3240 Crusieza
252 3174 285 3238 in
312 3173 417 3241 Terra
443 3173 899 3256 Sandomi1·iensi‚Districtu
925 3176 1020 3242 Noue
1046 3173 1205 3242 Ciuitatis

70 3281 219 3366 Corczyn
236 3303 338 3366 prope
363 3282 516 3348 Biechow
533 3283 648 3364 sitam3
673 3289 706 3348 et
723 3283 853 3349 domum
869 3282 1013 3370 ligneum
1032 3307 1104 3349 cum
1119 3284 1203 3349 turri

68 3390 201 3474 lapidea
232 3389 266 3452 in
299 3387 417 3455 Castro
451 3387 660 3455 Orecouiensi
692 3391 846 3456 situatam
878 3391 1014 3457 Zsuisio
1039 3392 1204 3476 Episcopo

70 3495 285 3562 Orecouiensi
300 3503 458 3581 perpetuo
486 3497 593 3580 donat,
611 3505 643 3563 et
658 3499 764 3564 instar
780 3497 917 3565 aliorum
936 3498 1095 3566 bonorum
1111 3501 1204 3585 Epis-

69 3605 236 3689 copelium
262 3604 438 3692 elibertat).
464 3604 590 3672 Actum
618 3604 777 3673 Gracouie
793 3609 826 3672 in
843 3609 955 3692 vigilie
972 3606 1204 3693 Concepcionis

69 3710 191 3778 Sancte
209 3711 317 3779 Meris
334 3712 483 3799 Virginis
495 3713 647 3781 Glorioso
659 3737 743 3781 enno
754 3715 887 3781 Domini
904 3715 1203 3784 MOOCLXXXI.

68 3821 283 3886 Prosentibus
300 3821 362 3888 stb.
532 3831 535 3838 '

69 3969 211 4031 (Eredetie
222 3969 407 4036 borhsrtyen,
415 3987 430 4020 a
439 3971 532 4034 posset
542 3971 682 4035 elveszett‚
690 3987 708 4022 a
718 3972 837 4024 krukkr'ri
848 3973 983 4037 kstptalen
994 3971 1201 4033 leveltirstban.)

560 4240 717 4250 --—-—-
