3190 5252
630 350 724 414 lasa.
1180 352 1247 416 483

223 521 433 590 Serenissime
459 523 565 609 Regis
589 524 779 593 Maiestatis
802 525 917 592 literas
942 526 1038 592 datas
1062 527 1096 593 in
1121 525 1242 594 Castro

112 630 239 718 Sygeth
255 633 307 698 die
323 632 423 702 XVI.
438 633 559 700 mensis
575 635 661 701 Maii
678 656 776 719 super
801 635 1013 720 requisitione
1039 636 1132 702 nobis
1157 636 1246 703 facta

111 763 174 823 per
183 740 321 808 eandem
332 741 581 809 serenissimam
590 743 729 826 Regiam
739 745 930 811 Miestatem
940 745 1096 815 Vestram
1105 745 1149 810 ad
1158 743 1247 812 facta

112 847 319 916 Serenissirni
335 850 457 916 domini
476 851 578 933 Regis
592 849 714 916 Karoli
739 851 929 918 Jerusalem
954 857 988 918 et
1012 850 1123 918 Sicilie
1140 852 1243 934 Regis

111 962 144 1022 et
162 957 283 1022 domini
301 955 416 1024 Ducbe
433 956 697 1042 Andegaviensis
714 966 773 1025 etc.
789 975 892 1043 nuper
908 961 1086 1043 recepimus
1102 965 1135 1026 et
1149 960 1246 1026 intel-

110 1065 249 1130 leximus
266 1065 449 1148 diligenter,
464 1065 508 1132 ad
518 1088 601 1150 quas
617 1066 822 1134 Excellentie
838 1067 943 1153 Regie
959 1068 1164 1153 presentibus
1179 1089 1246 1133 res·

109 1173 299 1258 pendemus,
315 1175 403 1258 quod
421 1196 529 1242 sumus
555 1175 706 1260 dispositi
723 1176 765 1243 ad
782 1177 899 1259 omnia,
925 1199 987 1262 que
1013 1177 1158 1244 habeant
1184 1198 1242 1243 nos

110 1303 308 1348 conservare
325 1283 357 1346 in
369 1287 616 1366 amoreetpace
634 1305 707 1348 cum
718 1280 1051 1368 SerenissimaRegia
1065 1283 1243 1350 Maiestate

110 1387 238 1460 Vestra
254 1397 371 1457 etcum
383 1389 510 1474 prefato
523 1389 879 1458 Serenissimodomino
895 1390 988 1476 Rege
1004 1391 1131 1459 Karolo
1148 1393 1246 1460 caris·

109 1499 204 1566 simis
220 1507 253 1566 ct
270 1500 383 1567 amicis
401 1498 506 1565 nostri
522 1497 678 1566 Dominii.

158 1645 196 1708 (A
212 1645 321 1696 ›Misti‹
336 1645 428 1696 czimtl
441 1645 579 1695 velenczei
593 1645 773 1711 allamkiinyv
788 1647 932 1699 XXXVII.
947 1647 1097 1700 komtebol.
1111 1648 1201 1710 z382.)

601 1811 761 1821 ———.......-

109 2118 150 2181 II
151 2118 179 2181 I.
197 2116 322 2208 Kdroly
338 2118 462 2183 sicilici
478 2119 593 2205 kiru'ly
617 2117 824 2183 advarnoku't
850 2118 889 2182 da
906 2117 992 2183 Bure
1020 2119 1185 2183 Ldriaczet
1202 2117 1246 2182 ti·

235 2248 350 2312 zoayos
366 2226 576 2312 mepbiadssat
592 2226 689 2292 caldi
706 2226 1014 2312 Mopyurorszdpba.
1033 2229 1127 2290 1381.

220 2385 369 2451 Karolus
385 2383 582 2452 TertiusDei
596 2386 703 2468 gratia
719 2384 792 2450 Rex
809 2391 869 2450 etc
880 2387 1037 2452 uniuersis
1054 2392 1086 2451 et
1105 2385 1241 2470 singulis

108 2501 181 2559 tam
196 2494 309 2560 amicis
334 2500 367 2560 et
384 2492 510 2561 deuotis
537 2516 634 2578 quam
659 2493 811 2559 fidelibus
837 2496 956 2560 nostris
982 2495 1071 2560 intra
1092 2501 1125 2558 et
1150 2501 1243 2559 extra

107 2601 264 2686 Regnum
279 2608 428 2669 nostrum
446 2599 555 2668 Sicilie
572 2602 757 2667 constitutis
783 2622 975 2686 quocunque
1000 2601 1097 2667 titulo
1123 2623 1162 2666 ac
1186 2599 1242 2667 dc·

52 2713 54 2718 ’
108 2711 334 2777 nominatione
350 2717 503 2776 notentur
528 2717 694 2794 presentes
719 2710 852 2775 lieteras
877 2709 1073 2794 inspecturis
1099 2708 1237 2775 salutem

107 2825 169 2886 etc.
188 2816 272 2884 Cum
288 2819 394 2884 virum
412 2817 554 2884 nobilem
580 2818 795 2884 Laurentium
805 2816 845 2884 de
857 2816 944 2883 Bace
952 2817 1134 2900 Vngarum
1146 2813 1242 2882 Oani-

84 2999 85 3004 γ
107 2927 286 3006 bellarum,
302 2925 494 2993 familiarem
511 2932 544 2992 et
560 2924 687 2992 fidelem
704 2933 851 2994 nostrum
877 2925 1034 2992 dilectum
1059 2924 1102 2990 ad
1130 2931 1242 3008 partes

107 3036 259 3120 Vngarie
274 3058 334 3120 pro
351 3037 448 3101 certis
464 3037 586 3102 nostris
606 3034 817 3119 expediendis
833 3036 973 3120 negotijs
998 3035 1241 3118 presentialiter

109 3145 329 3226 destinemus3
346 3150 524 3227 propterea
541 3145 662 3211 amicos
678 3165 841 3228 rogamus,
857 3164 915 3208 vos
939 3141 1074 3208 deuotos
1105 3142 1242 3226 requiri·

109 3273 193 3334 mus,
210 3250 300 3316 robis
317 3251 392 3334 alijs
409 3251 558 3317 fidelibus
579 3250 809 3317 nichilominus
834 3252 1050 3335 iniungenteS,
1075 3255 1238 3333 quatenus

108 3361 250 3426 eundem
265 3359 488 3441 Laurentium,
501 3382 643 3444 comper
657 3361 1136 3444 partes,terrasetlccavestra
1152 3365 1241 3425 tran-

108 3471 211 3534 situm
235 3468 358 3551 fecerit,
383 3469 595 3553 suscipientes
619 3469 806 3534 amabiliter
831 3468 1100 3551 commendatum,
1116 3467 1241 3533 nullam

109 3577 173 3643 sibi
189 3597 228 3642 ac
243 3573 458 3641 familiaribus
475 3598 513 3641 ae
530 3575 625 3660 socijs
642 3577 709 3640 suis
726 3597 860 3643 numero
887 3576 1072 3658 quindecim
1100 3576 1196 3655 circa,
1211 3577 1239 3639 si

109 3685 284 3751 videantur
301 3684 344 3751 ad
360 3705 453 3749 arma
468 3684 502 3748 in
519 3683 634 3763 eund0,
650 3684 766 3749 stando
777 3691 810 3748 et
826 3683 1003 3764 redeundo,
1019 3682 1166 3748 inferatis
1183 3703 1241 3747 nec

109 3793 227 3859 inferri
243 3793 444 3877 permittatis
469 3794 511 3859 ab
527 3793 600 3858 aliis
620 3790 812 3874 molestiam,
838 3793 991 3859 iniuriam
1017 3793 1162 3875 aliquam
1187 3791 1238 3854 vel

108 3901 240 3967 noxiam
265 3903 464 3980 nouitatem
488 3900 655 3982 quinnimc
679 3901 786 3983 ipsum
812 3922 885 3966 cum
900 3899 995 3967 dictis
1020 3899 1239 3966 familiaribus

111 4017 144 4074 et
161 4009 269 4093 socijs,
284 4009 410 4094 balisijs
426 4015 459 4073 et
475 4010 572 4074 rebus
588 4009 654 4074 suis
669 4031 727 4092 per
750 4014 859 4076 terras
876 4017 909 4075 et
925 4010 998 4077 loca
1023 4016 1136 4076 restra
1150 4013 1241 4073 tran·

110 4119 183 4196 sire,
200 4117 321 4200 morarj
341 4123 374 4182 et
388 4116 496 4182 redire
512 4117 613 4182 libere
631 4123 664 4181 et
680 4117 749 4183 sinc
766 4117 1025 4184 contradictione
1041 4116 1153 4201 aliqua
1168 4136 1242 4198 per·

110 4225 259 4306 mittetis,
277 4225 479 4309 provideatis
495 4223 599 4290 eidem
617 4224 656 4290 de
673 4246 787 4291 securo
812 4222 974 4291 conductu
989 4224 1029 4290 de
1045 4223 1116 4289 loco
1132 4221 1176 4288 ad
1191 4221 1236 4287 lo·

110 4357 192 4417 cum,
207 4339 307 4418 prout
323 4332 495 4416 expediens
512 4333 667 4398 suadetur
686 4339 719 4399 et
737 4354 793 4398 vos
809 4333 940 4399 duxerit
957 4329 1188 4415 requirend0s3
1207 4337 1240 4396 vt

111 4441 196 4506 idem
212 4441 412 4506 Laurentius
428 4442 601 4506 commissa
617 4440 680 4508 sibi
696 4463 754 4525 per
772 4441 981 4526 Majcstatem
996 4439 1154 4506 Nostram
1165 4460 1237 4504 exe·

109 4553 165 4634 qui
182 4551 282 4635 possit
299 4557 332 4614 ct
349 4549 465 4630 ualeat,
484 4572 522 4613 ac
546 4571 657 4614 securo
684 4551 782 4631 abire,
809 4550 928 4614 morari
955 4556 988 4613 ct
1014 4549 1130 4612 redire.
1148 4547 1241 4613 Data

1074 4653 1135 4722 31*
