3182 5252
578 348 672 412 1385.
1122 343 1186 404 553

63 531 211 609 existant,
226 529 415 595 invadentes
441 533 546 593 terras
573 533 604 591 et
624 528 697 592 lecu
714 525 798 590 dicte
814 521 961 590 Ecclesie
977 521 1189 604 Aquilegien·

62 637 105 704 sis
121 645 155 702 et
171 637 286 702 Petrie
302 636 384 701 Feri
399 637 503 716 Julii3
520 635 662 717 exeeptis
688 631 900 700 Sanctissime
916 629 1059 695 Domino
1077 633 1188 693 nostre

62 747 163 829 Papa,
180 743 394 810 Serenissimo
411 742 541 808 domino
556 742 762 826 Imperatore
779 761 836 804 seu
848 737 1189 821 RegeRomanerum3

61 855 188 920 Corona
205 859 239 918 et
254 851 369 936 Regno
387 851 569 935 Hungarie,
596 849 733 915 dominis
759 847 905 914 Ducibus
933 843 1066 910 Austrie
1084 850 1116 908 et
1133 841 1190 907 de·

62 962 155 1027 minis
166 959 348 1026 Comitibus
359 957 487 1024 Geritie
498 960 561 1025 stb.
574 957 712 1042 (Actum
722 957 755 1020 in
765 952 906 1019 Civitate
917 951 1080 1019 Graelcusi
1090 951 1122 1014 in
1139 972 1190 1014 ee-

61 1068 147 1152 pella
172 1065 288 1133 Sancti
312 1066 475 1132 Iohannis
500 1067 650 1150 Baptiste
676 1065 715 1128 de
742 1061 873 1142 Grudo3
907 1081 1014 1126 ceram
1048 1057 1188 1124 Notarie

61 1175 198 1242 Publice
224 1173 412 1241 Nieelussie
438 1173 602 1258 quondam
628 1171 792 1238 Dominici
817 1165 989 1233 Cuculissii
1010 1164 1051 1230 (le
1068 1163 1190 1231 Sancta

60 1284 171 1351 Maria
186 1283 220 1348 la
235 1282 335 1365 longa
348 1280 442 1346 Utini
458 1281 651 1365 habitante.)

62 1431 96 1492 (Α
109 1430 214 1496 »Copia
223 1430 257 1480 de
268 1429 507 1480 Cemmemerleli«
519 1429 610 1480 czimll
619 1425 759 1478 veleueuei
770 1425 931 1482 ellamkeny
941 1422 1016 1472 VIII.
1027 1418 1190 1478 ketetebol.)

547 1589 706 1601 .--—-„-.-

62 1899 264 1986 Epyezkule's
279 1901 418 1985 Ray-uzo
436 1904 531 1963 ceree
542 1899 669 1984 kbzse'pe
679 1922 694 1961 a
705 1919 743 1962 az
754 1896 882 1983 elfepotl
890 1891 1049 1978 fruec'zia
1059 1889 1190 1976 fleur-alr

62 2007 245 2094 e'sloeeqele
262 2007 344 2086 lebat,
360 2008 506 2094 melylyel
532 2031 571 2070 aa
591 2007 722 2073 exercet
730 2001 1020 2092 felezebedelu'su't
1036 1999 1191 2083 tcirppeze'

305 2116 470 2202 felte‘lelele
485 2113 816 2204 mephatdroztetealr.
843 2113 938 2175 1385.

168 2273 212 2338 Iu
228 2274 354 2342 Christi
371 2279 501 2342 nomine
517 2278 635 2342 Amen.
663 2275 769 2372 Pacta
785 2278 817 2336 et
833 2269 1061 2336 conventiones
1078 2264 1191 2330 habite

63 2403 132 2445 cum
157 2381 333 2450 Nobilibus
359 2386 505 2469 captivis.
530 2383 668 2450 Nobiles
694 2381 832 2448 condam
861 2378 986 2443 detenti
1002 2397 1060 2440 sua
1076 2379 1192 2456 spoute

64 2509 152 2572 pure,
169 2511 257 2556 mere
274 2499 306 2556 et
322 2493 426 2558 libere
451 2494 669 2577 promiserunt
693 2498 725 2555 et
751 2511 785 2554 se
801 2485 1015 2570 solempniter
1031 2481 1193 2564 obligave-

63 2602 137 2661 runt
154 2598 245 2662 omui
269 2598 394 2680 fraude,
420 2599 494 2667 dolo
511 2607 543 2664 et
559 2599 747 2683 exceptione
774 2593 993 2674 cessantibus3
1018 2612 1052 2655 se
1069 2589 1192 2654 solvere

63 2709 95 2768 et
109 2704 257 2788 plenarie
283 2709 473 2774 satisfacere
489 2711 597 2775 omnia
613 2717 644 2773 et
661 2706 788 2790 singula
805 2705 947 2786 dampna
963 2700 1057 2766 illata
1072 2696 1192 2762 nestris

65 2812 189 2879 civibus
213 2813 401 2898 Ragusinis,
426 2839 485 2900 pre
513 2825 606 2900 parte
623 2815 761 2882 cendam
777 2812 898 2879 demini
914 2809 1017 2874 Ducis
1034 2804 1193 2888 Andaga-

64 2921 264 3004 vie,asse1ti
297 2923 399 3006 Regis
430 2924 588 2989 Ledevici
612 2924 798 2991 Jerusalem
825 2926 858 2986 ot
883 2918 993 2985 Sicilie
1020 2924 1098 2992 ete.;
1132 2935 1193 2996 quo

65 3027 209 3112 dampna
240 3033 368 3112 seriose,
401 3033 644 3115 particulariter
671 3041 705 3097 et
731 3033 882 3096 distinete
913 3027 1035 3108 scripta
1060 3029 1134 3086 suut
1159 3022 1193 3084 in

62 3135 154 3201 libris
172 3137 360 3206 Communis
386 3141 536 3228 Regusii
550 3141 833 3226 ascendentiaud
865 3157 1024 3202 summam
1050 3132 1192 3216 quinque

64 3244 154 3342 milia¹
168 3246 419 3329 quingentorum
436 3251 628 3315 ducatorum
638 3251 720 3330 auri,
738 3247 908 3313 reservetis
925 3243 1074 3326 dampnis
1091 3239 1193 3304 illatis

65 3372 115 3415 ser
140 3351 300 3419 Michaeli
325 3354 365 3420 de
390 3356 484 3423 Bona
509 3365 540 3422 et
567 3380 619 3423 ser
644 3356 771 3422 Basilio
797 3357 837 3420 ele
858 3353 983 3417 Basilio
1001 3350 1044 3414 ad
1060 3367 1192 3431 presens

65 3461 207 3526 noudum
233 3463 428 3544 possibiliter
454 3469 645 3532 terminatis,
678 3467 763 3531 Item
794 3463 943 3530 simililer
974 3458 1193 3544 promiserunt

67 3569 193 3654 integre
210 3572 342 3652 solvere,
359 3574 438 3641 dare
454 3583 487 3641 et
502 3575 637 3643 reddere
648 3599 758 3642 omues
775 3575 929 3661 pecunias
946 3572 991 3637 eis
1009 3575 1120 3634 mutuo
1136 3566 1193 3630 da·

24 3675 29 3686 '
69 3683 117 3743 tas
134 3686 168 3743 et
184 3680 325 3746 traditas
350 3705 407 3766 per
433 3683 612 3749 Commune
638 3685 775 3768 Ragusii
801 3690 833 3748 et
850 3682 978 3746 nemine
995 3674 1194 3752 Communis,

70 3792 135 3851 tam
152 3809 213 3871 pre
231 3790 384 3872 expensis,
402 3813 501 3874 quam
517 3815 575 3876 pre
595 3792 692 3858 rebus
709 3792 747 3857 de
762 3791 875 3858 butino
892 3792 938 3854 eis
954 3785 1194 3868 complacenter

70 3893 210 3977 eraditis,
235 3896 446 3962 ascendentes
470 3897 511 3964 ad
537 3922 693 3965 summam
710 3897 852 3965 IIMIXC
861 3895 987 3962 LXXI
1003 3893 1194 3958 ducatorum

69 4003 148 4066 auri.
163 4001 251 4067 Item
263 4005 481 4087 promiserunt
499 4014 530 4070 et
546 4027 580 4070 se
596 4013 711 4091 sponte
731 4007 966 4090 obligaverunt,
983 4000 1069 4085 qued
1086 4019 1142 4082 per
1160 4018 1194 4061 so
1219 4061 1223 4068 ,

68 4108 115 4172 rel
131 4109 232 4175 aliern
248 4130 304 4176 seu
321 4111 402 4178 alies
419 4113 515 4180 modo
530 4113 642 4196 alique
658 4113 709 4181 vel
724 4116 853 4197 ingenie
879 4136 943 4179 nen
960 4107 1194 4193 impetrabunt,

68 4236 124 4282 nee
138 4219 312 4302 impetrari
330 4220 534 4303 ordinabunt,
544 4223 644 4288 tacite
660 4224 710 4288 rel
726 4244 885 4307 expresse,
902 4221 942 4285 de
959 4240 1023 4284 uon
1040 4214 1194 4283 solvende

67 4329 98 4387 al
113 4326 342 4394 satisfaciendo
368 4328 511 4412 dampna
536 4331 692 4414 predicte,
709 4339 743 4396 el
758 4331 912 4416 pecunias
928 4331 974 4392 eis
991 4333 1103 4392 mutuo
1127 4331 1193 4388 tra-

68 4430 161 4514 ditas,
175 4442 213 4501 ut
230 4436 351 4502 dictum
378 4445 435 4502 est.
460 4438 505 4502 Et
532 4441 558 4502 si
584 4461 686 4523 usque
703 4462 788 4504 nunc
805 4440 890 4504 seret
905 4441 1123 4522 impetratum,
1140 4459 1193 4504 en-

69 4561 152 4611 uune
168 4545 361 4616 renunciant
376 4553 408 4614 et
423 4547 595 4618 remittunt
622 4547 724 4630 ipsam
751 4551 892 4634 gretiam
910 4553 942 4617 et
957 4549 1111 4628 sanorem,
1129 4568 1194 4632 que
