3172 5254
545 335 640 403 lats.
1094 342 1154 404 157

54 513 147 577 stolicc
162 514 254 580 Sedis
271 515 449 594 destruere,
466 523 499 578 ot
517 515 549 578 in
569 514 739 580 Catholicu
756 515 818 578 lide
835 517 1050 582 Sanctissima
1066 539 1156 582 seros

1 609 2 612 ¹
52 641 157 684 errores
180 628 211 685 et
240 622 370 688 hereses
395 625 575 688 immiscere
609 628 807 690 tumescente
833 623 919 688 fastu
953 625 1154 708 temporibus

1 752 2 792 ³
51 729 159 808 nostris,
182 732 265 813 quod
292 731 387 811 absit,
403 732 528 796 levetur
544 731 578 795 in
595 732 715 812 altum,
739 731 796 796 sed
823 753 881 816 per
898 735 1060 798 sinceram
1077 751 1151 796 oon·

1 907 2 912 η
51 834 179 916 cordiam,
203 859 263 920 que
280 838 374 902 fidem
390 846 526 922 generat
544 846 578 902 et
595 841 697 903 nutrit
716 858 868 920 amorem,
885 848 916 903 et
935 861 994 923 per
1010 841 1150 906 reconci-

1 993 2 1028 ,
50 940 168 1008 liationis
184 951 330 1028 optatam
357 945 523 1026 medelam,
540 946 715 1029 prudenter
732 954 763 1010 et
782 946 945 1012 subtiliter
972 949 1151 1030 supprima-

50 1059 106 1130 tur3
122 1052 343 1119 Paternitates
359 1054 498 1122 Vestras
517 1063 548 1118 et
564 1054 739 1138 quemlibet
762 1061 903 1120 restrum
920 1062 1044 1120 attente
1062 1075 1154 1138 roga·

1 1183 2 1198 2
51 1162 211 1240 uus,immo
222 1161 414 1226 medullitus
430 1184 487 1245 per
504 1162 759 1228 misericordiam
777 1161 940 1228 Altissimi
959 1163 1153 1245 requirimus

1 1271 2 1344 j
50 1275 73 1328 et
94 1267 260 1353 hortamur,
286 1279 457 1352 quatenus,
482 1272 509 1334 si
536 1272 620 1334 inter
647 1269 769 1334 (lictum
798 1270 962 1334 domiuum
981 1270 1105 1354 Papam
1122 1275 1155 1332 et

1 1365 2 1447 ζ
50 1393 92 1436 ros
114 1396 317 1460 quecumque,
343 1376 430 1459 quod
447 1377 541 1458 absit,
569 1383 716 1442 versatur
743 1376 932 1456 adversitas,
959 1397 999 1440 ne
1016 1377 1154 1449 mundus

1 1462 2 1532 i
49 1489 74 1542 et
94 1481 226 1547 homines
245 1483 478 1548 miserabiliter
500 1483 714 1564 involvantur,
740 1482 783 1548 ad
809 1504 864 1548 cor
887 1491 919 1549 et
946 1505 1061 1567 puram
1079 1505 1153 1548 con·

1 1600 2 1680 r
47 1588 190 1654 scientiam
208 1593 355 1656 converti
372 1591 475 1657 velitis
491 1612 620 1656 omnem
637 1591 867 1656 adversitatem
885 1591 1073 1676 hujusmodi
1091 1593 1155 1656 sin·

47 1697 140 1762 aeriter
155 1699 358 1784 deponentes,
374 1708 408 1765 et
424 1702 527 1765 eidem
542 1701 673 1764 domino
687 1706 802 1764 nostro
825 1699 914 1782 Pape
930 1722 989 1784 pro
1008 1699 1152 1782 regenda

1 1801 2 1863 3
45 1801 402 1874 feliciterSacrosancta
427 1809 578 1873 Romana
602 1807 753 1873 Ecclesia
778 1815 811 1871 et
836 1810 936 1873 totius
954 1805 1152 1876 Christiani-

1 1959 2 1996 ,
46 1913 108 1976 tatis
129 1917 292 1999 republica
319 1917 507 1982 cordialiter
540 1915 768 1999 promovenda,
784 1916 967 1997 meritoriis,
984 1917 1153 1998 ntdecet,

1 2027 2 2092 l
46 2023 186 2090 assistetis
212 2025 408 2092 consiliiaet
424 2025 553 2090 auxiliis
579 2025 779 2124 opportunis.
797 2022 885 2090 'l'alit
872 2031 931 2104 t,er
948 2033 982 2089 ut
1000 2026 1088 2090 ultra
1106 2044 1154 2090 re·

1 2128 209 2197 {tributionis
227 2133 349 2198 Divino
368 2134 547 2198 mercedem
564 2133 607 2198 ad
623 2119 888 2216 complacendum
907 2133 1046 2234 singulis
1062 2125 1154 2196 vobis

1 2174 3 2314 l
45 2232 190 2303 Celsitudo
206 2239 351 2305 Cesarea
369 2243 482 2305 merito
500 2249 658 2307 teneatur
653 2246 825 2325 procurte
826 2240 862 2304 is.
890 2239 996 2324 Super
1012 2239 1074 2304 hiis
1100 2241 1155 2306 ho-

43 2345 205 2412 norabili..
222 2349 398 2414 ,nonnula
423 2350 604 2432 ponderosa
620 2356 654 2415 et
670 2349 773 2414 ardua
800 2349 917 2413 mentis
936 2355 1045 2412 nostre
1063 2346 1153 2414 vobis

1 2494 6 2512 i
42 2461 67 2514 et
85 2456 206 2538 cuilibet
234 2464 377 2523 vestrum
395 2457 517 2524 referre
543 2459 766 2525 mandavimus
793 2458 926 2524 oraculo
955 2459 1022 2522 vire
1048 2461 1154 2538 vocis3

1 2592 2 2628 r
42 2562 81 2625 cui
107 2561 197 2630 fidem
230 2587 293 2650 pro
326 2575 419 2649 parte
451 2575 566 2633 nostra
596 2566 749 2633 adbibere
781 2567 908 2649 placeat
946 2589 1003 2651 per
1036 2569 1156 2649 omnia,

0 2754 1 2757 Ἴ
42 2675 229 2758 presentium,
264 2673 326 2738 sub
360 2673 547 2758 Imperialis
582 2681 691 2740 nostre
726 2673 913 2756 blajestatis
951 2674 1061 2758 sigillo
1089 2699 1155 2740 cre·

10 2803 16 2810 ·
43 2774 158 2842 ditiram
175 2789 235 2844 etc.

84 2923 148 2982 (XV.
161 2927 275 2977 mtzadi
290 2927 409 2978 liezirati
432 2927 576 2988 codexbttl,
589 2942 605 2976 a
618 2927 715 2990 pregri
731 2927 862 2989 kaptalan
876 2927 1112 2990 kbuyrtaraban.)

562 3218 633 3278 132.

40 3371 62 3434 A
82 3375 228 3440 selenc-zei
255 3377 395 3460 dajo'roj
410 3379 602 3461 kenyszeriti
620 3376 702 3440 rlrbe
718 3380 852 3464 saipete't,
868 3379 949 3464 lroqy
965 3403 985 3442 o
1003 3377 1155 3444 celeacaei

308 3485 591 3570 kbztdrsusa'pnok
607 3485 765 3568 liodoljon.
794 3489 887 3550 1378.

129 3641 168 3706 ln
194 3642 323 3708 Christi
356 3643 484 3707 nomine
516 3641 632 3708 Amen.
657 3643 755 3709 Anno
788 3643 980 3710 Nativitatis
1012 3644 1155 3712 eiusdem

38 3745 191 3814 millesimo
208 3751 435 3814 trecentesimo
462 3753 702 3833 septuagesimo
720 3759 843 3833 octavo,
861 3752 1024 3818 indicione
1040 3753 1155 3836 prima,

39 3858 141 3921 nensis
166 3858 366 3925 Novembris
392 3857 443 3922 dis
470 3858 603 3940 decimo,
625 3860 720 3943 juxta
745 3869 874 3943 portum
902 3862 1044 3926 civitatis
1070 3860 1155 3925 Arbi

38 3983 120 4046 super
149 3970 265 4053 pupim
297 3967 398 4050 galee,
431 3969 482 4033 oui
514 3982 561 4033 est
597 3966 840 4052 Supereomitus
880 3971 1029 4049 dominus
1058 3967 1156 4034 Jaco-

1 4155 2 4168 ,
39 4066 87 4134 bus
124 4074 313 4143 Valaresso.
356 4073 570 4141 Honorabilis
618 4073 766 4141 dominus
798 4075 943 4142 Jacobus
976 4077 1155 4144 Velaresso

1 4181 2 4272 l
37 4177 140 4245 nobilis
164 4181 384 4249 Veneciarum
411 4182 585 4248 armiaatus
610 4204 681 4248 cum
714 4183 840 4250 duobus
872 4183 965 4249 ferris
997 4184 1029 4248 in
1060 4205 1156 4267 aqua,

1 4286 2 4344 ξ
37 4289 63 4348 et
83 4285 203 4357 duobus
229 4286 444 4375 palumbariis
468 4288 509 4353 ad
534 4293 699 4374 scopulum
726 4289 840 4358 Sancti
866 4290 1003 4374 Georgii
1029 4290 1157 4356 Arben-

1 4413 2 4472 g
37 4391 73 4455 sis
109 4396 308 4477 Distriotus3
340 4397 544 4481 presentibus
586 4399 663 4463 viris
694 4398 858 4465 nobilibus
890 4400 1029 4466 dominis
1054 4397 1155 4463 Fran-

36 4500 111 4564 cisco
143 4526 161 4568 a
198 4505 330 4572 Bocolis
367 4503 443 4568 olim
476 4503 595 4569 domini
629 4507 752 4572 Marini
784 4507 823 4570 de
855 4506 1006 4574 Veneciis
1037 4503 1157 4571 Sancte
