3248 5242
412 285 475 350 696
765 293 1002 342 aureliacum
1017 281 1185 340 suntuna.

411 460 635 526 commissione
647 454 750 522 eidem
761 477 819 539 per
831 462 971 520 vestram
982 453 1159 520 amicitiam
1168 453 1247 519 data
1257 454 1405 522 exhibuit
1416 455 1529 523 Nostre

316 577 321 584 '
411 567 582 634 Maiestati
608 566 794 646 famulatus,
820 565 860 630 de
887 563 1005 648 quibus
1030 584 1103 628 eum
1128 561 1250 627 honore
1276 571 1383 630 vestre
1401 566 1530 632 amicitie

413 675 546 760 dignum
562 675 647 741 foret
672 673 799 758 premia
819 679 990 757 reportare
1005 673 1204 737 meritorum.
1221 669 1333 755 Quare
1349 675 1532 756 requirimus
1601 659 1603 694 ³

413 791 554 850 vestram
571 783 756 862 amicitiam,
774 787 811 846 ut
827 780 903 846 dum
919 779 1044 846 Nostra
1069 777 1228 844 Maiestas
1248 780 1348 846 vellet
1363 781 1465 865 ipsum
1480 783 1533 847 ali-

414 915 479 980 quo
495 891 763 958 remunerationis
781 891 905 973 premio
926 890 1119 970 condonare,
1134 889 1168 954 in
1186 911 1239 955 ere
1256 889 1405 956 videlieet
1419 896 1452 956 et
1466 891 1533 958 eliis

413 1000 584 1082 iocelibus‚
609 1004 758 1065 transeat
784 998 824 1064 de
850 1019 1008 1064 consensu
1025 1003 1058 1062 et
1073 998 1253 1063 annuentis
1278 997 1419 1063 amicitie
1435 1006 1535 1064 vestre
1602 1065 1603 1068 ,

414 1109 587 1194 prelibato.
603 1107 726 1174 Datum
743 1107 837 1174 Bude
854 1106 976 1172 XXII.
993 1107 1111 1172 mensis
1127 1107 1152 1173 J
1154 1106 1289 1172 anuarii.

845 1216 956 1282 Maria
981 1213 1045 1280 Dei
1071 1215 1181 1299 gratia
1213 1214 1340 1297 Regina
1366 1215 1537 1297 Hungarie,

997 1322 1175 1405 Dalmatio,
1191 1321 1326 1389 croatie
1342 1329 1401 1389 etc.

524 1435 626 1500 Kiottl
643 1459 654 1498 :
669 1431 790 1498 Inclito
816 1432 947 1498 domino
964 1430 1110 1498 Antonio
1130 1431 1273 1500 Venerio
1290 1431 1375 1497 Duci
1391 1427 1538 1498 Venetis·

421 1563 493 1608 rum
509 1548 541 1608 et
557 1542 662 1608 amico
678 1547 791 1606 nostro
808 1541 945 1606 sincero.

427 1688 461 1748 (Δ
481 1689 581 1752 »Copia
594 1687 627 1738 ‹le
641 1687 879 1738 Commemorisli‹
894 1689 984 1738 czimtt
998 1688 1136 1738 veleuczei
1157 1687 1338 1752 allamkonyv
1352 1688 1428 1738 vm.
1443 1683 1542 1738 totele-
1601 1675 1603 1728 j

704 1778 751 1826 bol
766 1781 827 1828 206.
841 1779 859 1828 l.
874 1777 906 1827 V.
921 1779 946 1827 o.
963 1779 1022 1828 369.
1037 1793 1074 1828 ez.
1090 1793 1114 1828 a.
1130 1777 1264 1836 leutebb)

902 1939 1056 1950 -ιυ--υ-

950 2104 1026 2167 423.

427 2266 545 2330 Ildezlo'
570 2265 693 2330 sicilici
718 2265 831 2352 lcircily
855 2265 888 2329 e's
912 2288 1053 2352 mappas
1077 2266 1339 2354 ellealcirdlynclc
1366 2271 1541 2356 adomctayc
1601 2339 1603 2362 4

490 2375 615 2461 Posepa
632 2373 858 2460 edrmepytben
875 2398 896 2438 0
913 2374 1026 2439 Sor-osi
1041 2375 1191 2439 teetuerek
1208 2379 1371 2440 ozdmcira.
1390 2381 1480 2442 1391.

532 2531 710 2599 [ladizlaus
729 2532 794 2620 Dej
811 2535 923 2618 gratia
939 2533 1012 2600 Rex
1028 2542 1088 2600 eto.
1105 2536 1266 2602 uniuersis
1282 2544 1447 2620 presentes
1461 2537 1543 2603 licte-
1602 2545 1603 2592 1

424 2663 478 2707 ras
495 2641 688 2725 inspecturis
705 2649 774 2708 tam
790 2642 998 2725 presentibus
1014 2664 1111 2726 quam
1134 2643 1261 2709 suturis.
1286 2645 1426 2711 Exultat
1440 2652 1542 2731 poten·

423 2750 503 2815 tiam
533 2749 722 2833 Principum
763 2749 913 2814 munifica
943 2750 1164 2816 remuneratio
1178 2827 1180 2830 4
1196 2752 1435 2835 subiectorum
1473 2754 1543 2838 quia

423 2857 646 2942 recipientium
672 2856 752 2923 fides
779 2859 896 2925 crescit
920 2881 959 2924 ex
975 2861 1109 2943 premio,
1126 2865 1159 2925 et
1174 2861 1230 2945 alij
1249 2860 1292 2926 ad
1309 2861 1544 2947 obsequendum

423 2967 573 3033 denotius
589 2966 777 3032 animantur
793 2968 948 3051 exemplo.
966 2966 1051 3034 Sene
1068 2968 1278 3035 actendentes
1294 2973 1413 3037 merita
1430 2974 1544 3037 sincere

425 3075 607 3142 deuotionis
633 3081 665 3142 et
690 3075 764 3142 fidei
787 3075 885 3143 Pauli
901 3076 940 3141 de
957 3075 1068 3160 Sarne,
1083 3078 1196 3144 fratris
1211 3078 1361 3145 Petricze
1387 3080 1426 3146 dc
1451 3079 1544 3147 Saros

425 3185 560 3252 Ordinis
576 3181 690 3252 Sancti
706 3184 870 3252 Johannis
885 3183 911 3250 J
912 3185 1165 3271 erosolomitanj,
1181 3193 1214 3252 et
1223 3187 1249 3252 J
1250 3189 1389 3254 ohannis
1399 3189 1439 3255 dc
1452 3189 1545 3255 Saros

423 3291 560 3357 fratrum
596 3293 792 3377 cernelium,
824 3299 994 3378 utrumque
1027 3295 1273 3361 coniunctorum
1303 3304 1544 3380 nostrorumque

424 3399 634 3466 familiarium
661 3409 693 3466 et
717 3402 861 3469 fidelium
888 3403 1099 3486 dilectorum3
1125 3425 1249 3469 necnon
1281 3413 1380 3488 grata
1403 3407 1492 3471 vtilia
1515 3413 1544 3469 et

426 3516 560 3592 accepta
585 3511 722 3576 seruitia
747 3533 804 3596 per
820 3534 874 3577 eos
891 3511 978 3578 olore
1005 3513 1158 3577 memorie
1175 3512 1305 3579 domino
1324 3513 1407 3599 Regi
1425 3513 1543 3580 Ksmlo

426 3618 537 3685 Tertio
553 3621 731 3686 reuerendo
758 3621 887 3686 domino
913 3622 1053 3704 genitori
1078 3628 1191 3688 nostro
1207 3620 1283 3686 dum
1302 3623 1393 3706 vixit,
1410 3630 1442 3689 et
1459 3621 1544 3688 nobis

426 3733 661 3812 consequenter
692 3729 847 3812 impensa,
875 3729 974 3794 nullis
1005 3730 1168 3814 parcendo
1199 3753 1309 3796 earum
1341 3752 1543 3816 personarum

427 3835 1547 3924 periculis,laboribusetexpcnsis,queueNostreMaiestatiprestant

427 3944 470 4011 ad
484 3967 626 4030 presens
644 3952 677 4012 et
694 3968 860 4031 speramns
876 3949 965 4030 ipsos
981 3948 1195 4031 imposterum
1223 3949 1262 4014 de
1279 3949 1363 4014 bono
1381 3970 1502 4033 semper
1517 3947 1546 4010 in

427 4053 542 4120 melius
568 4055 990 4140 00011000110001100101011]Ι
1018 4057 1222 4140 prostitutos,
1254 4079 1293 4122 ex
1324 4059 1439 4142 quibus
1468 4057 1545 4139 ipsos

428 4169 619 4246 reputamus
635 4164 765 4249 specialj
777 4171 892 4231 nostra
908 4167 1016 4246 gratia
1033 4166 1101 4230 fore
1117 4165 1242 4246 dignos.
1259 4165 1308 4233 Vt
1324 4163 1457 4250 proinde
1473 4183 1544 4244 erga

429 4271 534 4337 dictos
544 4273 693 4356 Paulum,
705 4275 841 4339 fratrem
853 4273 1045 4352 Petriczem,
1056 4277 1090 4338 et
1099 4272 1282 4338 Jolisnnem
1294 4295 1358 4339 non
1368 4273 1546 4340 omictamus

433 4401 585 4447 exercere
602 4389 712 4448 nostre
728 4383 939 4449 liberalitatis
955 4381 1308 4466 offici11m‚quosletarj
1326 4384 1467 4466 cupimus
1482 4399 1546 4444 eon·

434 4491 567 4556 ueniens
592 4513 703 4556 eorum
730 4493 854 4558 meritis
880 4494 1058 4578 suscepisse
1090 4489 1268 4573 talentu1n3
1294 4491 1412 4556 eisdem
1443 4488 1544 4560 Paula
