3190 5252
469 273 482 280 ⁶
587 272 683 380 issu.

591 630 664 691 242.

4 765 10 780 ι
67 785 260 852 Avolenczei
270 788 480 871 nazcirsasop
490 791 522 852 aa
534 789 676 853 'l'oarllco
687 787 732 849 II.
744 787 763 849 1
766 789 858 849 storin
868 785 954 848 scarb
965 785 1085 870 lriro'ly.
1097 789 1192 850 13⁸2.

172 947 271 1013 Anno
291 945 609 1013 MOCGLXXXII.
626 947 678 1011 die
694 944 838 1011 XXIX.
863 943 1001 1028 Aprilis.
1027 943 1193 1029 Capta:

27 1106 30 1111 .
68 1053 147 1122 Cum
165 1055 282 1122 nobilis
299 1057 349 1122 vir
366 1078 418 1122 ser
438 1056 586 1124 Jacobus
612 1056 650 1122 cle
678 1054 789 1139 Rippa
817 1055 1004 1137 exposuerit
1029 1054 1191 1136 Dominio,

67 1164 150 1247 qnod
168 1167 310 1230 existens
327 1164 366 1230 de
382 1173 493 1230 nostro
511 1164 666 1230 mandato
684 1162 892 1229 Castellanus
919 1160 1044 1244 Catari,
1069 1165 1193 1246 recepit

66 1293 218 1356 magnam
235 1279 269 1339 et
283 1272 458 1339 notabilem
484 1272 729 1338 subventionem
755 1269 922 1335 adomino
947 1269 1039 1354 Rege
1065 1271 1195 1350 Rascie,

67 1386 131 1444 tam
148 1379 358 1463 degentibus
375 1400 473 1463 quam
489 1381 679 1446 victualibus
696 1383 728 1443 et
745 1377 817 1443 aliis
843 1377 938 1442 rebus
965 1377 1086 1461 taliter,
1108 1378 1195 1461 quod

66 1487 231 1553 mediante
251 1487 462 1553 subventione
479 1509 537 1553 sua
554 1487 707 1554 sustinuit
725 1486 885 1552 locnmad
901 1485 1054 1551 honorem
1081 1486 1194 1552 Domi-

66 1596 126 1676 nii;
151 1595 247 1660 vadit
271 1617 359 1678 pars,
385 1596 472 1678 quod
498 1596 622 1679 possint
649 1594 746 1660 scribi
774 1594 884 1658 littere
910 1591 1037 1676 prelato
1064 1593 1194 1660 domiuo

66 1703 156 1786 Regi,
186 1701 410 1768 hostendendo
438 1701 560 1768 habere
585 1701 628 1768 ad
653 1702 773 1768 bonum
798 1708 829 1765 et
856 1699 897 1766 ad
924 1699 1194 1784 complacentiam

66 1811 313 1876 subventionem
330 1808 522 1892 predictam,
533 1812 566 1876 in
584 1809 765 1892 illaforma‚
782 1831 844 1892 que
861 1807 1023 1875 videbitur
1034 1811 1198 1878 Dominio.

128 1957 165 2020 (A
183 1955 294 2004 »Mitti«
310 1955 400 2006 czimll
414 1958 552 2008 velenczei
566 1957 794 2022 allanrlrbnyvbbl
807 1957 952 2007 XXXVII.
966 1959 1023 2006 lviit.
1042 1961 1099 2007 148.
1115 1957 1144 2019 l.)

599 2247 671 2310 243.

1 2495 2 2498 Ἴ
66 2407 272 2471 Acrlortcaei
297 2408 505 2494 leiiatrirscscip
537 2407 706 2494 clsoporljc
739 2409 767 2471 I.
794 2409 894 2494 Lajos
921 2431 1062 2498 mapyar
1087 2408 1202 2498 kirtly

1 2515 2 2526 ¹
279 2516 424 2601 fentcbln‘
436 2519 509 2582 235.
520 2541 561 2581 εκ.
578 2542 608 2582 c.
619 2518 873 2607 utalorwoza‘sdt.
891 2518 987 2584 1382.

176 2675 278 2741 Anno
289 2676 607 2743 MOOOLXXXII.
624 2678 677 2743 die
689 2676 735 2743 X.
746 2676 837 2743 Maii.
855 2676 943 2762 Oap
954 2685 998 2746 ta
1009 2706 1016 2745 :
1027 2677 1124 2764 Quod
1136 2700 1203 2744 res·

65 2783 260 2869 pendeatur
276 2786 330 2850 isti
356 2785 482 2852 Nuntio
509 2783 715 2850 serenissimi
741 2785 863 2851 domini
888 2786 990 2869 Regis
1017 2785 1200 2870 Hungarie,

65 2894 157 2978 quod
176 2893 346 2958 intellecta
364 2894 552 2960 Ambaxata
569 2917 628 2961 sua
645 2894 739 2959 nobis
766 2896 929 2979 sapienter
954 2895 1101 2978 exposita
1117 2901 1152 2959 et
1166 2895 1202 2958 in

65 3002 204 3087 scriptis
235 3000 378 3067 exhibita
394 3025 455 3086 pro
472 3009 566 3087 parte
586 3001 798 3068 Serenissime
815 3001 919 3085 Regio
935 3002 1121 3068 Maiestatis
1138 3008 1204 3068 ete.

64 3131 183 3176 sumus
201 3111 344 3175 conteuti
369 3117 401 3175 et
425 3112 533 3194 parati
558 3109 663 3175 eidem
685 3111 788 3194 Regie
822 3109 991 3177 Maiestati
1027 3109 1203 3175 secundum

64 3219 318 3304 requisitionem
335 3240 426 3284 suam
441 3219 623 3286 liberaliter
640 3220 857 3304 complacere3
873 3221 993 3286 utendo
1004 3219 1067 3284 hiis
1084 3224 1117 3283 et
1127 3219 1203 3284 aliis

64 3330 190 3409 vorbis,
208 3349 270 3410 que
286 3349 346 3410 pro
367 3327 490 3394 honore
506 3331 609 3396 nostri
633 3329 779 3395 Dominii
805 3328 1128 3419 utiliavidebuutnr.
1159 3327 1206 3392 Et

65 3460 129 3521 pro
146 3438 217 3503 ista
233 3457 334 3502 causa
349 3436 420 3501 fieri
435 3438 560 3521 possint
576 3437 794 3503 instrumenta
812 3437 995 3503 necessaria
1019 3442 1087 3502 tam
1105 3436 1205 3502 nomi-

65 3569 107 3612 ne
125 3545 243 3628 Regis,
260 3567 358 3629 quam
368 3543 503 3611 Domini
515 3546 629 3613 Padue
645 3552 677 3612 et
688 3547 790 3612 nostri
801 3545 990 3614 Communis
1008 3545 1051 3612 ad
1064 3546 1205 3630 plenum,

64 3663 105 3720 ut
122 3654 231 3720 suerit
251 3656 477 3721 necessarium.

184 3763 308 3831 Factus
324 3763 386 3829 fuit
407 3763 558 3830 Sindicus
583 3764 625 3830 ad
650 3763 798 3848 predicta
824 3763 1017 3849 complenda
1041 3768 1075 3828 et
1101 3761 1208 3828 fienda

1 3890 4 3901 ’
69 3871 230 3938 dominus
247 3868 470 3952 oricularios,
487 3878 519 3937 et
535 3879 669 3954 rogatus
686 3872 747 3937 fuit
773 3873 813 3937 de
838 3872 1049 3955 inscriptione
1076 3893 1126 3936 ser
1151 3869 1209 3934 Jo-

66 3981 201 4045 hannes
211 3976 299 4047 Vido
311 3977 469 4046 Notarius
480 3981 577 4046 Curia
594 3980 740 4060 Maioris
750 3978 953 4064 presentibus
970 3977 1114 4062 providis
1132 3979 1208 4043 viris

65 4111 123 4156 ser
142 4087 304 4170 Arcadem
320 4088 346 4154 J
347 4089 474 4154 ohanne
490 4089 656 4154 Plumatio
673 4095 706 4154 et
725 4089 827 4155 Petro
844 4089 918 4155 dela
943 4085 1046 4153 Costa
1067 4085 1100 4152 N
1103 4088 1207 4152 otaris

68 4195 176 4262 Curie
188 4195 334 4276 Maioris,
350 4197 487 4262 testibus
505 4199 545 4264 ad
562 4199 719 4282 premisso
735 4197 858 4264 voeatis
875 4202 908 4260 et
924 4195 1058 4278 rogatis
1074 4200 1107 4258 et
1122 4192 1209 4258 allis.

133 4341 170 4403 (A
187 4341 295 4390 »misti«
311 4342 400 4391 cziurtl
414 4345 553 4394 velenczei
568 4344 796 4407 ollamkonyvbol
810 4342 954 4392 XXXVII.
969 4341 1025 4390 ket.
1042 4343 1101 4390 154.
1115 4340 1147 4402 l.)

567 4505 727 4514 ...ίῳ-...-
