3214 5250
354 323 418 386 680
707 339 941 384 nirnounczmi
958 324 1125 384 anabusn.

349 505 381 564 et
396 497 617 564 benivolentia
633 497 901 564 circavicinornm
918 517 1058 574 suorum,
1088 501 1122 559 et
1147 493 1300 576 precipue
1317 494 1472 559 dictorum

349 606 789 689 attinentiumsuorum,quia
798 607 881 670 siout
892 607 1009 684 suites
1019 605 1148 686 guerris
1159 608 1339 684 sequuntur
1351 603 1432 667 male
1447 609 1478 669 et

349 713 445 794 mala,
462 721 496 778 et
512 715 700 796 oppositum
717 734 755 776 ex
773 733 872 794 pace;
895 720 927 775 et
945 710 1065 778 adhoc
1090 709 1258 774 hortamur
1276 731 1349 774 eum
1374 732 1470 793 quan·

349 827 417 885 tum
434 821 508 904 plus
525 842 702 904 possumus.
719 819 775 884 Ad
793 820 892 885 aliam
917 825 1027 884 antem
1051 823 1180 900 partem
1206 818 1240 880 in
1267 838 1334 899 qua
1361 818 1472 900 tangit,

350 928 439 1011 quod
454 930 488 993 in
504 951 580 993 casu
597 949 660 1011 quo
677 930 723 992 eis
741 935 867 994 moreat
884 949 1044 1010 guerram,
1061 927 1192 1009 placeat
1216 925 1297 990 dare
1323 927 1475 991 auxilium

349 1042 383 1101 et
398 1037 562 1116 favorem;
579 1059 637 1101 nos
654 1038 700 1101 sie
717 1035 864 1117 dicimus,
882 1034 969 1119 quod
995 1033 1145 1100 dominus
1172 1034 1289 1100 Comes
1313 1034 1478 1100 Johannes

347 1151 459 1230 potest
483 1145 622 1210 reddere
638 1163 672 1208 se
697 1153 830 1224 certum,
847 1144 935 1226 quod
960 1147 994 1208 in
1019 1145 1144 1208 cunctis
1170 1141 1382 1225 possibilibus
1406 1141 1472 1206 ada-

348 1252 446 1318 criter
463 1252 735 1334 complaceremns
752 1252 831 1332 sibi;
848 1251 904 1316 sed
920 1249 1172 1331 consideranter,
1190 1249 1277 1330 quod
1293 1250 1389 1314 ambe
1405 1271 1476 1334 par·

349 1371 400 1426 tes
417 1366 492 1425 sunt
508 1359 638 1426 subdite
655 1359 778 1424 domini
795 1359 899 1441 Rogis
915 1357 1096 1440 Hungarie,
1123 1363 1263 1438 suntque
1289 1359 1393 1424 amice
1409 1381 1473 1424 nos·

350 1477 410 1550 tre,
427 1486 492 1532 non
510 1466 674 1531 videretur
691 1467 785 1532 nobis
802 1467 975 1532 honestum
997 1466 1153 1549 impedire
1170 1487 1229 1530 nos
1244 1467 1279 1532 in
1294 1466 1392 1532 factis
1407 1488 1474 1551 pre-

350 1575 448 1642 dictis
466 1575 572 1640 cansis
597 1575 755 1656 predictis
772 1580 805 1639 et
831 1574 914 1654 aliis,
932 1573 1050 1655 quibus
1068 1579 1203 1656 possunt
1228 1593 1299 1638 esse
1316 1574 1379 1640 sibi
1395 1583 1473 1647 note

350 1684 397 1748 Et
414 1690 587 1766 propterea
603 1704 764 1765 rogamus,
780 1690 940 1765 quatenus
955 1681 1086 1765 placeat
1102 1703 1160 1748 nos
1185 1681 1307 1748 habere
1332 1687 1470 1749 ratione·

350 1791 459 1857 biliter
475 1797 657 1855 excusatos.

459 1897 521 1962 Die
537 1897 622 1964 XII.
640 1895 802 1963 Octobris
814 1895 897 1962 Cum
916 1897 1113 1978 Magnificus
1127 1898 1280 1963 dominus
1297 1897 1475 1966 Comech

350 2009 474 2072 bannes
485 2005 590 2089 Segne
607 2004 881 2088 singularissimus
897 2006 1020 2071 amicus
1037 2006 1140 2070 nostri
1151 2005 1299 2071 Dominii
1310 2007 1470 2072 notificare

350 2114 444 2178 nobis
461 2115 578 2178 fecerit
588 2135 647 2196 per
663 2134 756 2176 snum
773 2111 945 2190 Nondum,
961 2112 1050 2195 qnod
1066 2112 1211 2179 Comites
1228 2111 1390 2179 Corbavie
1405 2118 1475 2180 atti·

351 2231 465 2288 nentes
476 2221 524 2288 sui
535 2221 790 2286 diffamaverunt
801 2243 873 2286 eum
890 2221 923 2285 in
935 2220 1038 2287 Curia
1054 2222 1176 2286 domini
1193 2221 1296 2305 Regis
1307 2222 1472 2308 Hungarie

352 2339 383 2396 et
395 2351 453 2413 per
463 2336 569 2395 totum
585 2329 745 2411 Regnum,
762 2330 994 2412 propterquod
1010 2328 1177 2394 consulere
1193 2331 1295 2394 voluit
1311 2333 1396 2396 alios
1407 2354 1473 2415 prc-

351 2440 490 2522 pinquos
507 2443 540 2501 et
554 2436 674 2502 amicos
690 2457 775 2518 cuce,
792 2437 846 2518 qni
864 2437 1071 2502 considerata
1087 2435 1221 2502 infamia
1231 2439 1383 2521 predicta
1394 2440 1475 2505 dixe·

243 2563 255 2584 ·
351 2551 430 2610 runt
440 2551 473 2608 et
484 2542 713 2608 consuluerunt
724 2542 794 2624 sibi,
811 2543 899 2624 quod
908 2565 967 2626 pro
978 2546 1222 2609 conservatione
1233 2544 1368 2611 honoris
1380 2550 1428 2612 sui
1444 2555 1473 2612 et

351 2652 466 2715 domus
484 2671 538 2743 sue
552 2672 616 2714 non
626 2656 736 2732 potest
752 2650 870 2732 facere,
887 2652 965 2733 quin
982 2659 1040 2716 aut
1050 2653 1269 2734 personaliter
1280 2675 1390 2720 secum
1398 2677 1471 2739 pug-

351 2765 407 2823 net
422 2765 479 2822 aut
495 2757 541 2822 eis
557 2755 722 2838 publicam
738 2778 889 2839 guerram
905 2757 1025 2837 faciat3
1042 2766 1176 2842 propter
1193 2762 1279 2842 quod
1296 2762 1365 2845 ipse
1390 2763 1475 2826 misit

350 2865 505 2931 nuncium
522 2885 615 2930 sunm
632 2864 673 2928 ad
690 2864 858 2929 dominum
874 2865 1001 2948 Regem
1017 2873 1051 2930 et
1067 2866 1231 2950 Reginam
1247 2868 1290 2933 ad
1315 2872 1475 2952 requiren-

352 2973 437 3054 dum,
455 2980 492 3037 ut
507 2972 612 3054 possit
628 2970 657 3035 ei
675 2993 800 3036 movere
816 2993 977 3054 guerram,
1004 2972 1091 3055 qnod
1116 2976 1185 3056 ipse
1210 2976 1309 3040 etiam
1334 2977 1476 3043 notificet

351 3080 447 3146 uobis
463 3086 630 3160 tamquam
647 3077 868 3160 singularibus
885 3081 996 3144 amicis
1018 3080 1133 3146 domus
1150 3104 1223 3164 sue;
1239 3105 1369 3167 rogans,
1394 3089 1475 3150 utin

349 3209 427 3254 casu
444 3208 507 3269 quo
524 3184 686 3268 procedat
702 3185 745 3248 ad
761 3185 883 3249 dictam
902 3207 1063 3267 guerram,
1074 3188 1201 3270 placeat
1217 3187 1297 3255 dare
1313 3191 1376 3256 sibi
1392 3192 1474 3258 auxi·

348 3298 429 3363 lium
445 3302 478 3360 et
494 3295 644 3360 fauorem
660 3294 702 3356 ad
718 3293 931 3358 obtinendum
948 3297 1409 3383 suumintentionem.Etp1·o
1425 3301 1475 3365 hc·

350 3424 428 3469 nore
444 3410 557 3468 nostro
574 3401 684 3480 faciat,
702 3401 911 3467 consideratis
928 3402 987 3484 his,
1002 3424 1065 3486 que
1082 3425 1209 3488 semper
1233 3407 1303 3489 ipse
1330 3407 1473 3473 dominus

351 3509 470 3576 Comes
486 3510 563 3574 fecit
575 3510 608 3572 in
620 3509 775 3572 honorem
792 3517 825 3573 et
841 3517 965 3574 statum
976 3507 1132 3590 nostrum,
1148 3513 1318 3578 ostendere
1336 3516 1376 3596 ei,
1392 3515 1474 3598 quod

350 3641 408 3684 nos
425 3617 601 3682 haberemus
618 3616 806 3680 memoriam
824 3615 1053 3700 predictorum,
1070 3626 1102 3685 et
1120 3621 1206 3700 quod
1223 3643 1288 3687 non
1305 3644 1415 3689 sumus
1430 3627 1472 3688 in·

348 3726 453 3810 grati;
477 3724 569 3788 vadit
601 3743 686 3805 pars,
720 3723 807 3804 quod
837 3725 1073 3807 respondeatur
1099 3726 1227 3793 Nuncio
1253 3730 1363 3815 ipsius,
1389 3731 1471 3816 quod

348 3835 485 3900 multum
496 3835 768 3913 gravatnostrum
784 3831 983 3912 Domininm,
1000 3835 1086 3916 quod
1097 3835 1182 3900 inter
1197 3836 1472 3920 Magnificentiam

350 3941 450 4007 Suam
462 3948 495 4005 et
506 3939 581 4003 illos
592 3939 749 4004 Dominos
768 3939 806 4002 de
824 3938 986 4004 Corbavia
1004 3948 1073 4005 orte
1090 3943 1156 4006 sint
1171 3943 1232 4008 iste
1248 3945 1428 4012 differentis
1443 3954 1473 4011 et

350 4070 488 4128 erronee,
505 4067 566 4130 que
584 4052 716 4129 possent
733 4067 802 4110 esse
820 4067 919 4110 cause
935 4049 1022 4112 tanti
1037 4049 1136 4130 mali,
1153 4056 1185 4113 et
1202 4070 1266 4114 non
1283 4052 1473 4120 dubitamus

350 4157 437 4242 quod
454 4155 686 4222 Serenissimus
703 4155 853 4220 dominus
869 4156 942 4221 Rex
967 4157 1134 4240 predictus
1160 4167 1328 4244 tamqnam
1354 4165 1472 4247 sapien-

347 4266 491 4331 tissimus
507 4265 666 4330 Dominus
679 4263 863 4346 providebit-
876 4265 914 4328 de
927 4265 1072 4330 remedio
1089 4273 1271 4349 opportuno
1287 4271 1471 4337 reconcilie-

252 4359 254 4363 ¹
319 4373 323 4382 '
349 4375 455 4453 tionis,
473 4373 591 4455 quietis
608 4379 642 4437 et
657 4372 757 4455 pacis.
775 4369 840 4436 Sed
857 4372 882 4436 si
900 4379 1035 4456 propter
1052 4374 1133 4439 alias
1158 4377 1387 4459 occupationes
1412 4401 1469 4443 non

349 4488 460 4564 posset
477 4482 519 4546 ad
534 4481 568 4545 id
583 4480 761 4561 attendere,
779 4502 836 4544 nos
854 4480 894 4546 ob
911 4481 1109 4562 singularem
1126 4503 1281 4568 amorem,
1310 4507 1405 4568 quem
1421 4507 1469 4570 ge·
