3210 5252
388 368 430 426 90
739 378 973 426 nrrnounczmr
989 366 1158 424 nunbrnrr.

384 539 457 606 illas
472 537 669 604 intendimus
684 557 873 622 aggravare,
889 538 940 603 vel
955 557 1013 622 per
1023 539 1207 622 quempiam
1223 538 1379 606 faciemus
1396 559 1518 622 aggra-

379 645 464 730 uari.
491 645 613 712 Omnes
638 651 747 712 autem
771 644 846 709 illas
869 644 1006 725 litteras,
1023 644 1255 729 ordinationes,
1270 653 1378 730 pacta,
1395 647 1519 713 instru-

387 758 500 822 menta
524 758 557 816 et
580 752 780 816 munimenta
808 751 887 818 data
902 757 935 817 et
951 773 1104 819 concessa
1119 775 1178 839 per
1194 775 1253 820 nos
1269 760 1303 820 et
1318 776 1519 821 successores

391 867 519 927 nostros
535 866 630 944 parte
646 879 686 924 ex
701 879 774 942 nna,
792 880 830 923 ac
854 860 1019 943 predictos
1044 860 1191 928 Berones
1209 869 1242 928 ct
1257 859 1396 928 Nobiles
1411 861 1519 944 Regni

389 968 529 1053 predicti
544 974 638 1053 parte
655 988 695 1032 ex
710 967 824 1050 altera,
842 989 904 1052 que
926 969 1162 1035 successionem
1177 969 1317 1036 filiarum
1333 975 1519 1036 nostrarum

390 1073 516 1144 Ducem
532 1074 582 1141 vel
599 1075 633 1140 in
650 1075 776 1140 Ducem
786 1075 820 1140 in
831 1075 920 1140 dioto
937 1073 1054 1160 Regno
1063 1074 1136 1142 fieri
1147 1075 1372 1159 excludebant,
1388 1075 1431 1142 de
1446 1097 1519 1142 con·

392 1205 489 1252 sensu
514 1182 690 1250 eorundem
714 1182 891 1265 Beronum,
908 1183 1054 1250 Militum
1070 1190 1104 1248 et
1127 1183 1298 1250 Nobilium
1314 1182 1395 1249 dicti
1412 1182 1519 1268 Regni

392 1292 529 1358 Polonie
554 1312 728 1374 cassamus,
754 1311 938 1372 munemne,
965 1291 1179 1376 annullamus,
1203 1313 1322 1373 cassas,
1340 1313 1450 1372 vanus,
1468 1315 1522 1358 va·

391 1421 477 1483 uuas,
501 1405 534 1464 et
552 1400 664 1465 irritas
680 1400 886 1480 nuntiamus3
902 1399 1046 1466 volentes
1061 1399 1151 1484 ipsas
1168 1421 1280 1468 carere
1296 1401 1383 1466 omni
1399 1399 1521 1467 robore

390 1508 565 1590 firmitatis,
590 1507 795 1592 presentibus
821 1506 1023 1574 solummodo
1038 1509 1207 1592 perpetuis
1222 1509 1427 1592 temporibus
1444 1508 1523 1573 vali-

393 1617 486 1682 turis.
502 1617 544 1682 In
561 1637 699 1699 quorum
714 1615 858 1682 omnium
884 1615 1013 1682 evidens
1029 1616 1253 1682 testimoninm
1269 1615 1523 1700 firmitatemque

392 1731 592 1809 perpetuam,
623 1730 789 1809 presentes
822 1724 1041 1791 concessimus
1072 1724 1186 1790 literas
1211 1730 1340 1790 nostras
1366 1722 1524 1806 pendenti

393 1837 426 1896 et
443 1831 585 1897 evidenti
601 1832 700 1916 sigilli
714 1833 821 1899 nostri
837 1831 993 1917 simplicis
1008 1831 1183 1897 munimine
1200 1830 1381 1898 roboratas.
1397 1831 1523 1898 Datum

335 2011 340 2020 ¹
394 1945 427 2003 et
451 1944 559 2004 actum
586 1937 740 2005 Oassovie
764 1939 1033 2022 decimaseptima
1058 1941 1178 2005 mensis
1210 1936 1412 2022 Septembris
1438 1960 1522 2006 anno

393 2046 525 2113 Domini
541 2047 714 2113 millesimo
730 2048 959 2114 trecentesimo
975 2048 1215 2133 septuagesimo
1231 2053 1361 2132 quarto.

752 2191 868 2254 (Hiteleu
881 2192 940 2259 regi
954 2193 1073 2243 masolat
1084 2192 1173 2254 utin.)
1278 2185 1287 2194 “

934 2481 985 2543 75.

397 2641 455 2705 XI.
472 2619 609 2729 Gerpelp
630 2643 794 2728 papc'nak
817 2643 948 2708 udinese
966 2640 991 2706 I.
1008 2645 1110 2730 Lujcs
1125 2665 1267 2730 mappar
1282 2644 1314 2706 e'a
1331 2641 1457 2728 lenpyel
1473 2637 1523 2703 ki-

579 2751 724 2838 rdlynak
743 2753 878 2818 Siciliae
895 2756 1052 2839 triryyaao'
1064 2754 1227 2818 kc‘rdacire.
1253 2753 1348 2816 1374.

507 2905 685 2994 Gregorius
700 2910 884 2996 Episcopus
900 2919 958 2978 etc.
984 2911 1154 2978 carissimo
1166 2903 1204 2976 'in
1221 2909 1356 2976 Christo
1372 2907 1442 2973 filio
1458 2906 1523 2970 Lu·

398 3018 512 3085 dorico
539 3017 623 3102 Regi
648 3018 796 3102 Vngarie
821 3019 949 3104 illustri,
976 3021 1123 3102 salutem,
1140 3025 1200 3084 etc.
1216 3015 1449 3086 Venerabilem
1463 3014 1526 3079 fra

399 3132 482 3191 trem
498 3132 646 3192 nostrum
662 3124 864 3210 Stephanum
882 3127 1080 3212 Episcopum
1096 3125 1366 3210 Zagrabiensem,
1383 3129 1418 3189 et
1432 3122 1526 3187 dilec-

399 3241 467 3299 tum
492 3233 596 3299 filium
620 3233 760 3302 nobilem
785 3235 888 3300 virum
914 3234 1051 3301 Petrum
1072 3233 1185 3301 Zuder
1200 3233 1332 3298 Bannm
1348 3229 1526 3310 Sclavenie

399 3339 649 3408 Ambaxiatores
666 3349 747 3424 tuos,
772 3344 896 3410 latores
913 3343 1120 3426 presentium,
1136 3342 1179 3408 ad
1196 3361 1255 3408 nos
1271 3340 1399 3420 missos,
1415 3341 1448 3403 in
1463 3337 1525 3422 pri·

400 3471 452 3514 mo
469 3448 610 3515 adventu
628 3451 709 3516 etin
725 3472 877 3534 regressu
893 3471 1005 3516 eorum
1016 3450 1056 3516 de
1066 3450 1212 3516 Francia
1226 3449 1367 3533 benigne
1382 3447 1527 3526 vidimus,

399 3558 434 3621 in
449 3557 531 3640 ipsis
547 3556 708 3622 mittentis
734 3557 874 3642 effigiem
900 3558 1174 3642 contemplantes3
1198 3577 1318 3640 eosque
1334 3555 1528 3639 multiplica·

400 3666 445 3731 tis
460 3663 583 3730 vicibus
607 3672 675 3731 tam
701 3687 761 3750 pro
786 3666 907 3749 arduis,
924 3689 1022 3750 quam
1037 3687 1099 3750 pro
1116 3665 1295 3730 minoribus
1312 3663 1449 3748 agendis
1464 3661 1528 3726 tuis

401 3778 435 3838 et
451 3779 580 3839 tuorum
597 3773 752 3840 nonnulla
768 3797 828 3858 pro
845 3780 940 3858 parte
957 3781 1014 3838 tua
1029 3772 1122 3838 nobis
1137 3771 1317 3856 prudenter
1333 3776 1528 3856 exponentes

402 3889 435 3948 et
459 3882 863 3969 solliciteuprosequentes,
889 3889 1046 3967 quantum
1077 3881 1140 3948 fuit
1171 3881 1358 3965 expediens,
1390 3879 1529 3964 spatiose

402 3993 593 4078 audivimus,
616 3999 650 4058 et
672 3993 707 4058 in
731 3992 807 4074 illis,
824 3992 858 4056 in
875 3992 990 4075 quibus
1015 3991 1099 4056 iuste
1119 3990 1293 4075 potuimus,
1310 3988 1529 4056 exaudivimus

402 4103 554 4186 gratioso.
569 4101 693 4170 Verum
709 4101 784 4166 licet
799 4121 858 4185 per
874 4099 1020 4167 diversas
1038 4119 1205 4184 personas,
1222 4104 1255 4163 et
1271 4097 1459 4180 specialiter
1472 4116 1530 4180 per

404 4210 619 4277 venerabilem
634 4211 770 4276 fratrem
787 4215 933 4275 nostrum
961 4206 1180 4274 Guillermum
1195 4207 1395 4290 Episcopum
1412 4203 1529 4271 Senen-

405 4340 480 4398 sem,
496 4318 537 4383 ad
553 4319 725 4400 petitiones
742 4323 817 4382 tuas
834 4337 930 4400 super
947 4315 1063 4397 Regno
1090 4312 1200 4380 Sicilie
1216 4319 1365 4379 nostram
1381 4311 1532 4377 intentio-

404 4446 487 4505 nem,
502 4426 600 4491 immo
616 4426 726 4509 potius
751 4423 1018 4508 possibilitatem,
1034 4421 1209 4489 secundum
1223 4423 1401 4508 justiciam,
1418 4421 1533 4503 inqua

405 4532 553 4600 omnibus
579 4533 743 4600 debitores
770 4532 947 4613 existimus,
972 4530 1159 4597 duxerimus
1184 4528 1413 4612 reserandam3
1445 4528 1532 4595 idern
