3248 5242
369 357 434 419 744
722 370 958 415 orenounczrnr
976 355 1140 413 cursuali.

368 531 463 599 mode
479 552 544 597 non
563 532 717 596 valemus.
734 527 818 596 Oum
836 549 900 612 quo
927 527 1040 592 habito
1064 526 1234 608 colloquio,
1259 527 1386 591 morin
1414 525 1501 590 facto

370 637 490 706 Sancte
506 637 625 704 Matris
642 638 787 706 Ecclesia
804 659 842 703 ac
859 637 932 702 aliis
949 634 1068 700 nostris
1087 633 1226 717 negotiis
1244 632 1406 698 solemnes
1423 629 1502 696 Am-

371 749 554 815 basiatores
581 753 710 812 nostros
742 746 784 811 ad
809 766 865 810 vos
891 745 1055 809 destinare
1081 738 1273 823 curabimus
1304 741 1502 806 intentionis

375 859 486 923 nostre
503 856 706 940 propositum
723 854 814 920 vobis
830 852 949 919 clarius
966 857 1145 935 aperturos
1171 850 1307 915 Placeat
1324 849 1429 933 igitur
1445 870 1502 913 nos

373 987 471 1050 super
486 982 579 1030 mora
595 966 630 1030 in
646 963 823 1048 premissis
850 982 1048 1047 quamquam
1064 960 1155 1026 nobis
1179 957 1397 1023 renitentibus
1426 957 1502 1024 inci-

371 1073 478 1156 dente,
493 1072 614 1138 babere
630 1070 856 1138 favorabiliter
872 1075 1053 1136 excusatos.

371 1183 443 1244 (XV.
466 1182 578 1232 tatami
600 1181 718 1232 herirati
740 1179 887 1242 codexbttl,
909 1195 926 1228 a
947 1179 1064 1242 herczeg
1095 1175 1326 1240 Schwaraenberg
1348 1173 1503 1224 csalridnalt
1570 1147 1571 1150 Ἴ

757 1269 918 1333 wittingaui
932 1267 1126 1328 lereltarban.)

861 1409 1018 1417 —0----

901 1521 978 1584 463.

382 1685 515 1750 Venerio
541 1683 646 1748 Antal
671 1685 825 1750 velencaei
850 1683 990 1770 dopo'uelc
1007 1683 1150 1746 Dabisaa
1166 1681 1281 1746 Istron
1296 1678 1443 1743 ὒοειπίαί
1458 1678 1506 1743 1ιί-

840 1793 924 1879 rdly.
943 1793 1040 1856 1394.

482 1953 763 2022 Excellentissime
780 1951 882 2018 frater
900 1951 1077 2017 carissime.
1094 1949 1180 2034 Quia
1196 1950 1261 2013 iam
1278 1948 1408 2028 dudum,
1419 1951 1505 2016 sicut

374 2064 546 2130 recolimus
563 2062 645 2128 alias
661 2061 852 2127 Excelentie
868 2058 989 2127 Vestre
1012 2059 1187 2143 scripsisse,
1203 2057 1422 2124 commisimus
1440 2056 1505 2144 Eg·

375 2172 465 2257 regio
482 2171 551 2236 viro
577 2169 705 2235 domino
731 2167 879 2254 Georgio
897 2167 1154 2234 Protovestiario
1171 2173 1282 2233 nostro
1301 2167 1420 2234 dilecto
1446 2168 1507 2235 sibi
1594 2161 1596 2186 '

376 2285 465 2360 noto,
482 2278 570 2362 quod
586 2277 626 2342 de
643 2277 748 2358 galeis
765 2276 887 2342 nostris
903 2278 979 2342 istic
996 2275 1143 2344 Venetiis
1162 2275 1247 2360 apud
1262 2297 1317 2342 vos
1343 2277 1508 2341 existenti·
1597 2307 1598 2310 ¹

379 2386 451 2469 bus,
468 2385 552 2450 sicut
568 2385 666 2466 scitis,
683 2387 750 2450 vice
768 2393 882 2451 nostra
898 2385 1050 2450 ordinare
1078 2382 1311 2466 disponereque
1328 2384 1459 2450 deberet
1476 2392 1511 2450 et

379 2500 497 2579 posset,
514 2498 611 2577 prout
627 2493 792 2558 videretur
808 2497 842 2557 et
857 2493 1004 2577 placeret
1020 2489 1140 2573 eidem,
1159 2513 1197 2556 ex
1213 2495 1289 2556 tunc
1314 2513 1372 2556 nos
1397 2500 1509 2557 ratum

378 2609 413 2667 et
429 2605 561 2686 gratum
577 2600 709 2682 babere,
727 2601 887 2686 quidquid
904 2599 1091 2684 superinde
1117 2597 1249 2680 faceret,
1277 2601 1509 2684 promittendo.

378 2709 423 2775 Et
438 2730 523 2775 nunc
538 2709 608 2792 ipse
624 2709 880 2774 commissionem
898 2715 1044 2774 nostram
1055 2706 1238 2774 huiusmodi
1253 2707 1314 2772 sibi
1326 2708 1457 2792 factam,
1473 2709 1511 2773 li-

379 2823 432 2882 cet
448 2817 531 2883 alias
548 2838 619 2881 eam
637 2819 725 2901 prius
742 2815 865 2898 fecerit,
882 2817 965 2881 sicut
980 2815 1081 2882 refert
1106 2814 1207 2880 nobili
1232 2815 1300 2881 viro
1317 2816 1450 2883 Marino
1468 2813 1508 2881 de

379 2921 517 3009 Oaboga
532 2923 716 2990 honorabili
734 2925 796 2991 civi
812 2931 844 2989 et
864 2923 981 2991 factori
1008 2925 1176 3007 Ragusino
1201 2925 1277 2990 istic
1299 2924 1385 2990 idem
1402 2923 1513 2993 Vene-

378 3034 442 3118 tiis,
456 3037 494 3099 ut
508 3034 620 3116 nostia,
634 3039 712 3100 tuno
728 3039 760 3099 et
776 3054 861 3099 nunc
877 3033 975 3100 etiam
994 3033 1155 3115 existenti,
1178 3033 1397 3098 uenerabilem
1407 3034 1512 3099 virum

381 3142 546 3208 domiuum
574 3140 770 3207 Michaelem
786 3141 960 3224 Dominici‚
981 3142 1202 3226 presbyterum
1228 3141 1434 3225 Ragusinum
1462 3165 1514 3208 ca·

380 3252 545 3335 pellanum
561 3271 663 3331 suum,
688 3249 878 3317 exibitorem
896 3251 1019 3317 scilicet
1036 3251 1163 3332 harum,
1188 3251 1272 3318 istuc
1298 3250 1384 3316 idem
1397 3251 1514 3315 advos

381 3357 483 3424 mittit
510 3359 692 3442 specialiter
724 3365 931 3441 exequutum.
957 3359 1067 3443 Igitur
1097 3359 1206 3443 ipsum
1231 3359 1292 3443 ipsi
1315 3359 1516 3425 Excellentie

381 3463 500 3532 Vestra
515 3466 822 3549 recommendamus,
840 3472 967 3534 attente
983 3467 1190 3552 requirentes
1206 3467 1359 3546 eamdem,
1384 3489 1458 3532 eum
1482 3469 1517 3532 in

382 3574 445 3640 sibi
463 3572 642 3639 commissis
658 3595 715 3657 per
732 3574 839 3658 ipsum
856 3573 1074 3640 Fraternitati
1105 3573 1224 3642 Vestra
1248 3578 1400 3640 oretenus
1424 3597 1517 3659 anpe-

383 3681 508 3750 diendis
524 3682 629 3748 nostri
645 3684 903 3750 consideratione
922 3683 1223 3750 recommendatum
1247 3683 1366 3748 habere
1391 3688 1426 3748 et
1441 3683 1520 3748 diri·

385 3814 471 3876 gere,
488 3796 521 3857 et
537 3789 599 3856 sibi
624 3791 753 3856 demum
778 3791 1010 3859 favorabiliter
1036 3793 1191 3858 assistere
1219 3791 1394 3875 dignemini
1410 3793 1444 3857 iu
1460 3793 1519 3858 eis·

383 3901 465 3982 dem,
483 3901 568 3964 sicut
585 3899 670 3982 quod
687 3907 795 3966 vestro
812 3901 985 3967 mediante
1003 3899 1113 3969 farore
1129 3901 1225 3966 finem
1251 3901 1365 3966 exinde
1381 3899 1521 3966 celerem

383 4015 416 4074 et
432 4012 591 4092 optatum,
608 4007 691 4072 sicut
707 4007 746 4071 de
762 4009 851 4074 dicta
863 4007 1436 4088 Frater-nitateVestraconfidimus,
1447 4030 1520 4072 con·

384 4116 473 4199 sequi
490 4116 664 4195 valeamus,
681 4113 809 4182 factura
825 4117 920 4182 nobis
940 4119 973 4183 in
993 4139 1030 4183 eo
1048 4118 1319 4202 complacentiam
1337 4117 1522 4200 specialem,

383 4219 634 4288 adscribendam
652 4221 737 4289 inter
769 4226 931 4310 specialia
956 4224 1163 4309 beneplacita
1188 4230 1310 4306 nostra,
1335 4231 1368 4289 et
1390 4224 1521 4290 tandem

384 4330 454 4394 vice
470 4343 565 4395 tersa
584 4331 675 4397 vobis
692 4340 725 4398 et
742 4335 860 4399 restris
878 4335 910 4398 iu
929 4333 1078 4400 omuibus
1094 4334 1185 4399 robis
1211 4334 1316 4418 gratis
1333 4332 1470 4396 libenter
1485 4356 1521 4398 es

384 4437 486 4502 libere
510 4439 763 4524 rependendam,
779 4449 878 4526 prout
888 4442 974 4507 idem
991 4441 1140 4508 dominus
1156 4441 1302 4507 Michael
1319 4439 1359 4504 de
1375 4435 1521 4506 omnibut

385 4543 625 4612 Excellentiam
642 4548 836 4616 informabit
851 4550 1030 4632 Eanrdem5
1047 4551 1096 4616 cui
1115 4571 1179 4634 que
1191 4547 1522 4628 circabecreferet,ei
