3134 5254
588 421 683 485 1379,
1127 423 1199 486 *303

87 598 164 682 quod
179 601 330 678 dicerent,
347 621 443 684 quem
460 621 591 667 censum
618 597 782 666 volebant.
795 598 841 664 ut
856 598 926 682 ipse
953 599 1104 669 dominus
1130 599 1200 667 Ka-

1 693 2 696 *
88 708 165 776 aolus
180 712 356 796 respondit,
372 713 461 797 quod
478 710 631 778 solebant
646 709 815 774 annuatim
832 705 883 773 0¹¹¹
904 707 984 794 (100
1001 709 1087 797 ezer)
1105 711 1199 777 duca·

1 839 2 885 l
85 821 178 883 larum
195 839 254 902 pra
271 841 388 899 censu3
411 819 502 886 facta
517 818 680 884 mentione
697 838 831 900 semper,
848 817 935 900 quod
960 818 1119 902 quicquid
1135 820 1199 884 sol·

1 959 2 1012 q
83 931 208 1007 veretur,
223 928 305 994 foret
323 911 383 1013 pro
400 950 506 1009 censu,
531 934 565 994 et
581 947 640 1010 pra
665 925 753 992 lacto
770 925 857 1008 salis,
883 925 1125 992 remanentibus
1143 926 1199 992 bu·

1 1063 2 1070 ,
83 1031 142 1098 chis
156 1033 322 1101 fluminum
339 1057 468 1120 semper
478 1035 608 1117 clausis,
624 1035 706 1100 sicut
731 1040 807 1100 ante
833 1053 986 1116 guerram
1012 1041 1103 1100 stare
1125 1055 1199 1100 con·

82 1149 249 1209 sueverunt.
281 1142 327 1210 Et
344 1143 452 1211 adhuc
468 1165 527 1210 nas
552 1142 786 1228 respondimus,
812 1142 900 1226 quod
916 1142 981 1208 ista
997 1142 1112 1228 petitia
1128 1150 1201 1209 erat

1 1237 2 1244 ἵ
82 1251 122 1314 ita
136 1252 263 1336 injusta,
278 1253 453 1320 inhonesta
468 1260 501 1318 et
517 1253 676 1333 inaudita,
703 1250 790 1335 quad
807 1251 848 1316 ad
866 1251 970 1335 ipsam
988 1249 1078 1316 nullo
1096 1251 1195 1317 modo

81 1360 222 1426 sciremus
237 1361 456 1446 responderc;
472 1359 645 1445 allegando
666 1359 786 1425 multas
803 1358 957 1440 rationes,
974 1363 1007 1424 el
1023 1358 1197 1443 allegando

1 1537 2 1553 ,
80 1487 192 1550 census,
215 1471 271 1554 qui
287 1470 508 1536 reddebantur
524 1470 563 1535 de
581 1469 656 1554 alijs
673 1467 771 1533 terris
788 1467 887 1534 Italic
902 1473 935 1532 et
949 1467 1148 1552 Imperatori
1164 1474 1197 1534 et

81 1573 213 1644 Ecclesia
230 1577 270 1644 de
287 1581 386 1645 terris
403 1578 470 1643 suis
486 1576 637 1662 proprijs,
647 1577 702 1658 qui
720 1581 792 1640 erat
808 1575 888 1659 quid
903 1575 1080 1643 minimum.
1096 1577 1142 1643 Et
1158 1574 1197 1640 de

79 1679 209 1750 Ciuitate
236 1685 464 1767 Venetiamm,
480 1687 522 1750 iu
548 1707 614 1769 qua
640 1683 715 1750 Rex
741 1683 865 1748 nullum
890 1683 1115 1766 pretendebat,
1140 1703 1198 1748 nec

79 1811 211 1874 uuquam
228 1793 312 1860 dixit
324 1795 379 1879 jus
395 1794 525 1874 habere,
542 1793 581 1859 de
598 1814 663 1876 qua
682 1791 872 1858 Dominatio
889 1792 947 1858 dat
963 1792 1024 1858 sibi
1041 1791 1195 1858 honorem

0 1885 1 1890 ἵ
79 1897 223 1986 Domiuij,
237 1903 300 1986 ipsi
316 1902 473 1987 petebant
488 1909 557 1968 tam
568 1901 766 1968 excessivam
787 1921 927 1982 censum,
943 1921 1015 1965 cum
1032 1900 1105 1984 alijs
1116 1901 1196 1966 mul-

78 2007 116 2071 tis
130 2008 241 2074 verbis.
257 2010 304 2076 Et
317 2008 413 2076 factis
429 2010 521 2076 nobis
538 2009 650 2074 multis
667 2007 985 2091 interrogationibus,
1011 2006 1097 2091 quod
1114 1999 1200 2073 dicei

77 2135 185 2197 remus,
201 2117 278 2200 quid
290 2117 476 2184 volebamus
493 2117 581 2199 dare,
599 2118 678 2198 qnia
689 2115 876 2184 dicebamus
897 2113 982 2198 quad
999 2115 1194 2181 nesciremus

76 2223 260 2307 respondere
276 2225 319 2291 ad
334 2225 416 2292 tales
432 2227 728 2310 interrogationes3
744 2245 802 2290 uos
813 2223 954 2290 finaliter
970 2223 1195 2308 respondimus

79 2331 152 2396 celle
167 2333 226 2399 sibi
243 2334 323 2400 dare
348 2334 459 2403 decem
486 2335 577 2400 milia
601 2334 794 2401 ducatorum
819 2333 988 2398 annuatim
1014 2353 1074 2417 pro
1091 2353 1196 2414 sensu,

77 2438 279 2524 intelligendo
295 2465 355 2526 pro
372 2464 470 2509 oerrsu
487 2449 520 2508 et
536 2442 624 2508 facto
642 2441 729 2522 salis,
747 2440 989 2508 remanentibus
1005 2439 1120 2507 buchis
1138 2439 1195 2506 llu-

76 2548 189 2613 minum
204 2550 333 2635 clausis,
358 2558 396 2616 ut
412 2557 462 2616 est
487 2551 620 2616 dictum.
645 2551 691 2618 Et
714 2549 804 2617 lacta
830 2571 949 2635 magna
975 2549 1195 2634 disputatione

76 2655 217 2725 hincinde
249 2681 349 2743 super
380 2658 547 2743 predictis,
572 2658 704 2726 tandem
730 2659 792 2743 ipsi
824 2657 1121 2724 condescenderunt
1151 2657 1194 2723 ad

77 2767 307 2851 quinquaginta
323 2767 415 2833 milia
431 2767 632 2834 ducatorum.
658 2767 729 2833 Nos
756 2788 831 2832 vera
857 2787 1022 2850 nunquam
1047 2766 1193 2832 ascendi·

76 2895 138 2940 mas
153 2875 196 2942 ad
219 2875 378 2960 majorem
404 2877 622 2959 quantitatem
648 2875 758 2941 decem
785 2874 908 2939 milium
934 2875 1145 2955 ducatorum;
1161 2880 1195 2939 et

76 2979 144 3046 dum
160 2990 293 3067 propter
309 2984 427 3048 multas
445 2982 685 3067 disputationes
700 2982 806 3048 lactas
822 2981 907 3048 inter
923 3003 981 3047 nas
998 3003 1050 3048 res
1066 2986 1151 3047 esset
1160 2982 1193 3046 in

75 3089 126 3155 lali
142 3096 224 3174 actu,
240 3092 327 3175 quad
345 3090 662 3176 credebamusposse
687 3091 842 3158 reducere
859 3091 901 3156 ad
927 3090 1070 3174 aliquem
1095 3089 1193 3154 finem

75 3203 134 3264 lam
150 3203 327 3286 capitulum
343 3203 478 3285 pecunie
495 3200 664 3282 solvende3
682 3203 759 3286 quia
776 3201 924 3267 daminus
948 3197 1121 3266 Generalis
1137 3220 1193 3264 no-

76 3304 120 3370 bis
136 3307 274 3391 dixerat,
289 3308 378 3393 quod
394 3308 543 3376 dominus
560 3308 707 3374 Karalus
725 3307 787 3376 sibi
813 3306 953 3387 dixerat,
979 3308 1067 3391 quad
1083 3308 1193 3373 crede·

74 3410 127 3479 bat
140 3415 293 3482 reducere
309 3417 458 3483 Barones
475 3418 517 3483 ad
534 3415 787 3484 contestandum
804 3417 847 3481 ad
867 3437 1023 3483 summam
1059 3415 1190 3483 ducato·

73 3539 136 3587 rum
159 3532 381 3592 sexcentorum
405 3525 541 3608 milium,
557 3530 591 3591 et
606 3523 729 3609 quoda
755 3525 846 3590 dicta
871 3546 996 3590 summa
1022 3545 1123 3608 usquc
1148 3524 1190 3591 ad

74 3649 221 3698 summam
238 3635 504 3720 octingentorum
521 3634 646 3700 milium
665 3633 856 3699 Dominatia
881 3631 1006 3702 Vestra
1022 3639 1126 3698 staret
1140 3631 1192 3716 ju-

74 3735 182 3805 dicium
198 3743 318 3827 Regis3
337 3747 370 3808 et
385 3744 483 3809 etiam
501 3743 680 3827 capitulum
701 3763 823 3822 census,
850 3741 889 3806 de
906 3739 1071 3825 quoidam
1089 3739 1189 3806 domi·

73 3867 127 3912 nus
141 3846 312 3917 Generalis
329 3851 411 3918 dixit
427 3851 529 3936 nobis,
546 3851 633 3936 quod
649 3851 779 3918 dixerat
798 3850 859 3916 sibi
876 3848 916 3915 dc
942 3847 1069 3915 ducatis
1096 3849 1188 3931 quin-

74 3960 225 4042 quaginta
240 3959 332 4025 mr'lia
348 3962 526 4046 annuatim,
543 3961 623 4045 quid
639 3961 739 4026 etiam
756 3958 967 4025 credebamus
983 3956 1137 4023 reducere
1147 3955 1189 4022 ad

74 4063 219 4132 minorem
236 4069 471 4152 quantitatem3
487 4071 556 4153 ipsc
572 4067 720 4135 dominus
745 4065 893 4135 Karalus
920 4073 951 4132 ct
976 4063 1124 4130 Berones
1141 4063 1188 4129 di·

74 4182 182 4240 reruat
200 4175 316 4241 nobis:
336 4173 391 4240 »si
409 4197 465 4240 vos
482 4177 578 4242 sultis
595 4198 665 4243 esse
682 4178 715 4241 in
726 4173 897 4240 concordio
908 4171 1074 4239 nobiscum
1092 4169 1132 4236 de
1148 4172 1189 4235 is·

74 4277 112 4342 lis
127 4280 247 4348 duobus
268 4283 441 4368 capitulis;
466 4284 679 4370 intelligendo
697 4306 832 4369 sempor,
849 4280 936 4366 quod
953 4279 1137 4346 Tarvisium
1155 4286 1187 4346 ct

75 4383 254 4472 Tauricana,
271 4397 426 4457 ettotam
442 4392 522 4458 illud
541 4394 619 4476 quid
630 4395 747 4459 tenetis
763 4392 796 4456 in
813 4391 884 4457 istis
900 4387 1047 4474 partibus
1063 4411 1083 4453 a
1099 4408 1187 4453 mon·

75 4491 154 4562 libus
170 4521 269 4583 usque
285 4500 329 4566 ad
343 4521 433 4566 mare
450 4502 492 4567 sit
512 4501 633 4568 damini
658 4503 770 4587 Regis,
786 4522 845 4567 nos
871 4519 982 4564 sumus
1007 4497 1116 4581 parati
1131 4517 1188 4580 po·

75 4621 143 4669 uere
157 4629 213 4674 nas
229 4609 263 4673 in
281 4606 412 4691 ordine;
429 4608 527 4676 aliter
543 4615 683 4694 utraque
698 4631 775 4696 pars
801 4613 968 4673 remaneat
984 4604 1017 4669 ia
1035 4626 1092 4672 suo
1124 4611 1187 4672 sta·
