3190 5252
405 323 471 386 442
759 341 995 386 urruounournr
1013 329 1180 386 suranus.

407 501 571 566 solucione
588 501 726 585 alicujus
743 501 887 585 pedagii,
904 501 989 566 dacii
1006 502 1055 566 rel
1083 501 1222 585 gabello.
1238 503 1324 567 Item
1344 502 1404 565 t’uit
1420 501 1516 566 solem-

406 609 704 674 nite1·couveutum
730 616 764 673 et
780 617 889 675 actum
914 611 1001 675 iuter
1025 617 1136 693 partes
1161 610 1325 694 predictas
1351 609 1515 674 nominibus

407 716 592 796 antedictis
610 717 698 798 qnod
716 715 895 783 Commune
912 718 1139 800 Veueciarum,
1165 741 1224 784 nec
1250 718 1370 801 aliquis
1386 716 1514 782 officialis

406 824 558 908 ejusdem,
575 847 640 890 nou
653 827 758 909 possit
772 825 880 891 facere
897 826 1029 910 aliquod
1039 833 1208 907 statutum,
1220 826 1387 892 decretum
1400 825 1446 889 rel
1460 845 1517 906 pro·

405 931 561 998 visionem
587 934 761 1016 specialem
788 940 905 998 contra
930 934 1077 1000 subditos
1104 935 1182 1000 dicti
1217 935 1337 998 domiui
1368 933 1469 1014 Regis,
1492 937 1516 992 et

406 1042 557 1123 precipue
590 1049 705 1105 contra
735 1040 937 1122 Jadratiuos
981 1063 1036 1109 seu
1067 1043 1101 1106 in
1135 1045 1279 1126 ipsorum
1311 1038 1515 1124 prejudicium,

405 1147 603 1231 generaliter
620 1170 696 1214 vero
712 1157 855 1214 statuere
873 1156 905 1214 et
922 1149 1077 1214 ordinare
1087 1150 1185 1215 liceat
1200 1171 1259 1232 pro
1276 1149 1369 1214 libito
1386 1145 1513 1212 volunta·

407 1255 458 1319 tis.
476 1255 560 1320 Item
576 1257 640 1322 fuit
655 1265 763 1322 actum
780 1263 814 1322 et
825 1264 1019 1323 conventum
1029 1258 1115 1322 inter
1125 1258 1232 1336 dictas
1248 1263 1360 1341 partes
1371 1255 1460 1320 dictis
1470 1274 1513 1316 no-

407 1364 559 1446 minibus,
576 1366 665 1448 quod
682 1367 769 1431 bona
794 1364 975 1430 immobilia
1002 1365 1203 1448 singularum
1229 1385 1435 1448 personarum
1451 1361 1516 1425 exis-

404 1471 514 1536 tencia
530 1473 563 1537 in
581 1472 731 1539 Veueciis
747 1472 798 1538 rel
816 1474 984 1539 territorio
1002 1472 1081 1536 dicti
1097 1469 1287 1537 Communis
1303 1471 1515 1544 Veuecisrum,

405 1599 467 1662 que
483 1587 628 1664 tempore
654 1581 874 1647 inchoacionis
903 1581 1061 1663 presentis
1086 1601 1202 1664 guerre
1229 1587 1324 1644 erant
1349 1578 1515 1662 aliquorum

404 1688 608 1754 subditorum
624 1689 703 1754 dicti
719 1690 842 1754 domini
852 1689 963 1772 Regis,
974 1709 1029 1753 seu
1040 1710 1098 1772 per
1109 1709 1162 1753 eos
1173 1683 1515 1771 possidebantur,r·esti·

403 1801 538 1861 tuantur
556 1797 686 1882 eisdem,
703 1801 736 1862 et
753 1798 786 1861 iu
802 1818 840 1862 eo
853 1798 926 1882 jure
943 1797 1155 1879 possessionis
1182 1802 1214 1860 et
1240 1795 1383 1875 dominii,
1408 1815 1465 1876 quo
1479 1797 1514 1854 te·

405 1903 565 1969 nubantur
582 1911 725 1989 ternpore
740 1905 957 1971 inchoationis
974 1905 1136 1987 presentis
1147 1925 1274 1987 guerre.
1287 1905 1331 1968 Et
1349 1903 1513 1968 eodemne

405 2012 446 2075 do
464 2013 573 2076 omnia
589 2011 676 2078 bona
691 2011 873 2079 immobilia
883 2012 1085 2095 singularum
1097 2033 1311 2095 personarum
1326 2011 1365 2075 de
1382 2007 1513 2077 Veueciis

405 2120 456 2184 rel
473 2143 584 2185 eorum
601 2123 768 2188 territorio
779 2122 955 2187 existencia
965 2122 998 2185 in
1009 2121 1183 2185 territoriis
1194 2119 1315 2204 prefati
1329 2115 1511 2186 Serenissini

404 2228 525 2294 domiui
535 2230 637 2314 Regis
648 2229 744 2296 dictis
755 2231 976 2314 singularibus
986 2230 1135 2312 personis
1146 2231 1361 2293 restituantur
1370 2229 1403 2292 in
1412 2248 1445 2291 eo
1451 2225 1511 2309 jure

405 2338 617 2419 possessionis
651 2344 684 2404 et
715 2338 859 2418 dominii,
886 2336 1004 2420 quibus
1029 2334 1226 2400 tenebantur
1252 2341 1329 2400 aute
1353 2339 1511 2419 presentem

404 2465 565 2527 guerram.
582 2446 667 2510 Item
677 2445 741 2511 suit
757 2451 866 2510 actum
878 2450 912 2508 et
926 2443 1113 2528 specialiter
1123 2449 1316 2509 conventum
1327 2444 1409 2508 iuter
1423 2441 1511 2506 dictas

404 2558 516 2635 partes
534 2553 630 2618 dictis
646 2553 841 2636 nominibus
853 2553 941 2636 quod
958 2552 998 2617 de
1016 2551 1147 2635 dabitis,
1163 2550 1207 2616 ad
1223 2573 1285 2635 que
1301 2550 1419 2616 subditi
1434 2548 1510 2612 unius

403 2661 509 2743 partis
524 2661 719 2726 tenebantur
736 2660 874 2733 subditis
891 2661 1026 2726 alterius
1036 2661 1142 2743 partis
1152 2665 1298 2743 tempore
1313 2654 1510 2724 inchoacionis

403 2771 561 2851 presentis
579 2792 705 2854 guerre,
720 2769 779 2835 fiat
789 2769 925 2854 justicia
935 2769 1072 2853 perinde
1089 2789 1128 2832 ac
1145 2768 1173 2832 si
1188 2789 1322 2851 presens
1339 2787 1450 2851 guerra
1459 2783 1510 2826 nou

403 2879 605 2943 occurrisset.
621 2879 707 2944 ltem
724 2879 811 2962 quod
824 2877 943 2944 Veneti
960 2899 1032 2942 curu
1050 2876 1160 2959 aliqua
1176 2876 1273 2959 galea
1291 2877 1342 2941 vel
1357 2876 1453 2960 galeis
1466 2891 1508 2935 ar·

403 2986 499 3049 matis
514 2986 637 3051 intrare
654 3008 718 3051 non
734 2986 860 3070 possint
876 2986 1020 3068 aliquem
1040 2990 1170 3067 portum
1186 2983 1226 3050 de
1243 2991 1359 3050 catena
1376 2983 1449 3049 dicti
1463 2979 1506 3042 do·

403 3093 482 3157 mini
492 3091 594 3176 Regis
606 3116 661 3159 seu
672 3093 880 3159 subditorum
890 3115 1022 3159 suorum
1038 3093 1367 3158 cout1·aroluutatem
1381 3091 1508 3156 habitau-

404 3202 488 3265 cium
506 3223 561 3266 seu
577 3203 762 3266 tenencium
779 3199 903 3267 dictum
921 3208 1059 3284 portum.
1076 3200 1161 3264 Itern
1177 3200 1238 3267 fuit
1249 3208 1358 3266 actum
1368 3208 1399 3264 et
1409 3197 1509 3282 specia-

403 3310 480 3374 liter
493 3317 684 3374 conventum
694 3311 780 3375 inter
790 3310 895 3374 dictas
905 3317 1015 3393 partes
1033 3308 1128 3372 dictis
1143 3307 1336 3389 nominibus,
1349 3307 1432 3390 quod
1441 3304 1510 3368 dieto

403 3418 533 3483 domiuo
548 3416 633 3499 Regi
650 3419 864 3482 restituantur
881 3437 990 3480 omues
1006 3423 1105 3494 terre,
1120 3415 1193 3479 loca
1209 3420 1242 3478 et
1259 3421 1378 3496 castra,
1394 3435 1451 3497 que
1467 3430 1510 3495 per

404 3525 581 3590 Commune
598 3526 814 3592 Veueciarum
826 3531 987 3606 tenantur,
999 3545 1061 3604 que
1072 3522 1160 3588 dicto
1170 3523 1311 3588 Domino
1328 3523 1411 3606 Regi
1421 3521 1509 3586 ablate

403 3634 540 3699 fuissent
555 3655 613 3717 per
631 3633 775 3700 Venetos
793 3639 938 3715 tempore
956 3631 1117 3714 presentis
1145 3650 1271 3713 guerre,
1288 3638 1321 3695 et
1347 3629 1509 3714 specialiter

405 3744 518 3808 civitas
535 3749 569 3806 et
585 3750 726 3808 castrum
744 3741 891 3806 Chaburi.
916 3740 960 3804 Et
976 3759 1069 3803 versa
1086 3741 1153 3804 rice
1180 3739 1276 3804 dictis
1293 3739 1420 3805 domino
1442 3735 1509 3803 Duri

402 3859 434 3915 et
461 3849 632 3916 Communi
659 3850 876 3919 Veueciarum
901 3849 1119 3912 restituantur
1145 3868 1256 3912 omnes
1283 3857 1379 3932 terre,
1402 3851 1464 3914 loce
1485 3848 1508 3906 et

402 3965 519 4042 castra,
536 3981 598 4042 que
614 3980 674 4042 per
690 3959 813 4024 dictum
831 3959 997 4023 domiuum
1021 3957 1149 4040 Regem
1174 3963 1337 4039 tenentur,
1356 3982 1414 4043 que
1436 3956 1505 4021 dictu

403 4067 533 4132 domino
550 4067 635 4133 Duci
652 4089 709 4133 seu
727 4066 899 4133 Communi
917 4064 1136 4134 Veueciarum
1161 4064 1273 4131 ablata
1299 4067 1431 4134 inissent
1444 4072 1505 4130 teru-
1578 4109 1579 4112 ,

401 4197 482 4258 pore
498 4177 657 4259 presentis
675 4197 791 4260 guerre
813 4175 875 4241 stb.

714 4283 758 4368 Β)
783 4283 1218 4367 Mellelrolrmauyck.

513 4396 539 4455 1.
556 4391 590 4457 Α
607 4413 744 4476 magyar
758 4391 866 4474 kirsly
888 4399 921 4455 es
938 4413 957 4454 a
983 4391 1143 4458 velenczei
1167 4391 1380 4477 lstiztarsasag
1403 4381 1504 4456 isreal

402 4498 491 4563 lr‘ozti
508 4507 671 4582 egyesseg,
698 4499 784 4582 hogy
810 4521 829 4562 a
855 4499 963 4564 loton
991 4497 1147 4583 bekesseg
1174 4501 1263 4566 irant
1289 4499 1456 4570 ritutkozts
1474 4509 1502 4554 ut
