3134 5254
450 470 451 484 1
559 435 653 497 1379.
1106 432 1164 496 971

55 609 183 674 conferre
209 631 282 674 oum
307 610 379 692 ipso
405 609 537 676 domino
563 610 737 692 Zacharia,
763 612 847 677 sicut
871 611 1065 694 volebamus
1091 613 1171 694 quia

1 719 2 788 J
54 719 251 801 reperiremus
276 738 333 783 eos
358 716 414 783 ubi
440 724 558 784 essent.
586 720 727 784 Etcum
755 739 851 803 super
868 717 955 784 sacto
971 717 1170 785 declaranda

1 845 3 863 ’
54 826 134 891 nobis
157 827 256 910 pacis,
281 847 382 910 quam
406 826 500 892 nobis
522 828 601 893 dere
617 827 770 892 volebant
786 847 859 892 cum
876 825 1049 910 colligatis,
1066 826 1171 892 multa

1 929 2 978 ἶ
53 934 138 1000 rerba
161 941 194 1000 ct
218 935 450 1018 replicationes
475 935 560 1001 facte
585 934 719 1001 fuerunt
740 934 816 1000 hinc
832 936 926 1016 inde;
950 933 1092 1000 finaliter
1107 934 1171 1019 ipsi

1 1045 2 1129 ζ
53 1041 237 1107 devenerunt
252 1041 295 1108 ad
311 1044 407 1109 istam
426 1043 674 1127 conclusionem,
690 1042 778 1128 quod
795 1043 884 1110 nullo
900 1042 996 1108 modo
1009 1042 1172 1123 volebant,

1 1135 2 1210 J
52 1170 101 1213 nec
114 1157 264 1234 poterant
290 1152 385 1218 uobis
412 1153 605 1236 promittere
631 1160 752 1218 certam
779 1173 892 1235 pacem
918 1173 990 1217 oum
1007 1151 1170 1236 colligatis

1 1244 2 1288 ³
53 1260 126 1340 suis3
149 1259 205 1324 scd
221 1259 401 1326 offerebant
428 1282 500 1327 earn
516 1281 551 1327 se
568 1261 718 1327 daturam
732 1261 864 1346 justam,
886 1261 1054 1325 honestam
1071 1266 1104 1325 et
1120 1283 1171 1326 re-

1 1373 2 1384 *
53 1368 248 1450 tinnabilem3
271 1375 305 1433 et
320 1368 407 1452 quod
424 1369 574 1434 dominus
590 1367 662 1434 Rex
679 1368 811 1434 deberet
827 1387 897 1432 esse
911 1366 1095 1452 judex,qua
1105 1389 1171 1452 pax

1 1449 2 1544 1
51 1475 125 1539 inter
141 1497 198 1541 nos
215 1482 248 1541 et
264 1475 437 1559 colligatos
463 1482 549 1541 esset
561 1477 661 1560 justa,
687 1475 892 1542 rationabilis
910 1481 942 1541 et
958 1476 1113 1559 honesta3
1138 1481 1171 1541 et

1 1561 3 1614 l
52 1583 127 1665 quod
151 1583 232 1648 bene
259 1585 448 1650 volebamus
474 1585 616 1668 eredere,
636 1584 724 1668 quod
739 1590 914 1669 postquam
932 1603 1073 1650 essemus
1091 1583 1169 1651 facti

51 1691 159 1757 subditi
175 1691 297 1757 domini
312 1692 423 1775 Regis,
439 1693 509 1775 ipse
524 1693 633 1775 potius
649 1692 773 1758 faveret
784 1693 914 1777 juribus
931 1694 1051 1758 nostris
1069 1714 1169 1777 quam

1 1801 2 1884 ᾗ
52 1799 275 1881 colligatorum.
301 1799 357 1864 Ad
383 1820 446 1882 quo
472 1798 707 1883 respondimus,
733 1798 820 1883 quod
846 1800 1065 1884 periculosum
1082 1807 1169 1866 esset

1 1925 2 1998 ᾗ
50 1907 132 1971 nobis
157 1907 409 1988 ultramodum,
435 1907 523 1990 quod
550 1906 697 1973 domiuus
722 1907 795 1973 Rex
821 1914 908 1973 esset
919 1908 1021 1991 judex
1048 1909 1088 1974 do
1109 1909 1170 1975 tali

1 2004 2 2092 f
51 2033 138 2096 paoe;
162 2016 239 2098 quia
263 2037 303 2081 ex
329 2016 392 2081 hoo
416 2016 556 2081 alterum
573 2015 614 2081 de
632 2015 756 2081 duobus
782 2021 982 2099 sequeretur.
1004 2016 1068 2085 Vel
1084 2018 1171 2101 quod

50 2119 186 2188 dominus
203 2124 275 2189 Rex
292 2125 523 2207 pronuntiaret
549 2125 726 2190 secundum
742 2125 917 2209 petitiones
933 2124 1171 2209 colligatorum,

49 2233 96 2312 qui
111 2233 296 2316 allegarent
312 2238 346 2297 et
361 2233 506 2298 dicerent
521 2231 621 2298 fuisse
638 2239 671 2298 et
687 2254 757 2298 esse
774 2233 947 2315 colligatos
964 2232 1089 2297 domini
1105 2233 1171 2299 Re-

51 2339 101 2420 gis,
117 2347 150 2405 et
166 2339 255 2423 quod
269 2338 402 2405 fuerunt
417 2346 450 2404 et
468 2345 543 2405 suut
558 2339 590 2404 in
606 2337 695 2424 justo
710 2338 807 2421 bello,
817 2338 1090 2423 quemadmodum
1109 2339 1171 2405 fuit

49 2444 188 2513 dominus
203 2447 285 2532 Rex,
302 2455 335 2513 et
352 2448 438 2530 quod
455 2469 493 2514 ex
509 2443 571 2513 boo
587 2469 651 2514 non
667 2456 801 2532 possent
817 2448 864 2514 eis
880 2449 1036 2532 denegari
1054 2471 1171 2534 expen-

50 2575 87 2636 se,
101 2561 131 2620 et
148 2557 194 2619 sic
210 2561 360 2639 peterent
385 2577 543 2641 expensas
560 2577 644 2638 quas
661 2555 815 2624 fecissent
831 2558 864 2620 in
880 2558 1022 2642 presenti
1040 2578 1171 2642 guerre,

1 2671 2 2735 l
47 2681 80 2725 ae
94 2662 234 2746 dampna
261 2669 295 2729 et
321 2663 488 2746 interesse,
514 2669 548 2728 et
566 2663 709 2728 facerent
725 2662 823 2728 talem
840 2684 1008 2745 summam,
1024 2663 1113 2746 quod
1131 2687 1171 2730 ne

48 2767 114 2833 dum
131 2771 235 2851 nobie,
255 2771 312 2836 sed
329 2772 428 2836 etiam
440 2770 547 2836 tribus
565 2769 861 2836 Oonrmunitatibus
881 2777 966 2838 esset
980 2770 1113 2838 difficile
1128 2772 1170 2839 ad

1 2908 3 2964 p
47 2876 236 2944 solvendum.
264 2878 326 2946 Vel
351 2879 378 2944 si
405 2878 552 2944 dominus
585 2877 657 2943 Rex
687 2899 753 2944 non
785 2879 974 2945 admitteret
999 2880 1171 2964 petitiones

1 2973 2 3052 l
47 3003 158 3066 eorum,
175 3007 209 3050 se
226 2987 332 3069 ipsum
357 2987 527 3070 judicaret,
553 2985 753 3052 ostendendo
778 2988 886 3068 tacite,
909 2987 996 3069 quod
1013 3007 1077 3052 non
1094 2987 1171 3053 fuis·

47 3101 89 3158 set
112 3096 278 3162 nobiscum
297 3099 331 3161 in
344 3096 435 3180 justo
460 3095 563 3177 bello;
588 3095 677 3180 quod
692 3115 756 3160 non
773 3101 846 3160 erat
862 3093 1057 3160 credendum
1060 3095 1170 3180 ,quod

1 3157 2 3240 1
1 3198 188 3289 dominus
204 3203 276 3268 Rex
292 3226 352 3288 pro
368 3204 491 3270 bonore
516 3225 574 3269 suo
588 3204 713 3269 faceret
727 3204 795 3269 ullo
812 3202 917 3269 modo.
936 3203 1117 3269 Preterea'
1108 3205 1171 3288 rpsi

1 3330 2 3431 p
46 3306 227 3376 dannenses
253 3312 393 3376 maxime
419 3311 564 3395 allegare
579 3318 721 3395 possent,
738 3312 847 3394 quod
840 3312 903 3395 ipsi
917 3313 952 3376 in
967 3317 1072 3379 totum
1090 3311 1171 3377 sece-

1 3459 2 3503 4
45 3420 138 3482 runt
129 3441 164 3483 111
180 3421 327 3503 presenti
354 3441 482 3502 guerra,
509 3421 602 3484 tam
594 3441 626 3483 rn
644 3419 753 3485 dando
779 3419 964 3486 conflictum
981 3421 1084 3503 galeis
1099 3442 1172 3486 nos·

1 3526 2 3594 l
45 3525 99 3590 tris
101 3549 222 3610 ,quarn
240 3529 274 3592 iu
291 3527 449 3610 capiendo
471 3525 632 3610 Olugbrm,
649 3533 681 3591 et
697 3528 764 3593 alia
779 3527 851 3594 loca
866 3535 998 3611 nostra;
1022 3535 1056 3594 et
1071 3529 1171 3594 etiam

45 3638 150 3700 tonent
165 3658 229 3702 nos
246 3637 388 3716 strictos
405 3641 437 3701 et
454 3641 617 3720 occupant
632 3635 727 3700 nobis
743 3657 842 3719 mare,
852 3643 886 3702 ct
896 3581 1016 3704 habedt
1031 3644 1080 3703 tot
1096 3659 1171 3721 cap·

44 3739 121 3807 lieos
137 3750 271 3809 nostros
288 3751 321 3808 et
339 3750 389 3809 lot
414 3745 487 3809 loca
513 3751 643 3827 nostra;
669 3746 717 3809 ita
732 3745 820 3828 quod
836 3745 870 3809 in
889 3765 972 3828 casu,
990 3765 1055 3830 quo
1071 3745 1173 3811 domi·

1 3838 2 3876 ³
44 3866 99 3914 nus
122 3851 197 3916 Rex
223 3851 359 3918 deberet
385 3873 453 3918 csse
476 3853 575 3937 judex
602 3853 643 3919 de
669 3875 747 3937 pace
772 3855 856 3918 inter
873 3875 932 3919 nos
947 3862 978 3918 el
996 3856 1092 3938 ipsoS,
1108 3853 1172 3937 ipsi

44 3956 210 4042 alegarcnt
226 3959 358 4026 dourino
375 3959 470 4044 Regi,
487 3961 572 4044 quod
592 3961 652 4025 nisi
669 3961 738 4044 ipse
750 3960 779 4025 (1(
792 3961 898 4026 minus
909 3961 981 4026 Rex
998 3968 1048 4027 cst
1062 3961 1171 4027 factus

45 4063 199 4134 Dominus
226 4066 453 4150 Venetiaeum,
480 4076 514 4135 et
537 4067 654 4134 babuit
680 4075 804 4134 tantam
829 4069 1011 4152 pecuniam,
1027 4074 1095 4134 tem
1112 4089 1171 4154 pro

1 4201 2 4270 3
44 4179 185 4257 expensis
202 4185 237 4242 et
252 4175 402 4260 dampnis
418 4198 515 4260 quam
532 4197 590 4260 pro
607 4197 723 4258 censu3
742 4177 805 4261 ipsi
821 4177 876 4261 qui
894 4178 986 4260 quasi
1002 4182 1109 4242 toturn
1124 4175 1170 4242 se-

45 4291 161 4370 cerunt,
178 4291 212 4352 et
229 4285 353 4350 babent
377 4292 427 4350 tot
451 4285 597 4367 captivos
625 4283 665 4349 de
691 4286 820 4368 nostris,
836 4293 870 4350 et
886 4293 936 4350 tot
954 4282 1112 4350 Civitates
1137 4293 1184 4350 et·

1 4423 2 4481 3
43 4386 111 4454 lora
126 4400 253 4474 nostra,
271 4398 304 4457 et
320 4397 432 4456 tenent
446 4413 505 4457 nos
523 4393 569 4456 sio
584 4393 724 4472 strictos,
758 4391 799 4457 ad
816 4391 1053 4457 restituendum
1065 4394 1172 4457 omnia

1 4492 2 4576 3
44 4499 198 4584 prediola,
224 4499 328 4565 etad
354 4499 568 4581 elargendum
594 4500 687 4565 nobis
713 4521 812 4580 mare,
838 4499 996 4566 deberent
1015 4498 1173 4567 haberes

1 4698 3 4725 k
47 4607 134 4672 nobis
158 4611 192 4673 in
220 4607 423 4693 quaduplum
448 4606 708 4694 (quadruplum),
725 4631 820 4692 quam
847 4607 998 4674 babuerit
1023 4608 1172 4694 dominus
