3210 5252
10 6 293 146 Γ
385 6 389 12 .

580 367 674 428 1374.
1152 369 1194 428 93

10 613 11 620 Γ
82 540 132 608 lati
154 540 258 608 Caroli
274 537 418 608 Secundi
434 539 575 622 laotam;
597 541 660 624 ipsi
688 539 946 608 Ambaxiatores
966 541 1079 623 aliqua
1095 543 1192 624 repli-

10 641 11 692 ἶ
80 655 196 731 carunt,
217 656 251 714 et
265 670 326 714 nos
345 649 488 732 quedam
508 654 623 714 contra
639 669 678 714 ea
694 648 924 732 allegauimus,
948 667 1010 732 qne
1026 647 1102 714 hino
1118 647 1193 714 inde

10 793 12 816 ι
80 757 154 822 dicta
175 778 269 822 causa
292 754 464 822 brevitatis
480 757 659 824 omittimus
676 757 716 820 de
734 757 888 840 presenti.
905 754 972 822 Sed
987 763 1104 840 postea
1120 755 1193 822 sub·

10 895 12 932 ;
79 866 215 946 iecerunt,
239 863 326 948 quod
352 868 550 930 memoratus
577 860 715 930 Carolus
741 863 814 930 Rex
839 864 988 946 Vngarie
1018 863 1133 948 primo,
1155 870 1189 929 et

10 1011 12 1042 v
81 969 180 1035 deinde
203 970 288 1037 idem
314 971 500 1038 Ludovious
525 970 598 1036 Rex
624 968 816 1054 Principatu
842 967 972 1036 Salerni
1001 977 1033 1036 et
1058 970 1191 1036 Honore

79 1077 187 1142 Montis
203 1076 318 1146 Sancti
332 1077 465 1163 Angeli,
480 1100 541 1146 nec
556 1099 621 1144 non
639 1075 857 1144 Comitstibus
873 1077 1045 1144 Provincia
1061 1085 1095 1145 et
1110 1078 1192 1143 For-

10 1173 13 1268 J
79 1184 215 1267 calquerii
240 1208 280 1252 ac
306 1185 524 1270 Pedomontis,
556 1187 700 1270 quinon
724 1192 883 1252 venerunt
907 1186 941 1250 in
967 1184 1190 1251 declaratione

10 1329 12 1378 ι
78 1291 213 1376 predicta,
229 1293 372 1378 fuerunt,
397 1303 431 1361 et
454 1295 525 1380 ipse
550 1295 622 1360 Rex
647 1299 706 1375 est,
723 1300 757 1360 ut
774 1293 937 1375 dicebant,
956 1293 1100 1358 indebite
1116 1315 1189 1378 spo·

10 1411 12 1490 ss
78 1397 156 1481 liati;
184 1408 217 1468 ot
242 1403 332 1486 quod
357 1401 496 1470 Carolus
524 1401 708 1484 Martellus,
733 1422 816 1484 cum,
840 1406 878 1466 ut
902 1420 1014 1467 eorum
1030 1398 1187 1467 vocabulo

10 1497 12 1560 ἓ
77 1517 188 1574 utamur
212 1510 345 1596 Latino,
361 1509 535 1578 bastardus
551 1532 616 1576 non
632 1509 744 1593 fuerit,
759 1515 793 1576 et
810 1507 949 1577 Carolus
976 1509 1135 1592 Vngarie,
1150 1516 1185 1574 et

10 1619 12 1678 i
76 1612 239 1684 budovicus
264 1617 372 1701 Reges
396 1617 517 1702 prelati
532 1618 698 1703 predictos
723 1617 953 1702 Principatum
968 1623 1003 1683 et
1018 1615 1186 1683 Honorem

75 1719 247 1805 debuerunt,
272 1730 373 1808 prout
395 1726 495 1792 ceteri
520 1724 579 1791 filii
594 1725 737 1792 eiusdem
754 1722 867 1792 Caroli
884 1723 1036 1805 Secundi,
1052 1745 1112 1809 pro
1130 1743 1190 1789 sna

10 1871 12 1910 :
74 1831 204 1911 perbone
228 1831 371 1911 habere;
394 1832 548 1916 dicentes,
574 1832 663 1916 quod
688 1832 831 1898 iamdicti
851 1829 1037 1898 Comitatus
1053 1830 1190 1898 Provin-

77 1938 117 2002 cie
129 1945 159 2002 et
172 1939 402 2025 Ilorcalquerii
420 1962 459 2006 ac
474 1941 693 2007 Pedemontis.
710 1962 775 2007 non
802 1939 993 2024 spectabant
1009 1939 1051 2004 ad
1067 1938 1189 2004 Roma·

10 2039 13 2118 l
73 2065 137 2110 nam
158 2043 350 2131 Ecclesiam,
375 2053 408 2114 et
432 2047 519 2132 qnod
535 2047 719 2132 sepedictus
734 2048 807 2113 Rex
824 2047 972 2131 Vagarie
988 2066 1086 2131 super
1104 2046 1199 2138 ipsis¹

10 2161 12 2256 ζ
74 2149 141 2217 bene
164 2161 417 2239 consequeretur
440 2155 492 2226 ius
518 2177 633 2246 suum;¹
655 2161 689 2220 et
705 2155 802 2239 quod,
821 2154 898 2237 quia
923 2155 1088 2221 notorium
1115 2158 1188 2218 erat

10 2267 12 2334 ι
72 2259 230 2340 prelibatos
256 2262 482 2348 Principatum
509 2270 543 2328 et
558 2261 727 2330 Honorem
745 2261 788 2328 ad
805 2261 1008 2346 supradictos
1025 2258 1181 2328 Carolum

10 2427 13 2450 ,
72 2363 245 2436 Murtellum
262 2377 296 2436 et
312 2367 469 2438 Carolum
485 2369 612 2454 Regem
622 2366 770 2455 Vngarie
782 2370 988 2452 spectavisse,
1005 2376 1037 2435 et
1053 2368 1098 2436 ad
1112 2389 1188 2436 eun·

10 2463 13 2552 j
72 2471 132 2539 dem
154 2477 355 2545 Ludovicum
379 2477 502 2562 Regem
536 2499 621 2544 nnnc
646 2482 811 2562 spectare,
835 2474 927 2542 nobis
952 2477 1187 2561 supplicarunt,

10 2565 12 2668 l
71 2585 101 2644 nt
122 2600 157 2646 er
171 2582 279 2650 officio
304 2591 424 2668 nostro,
446 2584 495 2651 Te
510 2585 609 2652 etiam
626 2606 690 2652 non
715 2590 831 2651 vocata
847 2583 1068 2668 adjudicium,
1084 2583 1189 2652 decla·

11 2745 13 2788 ἶ
71 2705 132 2752 mre
154 2689 372 2776 dignaremur,
395 2693 484 2776 ipsos
515 2693 744 2777 Principatum
760 2697 794 2758 et
818 2691 989 2758 Honorem
1005 2691 1048 2757 ad
1064 2690 1186 2758 dictum

11 2791 13 2874 ἓ
71 2791 176 2878 Regem
200 2799 353 2884 Vngarie
367 2801 553 2883 pertinere;
579 2799 649 2867 Nos
664 2806 775 2867 autem
790 2799 870 2882 ipsis
885 2796 1188 2882 Ambaxiatoribus,

11 2875 13 2964 l
70 2910 153 2982 prout
167 2907 265 2974 etiam
290 2907 454 2974 nonnullis
481 2907 558 2974 aliis
575 2929 635 2992 pro
650 2915 746 2992 parte
763 2907 842 2975 dicti
857 2907 962 2992 Regis
979 2905 1129 2991 Vagaria
1145 2907 1188 2974 ad

70 3032 118 3078 ¹10⁸
147 3015 304 3084 hactenus
347 3014 520 3084 destinatis
555 3039 630 3102 sepe
655 3018 890 3102 respondimus,
921 3037 982 3083 nos
1012 3021 1181 3100 promptos

70 3139 179 3207 semper
204 3130 239 3191 et
264 3131 402 3209 paratos
427 3125 532 3192 eidem
546 3125 632 3209 Regi
649 3147 747 3210 super
763 3125 928 3211 premissis
943 3124 1071 3205 bonam,
1088 3143 1182 3206 expe·

70 3225 157 3296 ditum
180 3255 219 3298 ac
243 3231 462 3300 favorabilem
485 3234 649 3318 justitiam
674 3233 872 3300 ministaare.
898 3231 945 3296 Et
969 3233 998 3297 si
1025 3228 1098 3296 Rex
1117 3231 1187 3314 ipse

13 3401 15 3432 Ι
71 3334 152 3403 vellet
174 3361 213 3406 ac
239 3347 356 3425 posset
379 3363 453 3408 cum
470 3343 525 3425 eis,
542 3342 599 3426 qui
614 3342 650 3406 in
665 3341 728 3407 hac
747 3347 848 3426 parte
868 3347 1057 3422 tanguntur,
1071 3338 1114 3403 ad
1129 3338 1188 3404 ali·

13 3433 18 3514 l
71 3460 150 3522 quem
167 3447 289 3515 bonnm
317 3456 351 3514 et
366 3449 570 3516 amicabilem
588 3449 739 3517 devenire
755 3456 944 3527 tractatum,
961 3449 996 3513 in
1011 3446 1073 3513 hoc
1088 3447 1185 3512 etiam

70 3570 116 3617 uos
137 3555 299 3623 inveniret
324 3555 519 3626 favorabiles
544 3565 579 3625 et
593 3559 759 3644 benignos.
784 3557 909 3626 Verum
926 3557 1081 3642 quoniam
1101 3554 1181 3621 Am·

68 3654 235 3732 unsaros
261 3667 327 3749 ipsi
353 3665 393 3730 de
409 3666 471 3732 hac
489 3675 602 3733 nostra
617 3667 827 3752 responsione
854 3665 1037 3732 contentari
1054 3664 1185 3730 mimine

18 3762 24 3771 ’
66 3767 252 3856 ridebantur,
269 3775 337 3840 imo
363 3794 428 3841 uon
442 3775 640 3843 recedebant
664 3774 703 3841 de
720 3775 872 3842 Romana
896 3771 1007 3854 Curia,
1022 3771 1184 3838 ferventer

14 3883 16 3984 ξ
67 3875 157 3944 adbuc
179 3902 239 3966 pro
265 3886 382 3948 nostra
397 3883 524 3949 meliori
540 3883 748 3968 responsione
764 3882 950 3949 instabant:
967 3879 1048 3962 Nos,
1065 3900 1105 3946 ne
1121 3878 1186 3962 ipsi

14 3997 17 4074 ι
67 3983 136 4048 male
159 3989 305 4054 contenti
322 4010 342 4054 a
359 3987 454 4056 nobis
473 3988 667 4070 recederent,
684 3997 717 4054 et
732 4010 772 4054 ex
787 4009 899 4055 eorum
916 3984 1074 4053 relatibus
1091 4005 1182 4051 scan-

15 4111 16 4140 ι
67 4083 130 4157 dala
151 4095 352 4178 pulularent,
371 4095 530 4164 voluimus
546 4119 645 4183 super
661 4097 829 4183 premissis
845 4117 916 4162 cum
936 4093 1096 4161 fratribus
1112 4113 1184 4157 nos-

15 4195 17 4272 ζ
66 4199 115 4262 tris
130 4198 246 4268 Sancte
262 4203 412 4270 Romane
427 4203 574 4273 Ecclesia
585 4201 818 4272 Cardinalibus
834 4203 1045 4270 maturiorem
1062 4199 1183 4264 delibo-

15 4287 17 4384 ἶ
67 4305 211 4375 rationem
236 4310 368 4377 habere.
393 4311 535 4380 Demum
549 4334 624 4380 vero
641 4335 713 4378 cum
734 4311 857 4378 eisdem
872 4309 1029 4376 iratribus
1046 4328 1185 4374 commu·

16 4449 17 4494 3
66 4411 160 4479 uioato
184 4417 358 4502 superinde
384 4420 531 4504 consilio,
558 4421 653 4487 dictis
671 4417 964 4485 Arnbnxiatoribus
981 4417 1021 4483 de
1040 4417 1184 4500 ipsorum

16 4519 18 4614 f
69 4515 192 4590 fratrum
208 4525 357 4610 consilio,
383 4535 528 4594 nostrum
544 4529 576 4592 in
594 4529 678 4594 huno
694 4527 825 4594 modum
842 4525 989 4592 dedimus
1005 4523 1103 4589 finale
1120 4545 1183 4588 res-
