3248 5242
779 366 1014 430 brrrrottrczmr
1031 358 1199 430 suttune.

952 669 1029 732 433.

428 829 571 895 Parmai
587 829 696 894 Gdbor
713 827 836 913 Anjoui
854 830 952 915 Lojou
976 831 1098 894 re'aze‘re
1124 831 1213 895 Bari
1237 833 1334 894 veros
1357 853 1547 916 parauerun-

426 936 540 1000 tunae
557 961 577 1000 a
593 935 745 1000 ueleaczei
761 937 983 1023 lciizldrsasctq,
1000 963 1021 1002 o
1039 940 1175 1023 Reputo
1194 939 1226 1001 ea
1243 937 1394 1004 Sebeaico
1418 939 1545 1002 verost

649 1043 729 1107 etlen
746 1043 835 1107 emelt
847 1044 1017 1129 paaaaaolc
1034 1045 1223 1131 tdrpydbon.
1243 1047 1338 1109 1391.

534 1200 632 1267 Anno
649 1200 986 1268 MOOOLXXXXI.
1002 1203 1180 1270 indictione
1195 1203 1275 1274 XV.
1291 1205 1344 1270 die
1370 1205 1477 1270 XIII.
1491 1203 1549 1269 Oc·

425 1309 540 1376 lobris.
556 1309 723 1394 Capta:
740 1308 836 1394 Quod
858 1311 1093 1395 respondeatur
1119 1311 1190 1376 istis
1215 1312 1330 1392 literis,
1355 1335 1437 1396 quas
1463 1313 1549 1377 nobis

430 1418 518 1482 misit
533 1415 670 1483 Gabriel
686 1417 726 1482 de
747 1417 869 1484 Parme
895 1416 1096 1503 capitaneus
1122 1425 1156 1485 et
1181 1418 1391 1486 Castellanus
1415 1419 1496 1486 Bari
1519 1421 1548 1484 in

425 1526 486 1591 hac
502 1525 616 1609 forma,
632 1524 784 1592 videlicet
801 1551 807 1591 :

532 1635 728 1722 Recepimus
745 1641 778 1701 et
794 1634 939 1718 plenarie
949 1635 1170 1702 intelleximus
1181 1635 1309 1702 litteras
1321 1643 1446 1703 uestras
1461 1636 1549 1702 Bam

429 1743 525 1810 datas
536 1742 658 1808 decimo
668 1744 789 1809 mensis
805 1741 1005 1827 Septembris
1021 1745 1164 1828 proxime
1180 1743 1274 1829 lapsi,
1289 1767 1347 1829 per
1363 1766 1446 1828 quas
1460 1743 1548 1810 nobis

424 1851 611 1916 officialiter
627 1850 808 1916 denotastis
825 1850 907 1917 velle
923 1871 1052 1916 armare
1078 1851 1166 1917 sueta
1190 1857 1299 1918 vestra
1323 1853 1366 1918 ad
1390 1852 1549 1918 vindican-

425 1960 501 2024 dam
517 1960 669 2024 iniuriam
687 1980 745 2042 per
760 1959 940 2042 Raguseos‚
956 1967 994 2025 ut
1020 1957 1172 2042 scribitis,
1188 1959 1278 2025 vobis
1304 1959 1432 2038 factm,
1448 1960 1550 2043 quiin

419 2072 517 2150 portu
536 2065 711 2134 Venturum
727 2065 846 2132 furtive
856 2074 1038 2150 rapuerunt
1053 2089 1152 2132 unum
1163 2069 1327 2150 navigium
1345 2067 1385 2131 de
1401 2065 1549 2132 Narento

421 2175 579 2240 mercibus
594 2181 775 2256 oneratum,
792 2196 850 2258 per
866 2181 1007 2239 vestram
1018 2173 1146 2257 galeam
1156 2175 1240 2240 iuste
1257 2183 1290 2239 et
1306 2173 1551 2240 racionabiliter

423 2283 627 2364 acquisitum,
644 2289 784 2364 quatuor
801 2281 985 2347 bominibus
1002 2282 1088 2347 dicte
1103 2282 1243 2365 galeote,
1260 2282 1315 2366 qui
1335 2283 1369 2345 in
1386 2303 1424 2346 eo
1449 2291 1549 2359 eraut,

421 2392 569 2474 nequiter
601 2389 791 2471 trucidatis3
815 2396 849 2454 et
880 2389 1031 2455 similiter
1061 2413 1119 2474 per
1138 2388 1348 2469 SibenzauoS,
1375 2390 1431 2472 qui
1461 2391 1550 2454 iuxtn

420 2505 561 2564 montem
577 2495 770 2582 Garganum
787 2495 960 2580 quemdam
977 2505 1116 2564 vestrum
1134 2497 1354 2580 brigentinum
1371 2496 1551 2563 inimicabi-

420 2607 495 2672 liter
510 2607 724 2672 abstuleruut.
742 2604 797 2670 Ad
813 2628 893 2691 quas
904 2607 1110 2691 presentibus
1121 2607 1361 2690 respondemus³
1378 2606 1467 2690 quod
1484 2629 1555 2671 mo·

419 2715 535 2780 loetum
552 2714 646 2779 nobis
662 2714 724 2780 luit
739 2721 771 2778 et
797 2721 855 2798 est,
870 2715 957 2798 quod
985 2715 1133 2799 Ragnsei
1150 2721 1182 2780 et
1208 2713 1383 2780 Sibenzani
1401 2713 1553 2798 predicti,

422 2825 471 2890 rel
487 2823 680 2907 quicumque
698 2822 753 2887 alii
770 2821 917 2888 fecerunt
928 2822 978 2887 vel
990 2821 1255 2905 laciantaliquid,
1274 2821 1361 2905 quod
1378 2822 1473 2887 nobis
1491 2823 1556 2888 dis-

421 2933 549 3016 pliceat,
565 2939 597 2996 et
614 2933 657 2996 sit
671 2939 789 2996 contra
804 2929 949 2996 debitum
968 2931 1127 3012 racionis3
1145 2937 1178 2996 et
1203 2936 1379 3014 propterea
1394 2929 1557 2994 informa-

420 3041 526 3105 bimus
543 3037 758 3123 Capitaneum
774 3045 921 3104 nostrum
938 3036 1067 3123 Oulplry
1093 3038 1132 3104 de
1157 3037 1216 3116 bis³
1243 3059 1307 3121 que
1333 3037 1427 3102 nobis
1452 3038 1552 3104 dictis

421 3149 537 3213 vestris
553 3147 656 3212 literis
673 3142 872 3234 denotastist
889 3154 921 3212 et
937 3147 1174 3213 committemus
1184 3145 1297 3228 eidem,
1328 3147 1425 3231 quod,
1452 3169 1556 3230 qnam

422 3259 558 3322 celerius
573 3257 703 3339 poterit,
720 3278 753 3320 se
769 3255 900 3320 studeat
917 3256 1093 3322 informare
1110 3256 1150 3320 de
1162 3256 1301 3321 veritate
1318 3255 1553 3338 predictorum,

422 3373 455 3431 et
470 3365 592 3449 habito,
608 3364 695 3448 quod
711 3364 759 3430 ita
776 3364 825 3444 sit,
842 3347 976 3429 inducat
992 3371 1024 3432 et
1039 3366 1188 3430 hortetur
1206 3363 1466 3429 Communitates
1487 3385 1558 3447 pre

422 3474 536 3555 dictes,
562 3471 651 3557 quod
667 3471 775 3537 iacere
800 3471 940 3537 debeant
965 3472 1007 3552 id,
1033 3471 1119 3555 quod
1144 3472 1266 3536 iustum
1292 3477 1325 3535 et
1350 3469 1555 3536 racionabilr

421 3581 527 3664 fuerit,
544 3589 580 3647 ut
597 3603 659 3646 non
675 3580 825 3646 habeatis
841 3581 959 3644 iustam
976 3600 1107 3645 causam
1129 3578 1268 3661 querele.
1281 3578 1408 3643 Tamen
1426 3577 1470 3644 ad
1491 3578 1556 3643 fac-

421 3697 490 3755 tum
507 3689 700 3754 armamenti
719 3687 817 3753 vestri
843 3687 990 3770 predicti,
1015 3685 1190 3752 Nobilitati
1207 3685 1326 3753 Vestre
1344 3686 1497 3768 dicimuS,
1516 3687 1558 3750 si·

421 3805 475 3862 cut
491 3797 573 3861 alias
599 3797 662 3860 dici
689 3795 823 3859 fecimus
848 3816 907 3877 per
923 3801 1071 3859 nostrum
1091 3792 1264 3874 Nunnium,
1292 3799 1325 3858 et
1349 3801 1467 3877 postea
1498 3816 1556 3879 per

422 3905 634 3989 Capitoneum
653 3901 883 3986 supradictum,
899 3903 986 3984 quod
1010 3901 1099 3968 nullo
1127 3901 1221 3966 modo
1247 3902 1445 3967 intendimus
1480 3901 1559 3967 tole

422 4013 607 4097 ra1·e,quod
625 4034 689 4094 ros,
706 4011 852 4094 Rugusci
862 4011 912 4075 vel
921 4012 978 4076 alii
989 4013 1079 4076 intra
1089 4009 1254 4094 Oulphum
1265 4015 1414 4074 nostrum
1426 4015 1560 4074 arment

422 4122 533 4204 aliqua
558 4121 655 4199 iusta,
681 4141 744 4202 que
769 4121 940 4204 piraticam
957 4119 1080 4185 faciant
1106 4120 1139 4182 in
1165 4118 1321 4183 damnum
1348 4118 1559 4200 navigiorum

423 4229 626 4294 subditorum
658 4234 691 4294 et
722 4227 880 4293 bonorum
906 4235 1103 4306 nostrorum,
1129 4247 1188 4291 nec
1211 4225 1350 4290 aliarum
1378 4225 1560 4310 quarumli-
1608 4251 1613 4256 ·

420 4333 475 4401 bet
491 4336 669 4416 notionum,
686 4357 749 4420 que
765 4357 838 4401 cum
855 4337 992 4419 navigiis
1009 4334 1150 4400 ethonis
1167 4335 1232 4399 suis
1258 4337 1393 4400 veniant
1409 4331 1450 4400 ad
1470 4329 1561 4398 Ciri-

421 4450 521 4508 tatem
539 4451 693 4524 nostram,
710 4443 758 4508 rel
775 4443 814 4508 de
831 4465 870 4508 ea
886 4443 1048 4524 recedant,
1065 4449 1199 4526 propter
1216 4443 1360 4507 rationes
1386 4449 1471 4508 tunc
1498 4459 1559 4522 per

421 4551 542 4616 dictum
561 4558 703 4616 nostrum
722 4549 884 4616 Nunnium
901 4549 1089 4634 explicatas.
1117 4551 1160 4616 Et
1185 4549 1319 4635 quando
1346 4545 1559 4616 contraderet
