3226 5254
715 349 950 396 nu‘nounczmr
967 338 1133 394 auribnus.

899 637 971 701 165.

425 800 587 866 Beltranol
604 801 636 864 a
652 799 865 865 Siudaldnuk
882 825 903 864 a
912 799 1071 887 florenczi
1088 800 1311 886 lcdztdrruedp.
1339 801 1442 865 1380.

471 958 738 1027 Pistoriensibus.
764 958 927 1044 Astorgis.
957 958 1101 1026 Domino
1133 959 1326 1026 Beltrando.
1361 959 1520 1028 Domino

369 1069 548 1137 Simbeldo.

475 1175 584 1244 Amici
600 1177 773 1244 karissimi.
800 1177 926 1244 Gentes
949 1177 1083 1262 Ungarc
1100 1199 1173 1243 cum
1189 1178 1309 1242 nostris
1327 1176 1520 1244 rebellibus

371 1292 405 1351 et
420 1285 566 1353 bannitis
577 1287 710 1352 veniunt
726 1286 759 1351 in
776 1285 979 1352 territorium
990 1283 1173 1366 Arcturum,
1190 1284 1232 1351 ad
1249 1293 1362 1352 nostra
1374 1286 1521 1366 damna,

373 1395 400 1460 si
418 1399 582 1478 poterunt,
598 1415 799 1479 processura
817 1391 913 1478 Quod
929 1417 969 1460 ne
984 1395 1090 1480 possit
1105 1393 1262 1474 accidere,
1280 1395 1380 1458 totius
1390 1400 1519 1477 poten·

369 1504 415 1568 tie
440 1509 551 1568 nostre
577 1502 677 1570 robur
701 1503 900 1569 intendimus
925 1504 1006 1587 ipsis
1033 1509 1067 1569 et
1091 1501 1230 1570 viriliter
1246 1508 1280 1568 et
1295 1501 1449 1585 feliciter,
1479 1511 1519 1568 ut

373 1632 551 1694 speramus,
576 1611 725 1693 obiicere,
750 1613 958 1696 ipsorumque
975 1611 1124 1677 nefandis
1140 1609 1281 1676 consiliis
1297 1609 1446 1676 obviare.
1465 1613 1518 1678 Et

373 1719 414 1785 ob
431 1720 465 1784 id
482 1721 652 1785 caritatem
679 1725 819 1786 vestram
846 1720 1041 1805 requirimus
1059 1727 1092 1786 et
1109 1741 1270 1804 rogamus,
1291 1725 1461 1801 quatenus
1479 1722 1517 1785 in

372 1835 495 1911 quanto
512 1829 628 1894 maiori
653 1850 785 1894 numero
811 1830 950 1912 potestis
976 1829 1129 1913 equitum,
1146 1833 1257 1894 vestra
1273 1825 1422 1893 subsidia
1438 1827 1516 1911 pla-

372 1941 445 2002 ceat
460 1935 503 2002 ad
520 1942 666 2002 nostram
692 1935 923 2018 defensionem,
949 1958 1013 2020 que
1039 1936 1187 2020 profecto
1212 1942 1321 2001 vestra
1341 1941 1399 2016 est,
1417 1937 1515 2000 omni

373 2067 444 2111 cum
460 2045 628 2111 celeritate
644 2045 879 2128 transmittere,
896 2045 1062 2129 nobisque,
1089 2045 1173 2110 sicut
1188 2043 1229 2110 de
1246 2044 1421 2110 dilectione
1439 2066 1514 2110 ves·

369 2160 424 2219 tra
449 2152 645 2233 confidimus,
672 2155 706 2218 in
730 2153 792 2220 hoc
817 2154 1021 2222 necessitatis
1057 2151 1198 2220 articulo
1231 2153 1363 2218 realiter
1393 2153 1513 2218 subve-

373 2263 455 2327 nire.
480 2261 571 2327 Data
595 2261 766 2328 Florentie
791 2261 843 2329 die
871 2260 991 2328 VIIII.
1019 2260 1222 2346 Septembris
1246 2259 1311 2326 111.
1328 2259 1513 2326 indictione

374 2365 658 2434 mooun-XXX.

372 2515 407 2576 (A
433 2515 570 2581 »Signorn
584 2515 739 2580 Garteggie,
752 2516 879 2566 minuive«
892 2517 944 2565 etb.
965 2517 1039 2566 XIX.
1055 2515 1203 2580 kbtegebu'l
1217 2521 1259 2566 39.
1274 2527 1311 2564 ez.
1326 2530 1359 2575 a,
1374 2529 1391 2563 a
1406 2513 1512 2564 floren·

758 2605 810 2668 ¹czi
823 2620 897 2671 uegy
910 2605 1103 2668 leveltarban.)

857 2767 893 2775 —-
902 2767 908 2772 .
921 2767 964 2774 ...-
988 2767 1004 2773 ¹.-

905 2913 977 2972 166.

497 3076 526 3139 Α
541 3075 664 3161 perurat
680 3075 820 3161 ‹lopeaek
837 3099 859 3139 a
874 3073 1026 3155 florescat
1042 3073 1261 3158 kdztdreoedp.
1292 3074 1383 3136 1380.

589 3233 674 3314 Duci
690 3234 715 3300 J
718 3235 860 3302 aunensi.

482 3339 657 3423 Magnifice
674 3349 705 3405 et
722 3340 862 3406 Excelse
877 3339 1029 3424 Domine,
1046 3341 1149 3407 frater
1165 3348 1199 3406 et
1215 3343 1317 3408 amice
1327 3340 1511 3408 karissime.

376 3448 441 3514 Per
460 3469 507 3530 ea,
525 3469 586 3530 que
603 3447 764 3532 fidedigne
784 3450 1002 3539 percepimus,
1018 3450 1169 3515 dominns
1194 3449 1377 3516 Baldassar
1393 3449 1512 3534 Spino-

373 3557 435 3642 lus‚
451 3577 517 3622 uua
534 3577 607 3620 oum
623 3553 768 3640 Ungaris
785 3563 833 3621 est
850 3556 890 3622 ad
909 3558 1007 3623 vestri
1025 3555 1215 3624 Communis
1231 3559 1368 3625 servicia
1383 3560 1511 3644 profec-

374 3673 477 3730 turus·
496 3662 597 3730 Cuius
622 3665 669 3730 rei
696 3686 795 3730 causa
810 3687 868 3749 per
893 3665 1047 3733 Tusciam
1064 3666 1144 3732 velle
1162 3667 1281 3732 dicitur
1295 3670 1509 3752 pertransire.

373 3773 421 3838 ut
437 3774 591 3858 quoniam
607 3773 687 3840 certi
704 3794 823 3856 eumue,
840 3775 1010 3841 caritatem
1027 3782 1169 3842 vestram
1179 3776 1288 3844 omnia
1298 3782 1411 3844 nostra
1421 3798 1509 3842 com·

374 3882 480 3965 moda,
496 3903 560 3946 non
578 3882 682 3946 minus
708 3903 807 3965 quam
832 3882 930 3947 vestri
958 3881 1156 3966 Communis,
1181 3883 1345 3950 ferventer
1362 3891 1392 3949 et
1411 3885 1512 3950 reali·

376 3995 426 4055 ter
443 3996 607 4073 exoptare,
623 3989 864 4057 fraternitatem
881 3997 1022 4058 vestram
1038 3992 1273 4058 instantissime
1283 3993 1509 4078 deprecamur,

375 4103 535 4182 quatenus
551 4119 661 4163 amore
677 4099 781 4163 nostri
797 4098 928 4184 placeat
944 4097 1048 4164 eidem
1065 4099 1195 4164 domino
1211 4099 1424 4165 Baldassarri
1447 4123 1508 4184 per
1608 4115 1609 4140 ³

377 4209 507 4269 vestras
522 4203 649 4270 litteras
660 4211 818 4288 oportune
829 4208 1008 4291 precipere,
1018 4206 1106 4290 quod
1126 4207 1167 4272 ab
1178 4209 1314 4274 introitu
1325 4209 1430 4272 nostri
1443 4215 1509 4274 ter-

379 4313 488 4378 ritorii
498 4313 617 4379 debeat
628 4335 702 4380 cum
713 4313 808 4380 dictis
819 4314 969 4398 gentibus
980 4315 1155 4380 abstinere.
1167 4315 1327 4400 Quoniam
1340 4316 1367 4380 si
1378 4319 1511 4382 territo·

379 4422 463 4487 rium
475 4429 630 4504 nostrum,
641 4423 911 4508 sicutapluribus
928 4423 1303 4504 affirmatur,intrarent,
1319 4447 1383 4491 non
1398 4433 1507 4509 posset

380 4550 459 4614 gens
476 4527 533 4595 illa
549 4527 706 4613 predictis
732 4530 869 4612 damme,
893 4539 995 4615 etque
1021 4531 1063 4598 ab
1090 4531 1162 4600 aliis
1179 4532 1390 4619 displicentiis
1408 4533 1510 4600 absti-
