3210 5252
554 366 649 430 1374.
1124 363 1164 428 'l‘l

70 547 140 624 tibus,
153 545 453 626 Jmisdiccionibus,
469 544 612 627 Jndicijs
629 550 663 608 et
678 543 891 609 citacionibus
912 545 1052 608 oninium
1071 544 1168 608 Pala-

71 654 185 736 tinomm‚
209 651 486 732 Cast-ellanorurn,
511 653 677 732 sucinum,
703 651 916 736 Subjurlieum
941 651 1049 734 Regni
1065 653 1168 716 nostri

69 767 92 825 et
110 761 291 827 tll'ticialium
319 761 524 841 corumdem
548 761 596 826 ita
621 759 708 844 quod
733 781 844 825 eoram
869 761 957 843 ipsis,
983 760 1031 826 vel
1059 781 1168 826 coram

15 917 16 950 5
69 869 152 951 aliquo
165 891 223 952 pro
239 870 347 934 causis
372 870 501 952 maguis
518 875 549 934 et
567 869 690 952 parnis
716 867 903 950 putat'urti,
920 867 1098 948 sanguinis,
1114 867 1169 932 ho·

69 976 170 1060 uicidii,
184 984 214 1041 et
241 977 317 1042 aliis
344 975 587 1060 quibuscunque
613 976 706 1041 citati
733 976 863 1040 minime
889 976 1094 1059 respondere,
1119 975 1169 1038 vel

67 1083 165 1166 aliquas
177 1105 281 1167 penas
298 1085 426 1150 soluere
443 1085 507 1149 sint
523 1084 692 1165 adstricti3
717 1083 774 1148 sed
790 1091 918 1150 tantum
935 1085 1121 1150 emethones
1138 1090 1169 1148 et

68 1191 145 1256 incole
157 1191 299 1275 predicte
317 1192 394 1256 ville
410 1213 519 1258 coram
536 1193 681 1276 ipsorum
699 1191 855 1273 Sculteto,
872 1193 927 1275 qui
944 1214 1003 1276 pro
1023 1199 1170 1274 tempore

66 1297 155 1378 luerit,
177 1299 344 1365 Scultetos
362 1320 437 1365 vero
454 1321 565 1364 eoram
582 1297 699 1380 Nobis,
717 1305 774 1364 aut
791 1298 923 1364 Judicio
940 1306 1053 1365 nostro
1065 1297 1169 1363 Gene-

69 1405 201 1487 1·ali,rlu1u
219 1416 332 1474 tamen
348 1428 408 1492 per
425 1406 569 1472 litteram
584 1412 698 1472 nostro
715 1406 822 1490 sigillo
839 1407 1001 1489 signatam
1014 1415 1169 1472 euocatus

67 1512 150 1593 luerit,
164 1523 239 1579 tunc
256 1515 297 1580 de
315 1537 349 1579 se
366 1514 613 1597 querulantibus
630 1535 688 1579 suo
701 1515 776 1598 jure
793 1516 939 1598 predicto
951 1516 1169 1599 respondebit

66 1618 95 1684 ln
107 1623 197 1686 causis
216 1629 328 1688 autem
343 1621 567 1686 criminalibus
583 1629 615 1686 et
630 1621 828 1704 capitalibus
845 1623 993 1706 superins
1010 1623 1170 1705 expressis

66 1727 148 1794 eidem
164 1729 311 1795 Sculteto
334 1728 511 1813 judicandi,
533 1728 761 1810 sententiandi,
778 1730 1012 1794 condemnandi
1031 1738 1064 1795 et
1079 1731 1171 1812 puni-

65 1835 121 1900 endi
134 1837 258 1920 plenam
277 1845 309 1901 et
326 1837 546 1902 omnimodam
572 1835 685 1902 damus
713 1844 920 1919 potestatem,
935 1843 1034 1920 prout
1050 1837 1170 1902 dictum

64 1943 114 2007 lus
127 1944 357 2011 Theutonicum
375 1945 407 2009 in
425 1945 574 2010 omnihus
590 1945 740 2010 articulis
759 1947 835 2024 suis,
853 1945 1009 2010 clausulis
1025 1953 1057 2009 et
1074 1967 1171 2029 punc·

63 2053 95 2115 tis
119 2054 255 2135 postulat
288 2060 320 2117 et
353 2055 508 2136 requirit3
538 2053 666 2136 juribus
691 2053 809 2118 nostris
834 2053 1015 2138 Regalibns
1046 2075 1172 2137 semper

63 2158 153 2222 saluis.
167 2161 203 2225 ln
221 2183 364 2246 quorum
388 2162 606 2225 testimonium
633 2163 862 2243 premissorum
886 2169 1054 2245 presentes
1075 2159 1171 2227 scribi

62 2264 173 2334 t'ecimus
188 2276 219 2335 et
236 2269 342 2334 nostri
361 2270 461 2352 sigilli
478 2271 673 2354 appensione
690 2271 850 2336 roborari.
868 2269 990 2335 Actum
1007 2281 1039 2336 et
1056 2271 1169 2336 datum

62 2371 192 2441 tracorie
218 2379 253 2442 in
282 2384 402 2442 octaua
428 2375 624 2444 Sanctorum
651 2378 740 2443 Petri
767 2385 799 2443 et
818 2379 916 2445 Pauli
932 2379 1170 2464 Apostolorum

62 2501 130 2544 amm
154 2481 288 2550 Domini
328 2486 500 2550 millesimo
525 2487 753 2552 trecentesimo
778 2489 1018 2570 septuagesimo
1044 2495 1171 2571 quarto.

62 2586 256 2660 Presentibus
275 2595 378 2660 Petro
395 2593 663 2676 Sandomiriensi,
690 2594 857 2662 Dobeslao
881 2595 1092 2662 Oracouiensi
1108 2596 1172 2661 Pa-

59 2695 160 2783 latinis,
183 2703 364 2768 Bsrthosio
392 2703 432 2769 de
458 2702 637 2786 Solrolowo‚
670 2705 733 2768 alio
765 2703 947 2770 Barthosio
977 2703 1172 2788 Visemberg

60 2803 227 2888 t⁸apitcneis
255 2814 378 2878 nostris
406 2811 663 2893 (luiariensibus,
690 2811 874 2877 Laurencio
907 2813 947 2878 (le
979 2814 1174 2887 Bodzanow,

59 2908 217 2983 Sbiszlrone
234 2919 277 2985 de
294 2917 473 3002 Daponon·‚
500 2925 532 2983 et
557 2921 630 2984 aliis
646 2919 740 2984 valde
757 2920 876 2984 multis
893 2920 1017 2986 Datum
1033 2941 1091 3004 per
1107 2941 1173 2985 ma·

57 3039 104 3084 nus
124 3023 309 3092 Reverendi
334 3027 396 3090 riri
421 3027 543 3092 domini
567 3026 716 3092 Jannssii
744 3027 943 3093 Cancellarii
959 3037 989 3093 ct
1007 3027 1173 3112 Prepositi

58 3125 276 3200 cracoviensis.

55 3275 82 3327 m
96 3277 262 3343 liruszynski
288 3281 407 3330 Pomion
431 3280 584 3331 unos-fele
606 3279 833 3346 gyltjtemenybol
858 3283 968 3333 ktlzolte
992 3284 1079 3332 velem
1094 3281 1172 3332 Pauli

434 3371 553 3434 Zsagota
568 3371 665 3422 krakoi
681 3373 782 3434 ludos)

533 3535 691 3544 --u—-u—-n

588 3699 638 3760 72.

15 3841 17 3846 ⁸
54 3848 216 3942 Eljepyzu'si
251 3857 394 3942 olmo'ny
430 3857 454 3919 Ι.
482 3857 580 3944 Lojos
610 3879 750 3944 propper
774 3859 806 3921 ris
832 3855 955 3942 leopyrl
991 3856 1174 3943 lcinllynok

51 3963 131 4046 eppit
156 3965 294 4052 lctinya,
312 3967 345 4028 c's
366 3964 462 4049 Lnjos
483 3965 519 4029 V.
536 3967 662 4052 Kdroly
671 3961 834 4045 fraeczia
851 3964 1032 4051 lcirdlyuolr
1049 3963 1175 4029 incisori·

402 4071 604 4155 salllctetlfia
620 4073 700 4135 lco'zr.
727 4075 830 4137 1374.

142 4232 183 4297 In
209 4231 338 4297 nomini
365 4229 498 4296 Domini
530 4231 647 4296 Amen.
673 4230 738 4295 Per
765 4231 825 4296 hoo
850 4251 984 4316 presens
1009 4229 1173 4314 publicum

48 4335 293 4405 iostmmentum
319 4341 446 4405 cunctis
472 4339 639 4405 euidenter
664 4341 709 4404 sit
724 4347 845 4419 notum,
864 4339 950 4421 quod
968 4359 1054 4404 armo
1071 4359 1091 4403 a
1107 4337 1175 4402 Na·

49 4444 164 4511 tiritate
180 4447 332 4514 eiusdem
353 4447 487 4512 Domini
504 4447 676 4513 millesimo
692 4449 919 4512 trecentesimo
937 4445 1175 4529 septuagesimo

49 4562 165 4638 quarto,
193 4557 380 4620 indictione
408 4555 607 4638 duodecima,
639 4555 692 4619 die
724 4554 849 4618 ‹locima
875 4556 994 4618 mensis
1021 4552 1174 4638 Augusti.
