3214 5250
530 311 535 318 ‘
597 329 691 394 rasi.
1148 326 1211 392 em

72 513 108 571 et
125 504 341 590 prestiterunt
366 509 498 576 cuilibet
524 507 715 573 alienationi
734 515 765 572 ιι
785 529 840 572 seu
858 509 1054 573 concessioni
1072 509 1121 572 vol
1140 509 1213 574 snb-

68 617 220 682 missioni
248 617 333 683 secte
359 641 418 701 per
445 639 680 700 quemcumque
696 640 751 681 seu
773 639 992 699 quoscumque
1011 617 1101 682 dicto
1119 617 1214 681 (lorn-

67 725 164 788 muni
181 727 347 791 Florentio
364 728 414 791 vel
430 727 486 791 alii
503 749 563 810 pro
587 727 659 809 ipso
685 727 857 791 t'ommuni
874 727 1044 809 recipienti
1061 727 1102 790 de
1122 726 1210 789 dicta

68 829 229 914 Ciuitate,
247 832 417 901 Comitatu
436 842 469 900 et
487 835 652 900 Districtu
664 832 774 916 Aretij
787 841 820 896 et
830 835 894 897 suis
906 833 1029 912 castris,
1045 832 1215 910 fortilitiis‚

69 939 271 1024 bominibus,
300 945 455 1036 personis,
483 944 613 1026 juribus
646 949 679 1007 et
704 942 907 1025 pertinentiis
947 943 1215 1024 quibuscumque.

65 1039 115 1114 Et
133 1049 268 1132 insuper
285 1053 384 1116 etiam
402 1051 612 1134 solempniter
623 1051 842 1134 promiserunt
853 1059 883 1114 et
895 1071 953 1114 con
967 1056 1132 1130 uenerunt,
1150 1050 1214 1113 dic-

65 1157 111 1240 tis
129 1157 280 1225 Jannino
306 1167 338 1224 et
365 1159 559 1225 'taddeo-et
585 1160 675 1225 nobis
702 1159 852 1224 Notariis
879 1159 1034 1242 predictis
1058 1165 1090 1222 et
1107 1158 1210 1222 infra·

66 1265 223 1348 seriptis,
248 1274 285 1331 ut
310 1290 418 1351 supra,
444 1269 687 1354 recipientibus,
706 1267 827 1332 dictum
843 1267 1019 1333 Commune
1045 1267 1212 1331 Florentio

64 1381 126 1436 aut
144 1373 245 1440 alium
262 1398 323 1459 pro
340 1397 387 1458 eo,
404 1384 437 1441 et
454 1378 557 1460 ipsam
576 1373 752 1441 Civitatem
764 1374 881 1456 Aretii,
899 1387 930 1441 et
947 1399 1004 1440 seu
1016 1376 1084 1439 cius
1097 1373 1204 1439 Comi-

61 1486 141 1546 atus
155 1489 187 1546 ιι
200 1481 394 1566 Districtus‚
408 1498 444 1554 ¹et
461 1507 518 1550 seu
534 1485 680 1550 homines
697 1491 731 1549 et
745 1507 902 1568 personas
920 1505 975 1548 cor
987 1481 1125 1563 umdem,
1153 1489 1210 1547 aut

65 1597 190 1670 eastra,
201 1591 354 1656 sortilitia
371 1594 422 1657 rel
439 1594 510 1657 iura
522 1615 578 1657 seu
588 1595 803 1676 pertinentias
818 1593 857 1656 dc
868 1599 975 1656 cetero
988 1591 1053 1654 ullo
1063 1597 1210 1672 tempore

64 1719 132 1761 non
146 1698 320 1763 molestare
331 1699 381 1763 uel
391 1701 581 1782 inquietare,
593 1721 652 1764 nec
663 1701 865 1781 questionem
882 1697 932 1762 rel
951 1701 1208 1762 controversiam

65 1807 107 1869 de
117 1805 195 1889 jure
206 1806 255 1870 vel
268 1806 307 1871 de
317 1806 403 1872 facto
414 1829 544 1872 mouere
555 1808 606 1872 vel
619 1809 738 1872 moueri
749 1809 864 1886 facere,
876 1829 932 1871 seu
944 1807 1137 1886 consentire,
1153 1807 1209 1872 sed

63 1921 227 1996 perpetuo
239 1915 357 1980 dictam
370 1915 586 1998 donationem,
598 1917 845 1998 concessionem,
864 1922 895 1980 et
911 1917 1018 1978 omnia
1035 1921 1067 1977 ιι
1083 1914 1209 1996 singula

64 2024 295 2104 suprascripta
306 2023 398 2088 firma
410 2025 667 2105 ctrntalmbere,
679 2031 710 2088 et
721 2032 831 2089 tenere
850 2032 880 2087 et
897 2023 1076 2102 observare,
1094 2029 1127 2085 ιι
1143 2023 1198 2084 ba-

62 2131 140 2195 beri
154 2131 302 2195 etteneri
317 2139 349 2195 et
360 2132 529 2196 observari
539 2131 655 2197 facere.
667 2135 711 2197 Et
723 2131 809 2214 quod
820 2132 919 2194 etiam
930 2130 1035 2193 dictus
1048 2129 1196 2192 dommus

63 2238 249 2304 Ladislaus
275 2241 348 2304 Rex
373 2240 459 2304 infra
485 2263 614 2322 armum,
639 2249 811 2323 postquam
835 2240 898 2302 crit
914 2239 1012 2302 etatis
1030 2237 1204 2320 legigtime

62 2346 248 2413 ratificabit
273 2356 453 2431 presentem
468 2349 673 2415 donationem
685 2348 924 2424 etmendatum,
943 2346 982 2408 de
998 2366 1060 2428 quo
1077 2343 1110 2407 in
1126 2366 1197 2427 pre-

63 2457 155 2521 senti
176 2464 348 2522 contraetu
373 2458 409 2523 fit
434 2461 564 2539 mentio,
582 2465 615 2522 ιι
632 2463 818 2522 contentum
834 2457 867 2518 in
886 2456 940 2534 cis,
957 2458 990 2516 et
1016 2453 1123 2516 omnia
1151 2473 1200 2515 su·
1285 2485 1289 2492 ·

63 2565 256 2649 proscripta
273 2571 306 2630 ιι
325 2565 545 2649 infrascripta,
563 2573 595 2630 et
611 2566 720 2630 omnia
737 2573 770 2629 et
787 2562 915 2646 singula
932 2561 1007 2624 inde
1024 2565 1135 2624 secuta
1146 2581 1204 2641 per

62 2671 234 2757 publicum
252 2675 503 2738 instrumentum
515 2673 719 2737 scribendum
730 2679 762 2736 et
772 2669 953 2753 rogandum
964 2690 1062 2732 manu
1078 2667 1205 2732 Publici

63 2781 212 2866 Notarij,
229 2783 277 2847 ita
293 2782 379 2864 quod
396 2781 483 2847 infra
493 2783 616 2847 dictum
627 2787 755 2863 tempus
767 2788 797 2844 ιι
810 2779 981 2842 terminum
993 2781 1201 2858 presentetur

62 2894 99 2957 in
118 2891 253 2975 publica
268 2891 374 2956 forma
392 2891 531 2956 dominis
544 2888 712 2954 Prioribus
724 2889 857 2953 Artium
876 2893 906 2951 et
927 2885 1117 2950 Vexillifero
1128 2885 1153 2948 J
1155 2905 1206 2947 ns-

5 3017 10 3024 ’
62 3003 140 3066 titie
167 2999 245 3064 dicti
272 2998 460 3065 Communis
485 2999 662 3079 Florentio,
679 2997 734 3080 qui
752 3017 811 3078 pro
838 3001 985 3076 tempore
1001 2992 1130 3055 fuerint.
1158 2991 1203 3055 Ει

62 3109 253 3194 predictam
271 3109 490 3190 donationem,
516 3108 763 3184 concessionem,
780 3111 812 3170 ιι
828 3099 935 3167 omnia
952 3108 982 3164 et
1001 3099 1128 3181 singula
1154 3119 1203 3162 su-

63 3218 258 3302 prascripta
275 3224 307 3280 et
323 3217 535 3299 infrascripta
563 3223 595 3280 et
616 3215 786 3298 quodlibet
803 3213 945 3295 ipsorum
962 3207 1100 3292 predicti
1118 3215 1203 3270 acto-

62 3349 121 3392 res
154 3334 187 3390 et
210 3333 449 3410 procuratores,
475 3324 579 3389 modis
597 3333 630 3389 et
648 3323 841 3400 nominibus
869 3319 984 3402 quibus
1003 3337 1112 3398 supra,
1127 3336 1202 3397 pro-

9 3485 11 3490 .
61 3437 226 3501 miserunt
252 3443 285 3499 ιι
312 3433 522 3516 solempniter
549 3436 767 3498 convenerunt
793 3428 889 3492 dictis
905 3425 1050 3490 daunino
1067 3428 1099 3486 et
1117 3421 1201 3486 Tad-

63 3547 140 3622 de0‚
157 3549 188 3606 et
205 3543 297 3609 nobis
322 3543 481 3625 predictis
507 3541 654 3606 Notariis
672 3543 707 3602 ut
724 3535 861 3621 publicis
891 3533 1047 3616 personis,
1064 3538 1096 3594 et
1114 3529 1203 3593 cuili-

63 3655 125 3718 bet
142 3657 288 3716 nostrum
316 3654 351 3716 in
378 3649 526 3732 solidum,
541 3655 577 3712 ut
595 3669 702 3730 supra,
718 3643 948 3727 recipientibus
966 3651 999 3704 et
1016 3637 1197 3721 stipulanti-

61 3764 126 3828 bus
145 3761 320 3840 attendere,
338 3759 520 3835 obseruare,
546 3763 579 3820 et
605 3778 676 3818 cum
693 3752 809 3818 effectu
827 3751 1015 3832 adimplere,
1033 3753 1065 3810 et
1081 3755 1196 3809 contra

63 3871 99 3934 in
119 3868 232 3950 aliquo
250 3889 313 3932 non
330 3867 443 3931 fecisse
470 3885 527 3928 nec
553 3865 686 3940 uenisse,
703 3883 761 3924 nec
777 3861 809 3922 in
827 3859 971 3922 futurum
989 3855 1077 3934 dare,
1093 3853 1202 3916 lacero

65 3977 120 4042 vel
139 3977 254 4056 uenire,
271 3976 393 4040 directe
404 3975 453 4038 rel
465 3973 631 4052 indirecte,
647 3971 745 4034 tacite
762 3968 813 4032 rel
831 3977 989 4049 cupressu,
1007 3965 1046 4027 dc
1060 3963 1133 4044 jure
1152 3961 1201 4026 vel

64 4085 107 4148 de
126 4083 221 4163 iacto,
250 4082 359 4165 aliqua
386 4102 485 4146 causa
511 4081 561 4143 vel
588 4079 693 4142 niodo.
719 4079 764 4141 Et
788 4075 971 4158 prodictam
992 4070 1199 4134 donatiouem

64 4194 109 4258 ob
128 4169 394 4274 ingratitudinem
422 4194 479 4252 aut
505 4186 602 4250 aliam
619 4205 748 4248 causam
769 4183 953 4246 nullatcnus
970 4199 1122 4242 reuocare
1140 4177 1199 4240 sub

62 4321 151 4385 pena
178 4306 210 4363 et
234 4300 277 4363 ad
302 4319 418 4382 penam
446 4303 574 4360 centum
591 4292 717 4357 milium
740 4291 936 4354 florenorum
953 4287 1024 4350 auri
1042 4285 1199 4366 solempni

63 4409 276 4493 stipulatione
303 4408 495 4491 promissam
522 4405 554 4468 in
582 4402 717 4484 singulis
745 4407 777 4463 ιι
804 4421 863 4480 pro
893 4395 1028 4474 singulis
1048 4393 1198 4476 partibus

65 4520 272 4605 supradictis,
298 4540 370 4582 cum
395 4516 602 4581 restitutione
629 4513 842 4593 dampnorum
871 4513 904 4568 ct
930 4525 1143 4586 expensurum
1161 4523 1198 4566 uo

1028 4611 1090 4676 41*
