3248 5242
646 699 723 765 478.

120 864 152 929 A
171 863 325 928 odoacari
339 865 620 949 lcbztdrsasdqaak
637 864 771 928 udlaaza
789 862 965 948 Zsipmond
981 861 1093 950 kirctlp
1118 863 1253 928 kdvetsd·

583 973 668 1058 θένε.
686 974 783 1038 1395.

231 1130 331 1198 Anno
347 1129 704 1200 MOOOLXXXXV.
720 1130 889 1197 indictioni
915 1132 1026 1214 tercia,
1052 1133 1104 1200 die
1129 1132 1254 1199 decimo

121 1240 251 1308 Marcii.
277 1239 447 1326 Capta:
477 1238 561 1305 Cum
592 1247 667 1325 post
698 1245 825 1328 partem
857 1239 961 1326 pridie
987 1248 1117 1326 captam
1143 1243 1176 1307 in
1193 1241 1255 1308 hoc

123 1348 272 1416 Consilio
289 1348 330 1416 de
346 1348 508 1436 possendo
532 1349 659 1418 intrare
676 1371 749 1418 cum
765 1348 836 1414 istie
860 1345 1146 1416 Ambasiatoribns
1163 1350 1257 1416 Hun-

123 1457 227 1543 garie,
243 1463 279 1522 ut
295 1463 406 1542 posset
422 1457 510 1523 trahi
527 1463 560 1522 et
576 1457 691 1524 sentiri
705 1457 746 1523 de
762 1479 822 1523 sua
849 1457 1030 1523 intentione
1046 1464 1079 1523 et
1096 1457 1135 1524 de
1152 1480 1258 1525 secre-

122 1566 168 1632 tis
184 1565 317 1631 Domini
334 1564 393 1647 sui,
411 1565 495 1634 siout
519 1567 746 1650 promiserant,
770 1564 961 1630 Dominatio
988 1566 1037 1632 bis
1063 1567 1189 1635 miserit
1214 1570 1258 1635 ad

123 1675 325 1760 presentiam
342 1695 454 1742 eorum
471 1696 543 1739 cum
559 1673 667 1740 verbis
684 1673 858 1739 inductivis
875 1673 918 1740 ad
935 1674 1144 1759 aperiendum
1172 1697 1206 1741 se
1223 1683 1257 1742 et

123 1781 167 1849 ad
184 1782 416 1848 declarandum
431 1801 523 1848 suam
540 1782 763 1865 intentionem,
774 1789 811 1847 ut
827 1783 948 1848 clarius
964 1805 1133 1866 possemus
1149 1785 1181 1849 in
1194 1785 1257 1850 lac-

123 1896 159 1956 to
175 1889 352 1975 procedere
368 1896 400 1955 et
416 1891 515 1957 etiam
531 1892 661 1973 sentire,
676 1891 703 1955 si
718 1889 828 1956 forent
843 1890 996 1974 dispositi
1012 1891 1054 1956 ad
1072 1892 1257 1958 laciendum

128 1999 170 2066 de
186 1997 248 2074 his,
265 2018 329 2080 que
345 1997 451 2064 forent
466 2004 561 2083 grata
577 2004 611 2064 et
626 2005 761 2084 accepta
777 1997 888 2080 nobis;
904 2005 937 2065 et
947 2002 974 2065 si
991 2002 1023 2064 in
1035 1999 1150 2067 effectu
1166 2001 1256 2067 aliud

128 2105 172 2172 ab
189 2105 236 2174 eis
254 2107 368 2173 haberi
389 2129 453 2176 non
478 2109 631 2194 potuerit,
647 2109 709 2172 nisi
726 2107 816 2192 quod
841 2106 1008 2176 declarato
1024 2109 1071 2177 eis
1096 2108 1138 2174 ad
1164 2131 1256 2178 suam

126 2215 382 2298 requisitionem,
400 2215 488 2298 quod
505 2214 617 2282 XXV
642 2215 735 2300 galee
760 2214 867 2282 forent
892 2217 1071 2282 necessarie
1097 2216 1138 2284 ad
1164 2219 1258 2284 rosis·

125 2323 272 2404 tendum,
303 2343 342 2388 ne
373 2321 494 2389 Turchi
526 2325 704 2390 transirent
735 2324 768 2389 iu
795 2319 972 2390 Turcbiam
998 2325 1038 2389 de
1064 2322 1201 2406 Greeia,
1226 2334 1259 2396 ot

127 2452 335 2512 econvers03
365 2437 398 2497 et
414 2431 500 2516 quod
517 2453 656 2518 expensa
681 2433 825 2516 ipsorum
843 2438 927 2498 esset
952 2432 1080 2516 singulo
1106 2455 1214 2499 mense
1239 2459 1259 2502 a

127 2538 280 2606 XXXV
295 2539 399 2605 millia
414 2540 448 2604 in
460 2539 528 2604 XL
540 2540 630 2605 milia
641 2538 776 2606 ducatis.
786 2538 857 2624 Ipsi
867 2539 1016 2606 ultimate
1026 2542 1192 2623 requirere
1203 2541 1261 2608 ha·

128 2647 281 2728 buerunt,
298 2646 386 2730 quod
403 2648 549 2732 placeret
565 2648 657 2715 nobis
673 2649 843 2716 declarare
854 2649 899 2715 eis
914 2648 1005 2731 illud,
1016 2650 1104 2734 quod
1119 2650 1161 2716 ad
1172 2650 1259 2718 istud

126 2776 210 2839 opus
225 2755 324 2840 pium,
341 2757 426 2840 quod
443 2778 520 2822 suus
531 2756 692 2824 Dominus
703 2779 762 2841 pro
774 2756 837 2823 fide
848 2755 1019 2824 Catholica
1030 2758 1136 2826 lacere
1152 2759 1257 2824 inten-

128 2863 238 2940 debat,
255 2861 372 2929 offerre
389 2869 422 2929 et
438 2865 644 2931 contribuere
661 2865 860 2946 volebamus,
879 2873 913 2931 et
929 2866 1091 2950 quomodo
1108 2867 1259 2934 videlicet

126 2973 237 3040 autin
253 2972 332 3038 dicti
348 2974 563 3039 reverentiam
581 2979 640 3040 aut
655 2974 696 3039 ob
713 2975 813 3040 aliam
829 2996 977 3054 causam;
996 2980 1028 3040 et
1044 2973 1077 3038 in
1095 2975 1159 3039 ista
1175 2976 1257 3058 peti·

128 3081 217 3146 tione
234 3086 523 3164 perseveraverunt
539 3088 573 3147 et
596 3088 813 3166 perseverant,
839 3082 991 3164 diceutes,
1016 3083 1104 3167 quod
1129 3105 1258 3167 proces·

128 3195 244 3253 serunt
261 3188 435 3254 secundum
452 3187 590 3254 formam
608 3191 842 3256 commissionis
853 3190 916 3256 sibi
932 3191 1016 3270 date,
1032 3190 1080 3256 ita
1098 3191 1184 3273 quod
1195 3214 1261 3258 nou

128 3301 283 3380 poterant
298 3297 388 3362 aliud
405 3296 522 3381 dicere,
538 3299 599 3363 uisi
616 3299 722 3382 primo
733 3298 1000 3382 responderemus
1016 3296 1155 3380 eisdem;
1173 3299 1259 3382 quod

127 3409 305 3490 propterea
321 3407 468 3488 placeret
485 3406 577 3473 nobis
604 3406 683 3472 dara
700 3406 762 3473 sibi
788 3407 1037 3491 expeditionem,
1063 3429 1135 3472 cum
1161 3407 1260 3473 habe·

129 3517 213 3590 rent,
229 3519 266 3578 ut
283 3513 473 3595 sciebamus,
489 3515 538 3580 ire
555 3514 654 3580 etiam
671 3513 713 3580 ad
730 3515 812 3580 alias
838 3520 958 3599 partes.
982 3516 1028 3581 nt
1052 3514 1259 3580 considerata

129 3625 249 3686 natura
266 3627 299 3686 et
316 3623 476 3705 qualitate
492 3622 587 3688 istius
603 3622 690 3703 facti,
708 3623 796 3705 quod
812 3627 863 3687 est
879 3622 967 3705 pium
984 3628 1017 3687 et
1042 3620 1258 3706 Catholieum,

24 3787 28 3793 .
129 3734 163 3794 et
177 3730 281 3796 modis
299 3738 427 3816 sem‘per
443 3733 580 3797 servatis
597 3752 655 3815 per
670 3736 798 3797 nostros
825 3730 1068 3816 predecessores
1085 3733 1118 3796 in
1136 3732 1258 3798 talibus

129 3836 181 3903 vel
198 3838 357 3905 similibus
373 3839 511 3923 casibus,
528 3863 588 3924 pro
599 3841 690 3906 nobis
700 3840 889 3906 faciatdare
906 3841 953 3905 eis
969 3837 1059 3904 illam
1076 3841 1258 3924 responsio·

129 3967 214 4029 nem,
238 3968 301 4030 que
327 3948 369 4012 sit
395 3947 570 4013 secuudum
596 3947 703 4015 Deum
731 3953 763 4013 et
788 3954 935 4014 nostrum
970 3943 1144 4029 honordm;
1168 3948 1260 4014 vadit

130 4076 219 4140 pars,
250 4054 339 4138 quod
369 4058 605 4141 respondeatur
630 4056 725 4122 dictis
750 4055 1047 4136 Ambasiatoribus,
1074 4053 1263 4139 quodlicet

129 4161 311 4228 clarissime
336 4184 576 4248 cognoscamus,
593 4164 680 4247 quod
705 4164 848 4230 volentes
873 4162 992 4228 habere
1018 4167 1203 4246 respectum
1219 4162 1261 4228 ad

131 4270 309 4337 utilitatem
326 4277 359 4337 et
375 4272 577 4338 commodum
594 4279 809 4338 mercatorum
835 4275 1028 4353 nostrorum,
1054 4271 1110 4354 qui
1126 4271 1159 4335 in
1175 4271 1259 4337 bono

131 4400 266 4445 numero
283 4385 405 4446 etcum
421 4381 548 4465 magnis
568 4380 807 4466 quantitatibus
833 4399 1044 4464 personarum
1070 4399 1263 4444 conversan·

92 4532 95 4536 -
129 4488 235 4552 turin
251 4489 349 4554 terris
365 4487 577 4572 Tarchorum,
593 4490 626 4555 in
643 4488 762 4573 quibus
778 4509 889 4556 secure
905 4493 939 4553 et
955 4486 1036 4551 bene
1061 4490 1260 4572 tractantur,

131 4601 165 4660 et
181 4597 280 4664 etiam
296 4595 338 4664 ad
353 4584 473 4664 bonim
489 4605 522 4664 et
548 4597 695 4681 quietum
722 4601 842 4662 statum
867 4594 1041 4662 multorum
1067 4595 1209 4661 locorum
1228 4600 1262 4666 et
