3182 5252
593 395 687 460 1385.
1137 385 1201 450 569

70 569 116 637 ad
132 571 229 636 finem
238 571 308 654 lige
324 593 397 636 oum
407 568 538 636 Corona
548 577 581 637 et
598 572 713 656 Regno
724 572 904 656 Huugarie,
920 574 953 632 et
968 567 1030 632 fuit
1046 567 1118 650 ipsa
1134 586 1199 630 res-

70 680 191 764 ponsio
206 681 303 745 missa
318 678 497 744 Francisco
513 679 555 744 de
571 678 742 746 Beruardo
757 679 903 763 predicto
931 699 988 760 per
1015 696 1066 739 ser
1093 672 1203 738 Karo-

71 787 141 854 lum
169 783 261 853 Ceno
286 794 320 852 et
345 787 448 853 sotios
473 809 530 871 per
557 788 638 854 duas
664 810 778 856 manus
802 787 972 853 literarum
988 792 1020 851 et
1036 805 1094 869 per
1121 783 1201 848 duos

71 895 207 960 nuntios
224 896 276 960 vel
295 917 436 976 cursore,
462 904 496 960 et
511 895 588 961 licet
604 897 706 961 nuntii
723 897 825 962 nostri
841 896 892 960 vel
918 913 1066 959 cursores
1092 891 1198 976 appli-

71 1003 202 1069 cuerint
218 1003 259 1068 ad
276 1010 387 1088 partes
397 1004 472 1069 illas
488 1010 521 1068 et
537 1005 795 1088 presentaverint
811 1003 922 1068 literas
934 1003 1008 1067 illas
1018 1000 1195 1068 Francisco

72 1107 240 1192 predicto;
256 1119 365 1176 tamen
381 1111 424 1177 ad
440 1110 561 1177 factum
578 1113 757 1196 principale
773 1111 872 1178 nichil
888 1131 1082 1194 responsum
1099 1115 1158 1186 cst,
1170 1114 1204 1174 et

71 1218 152 1283 utile
170 1218 212 1282 sit
229 1218 398 1302 providere
415 1241 513 1303 super
530 1219 591 1286 hoc
606 1241 666 1304 pro
682 1220 767 1286 bono
784 1219 984 1304 agendorum
1000 1224 1203 1297 nostrorun13

72 1324 167 1390 radit
182 1347 271 1408 pars,
287 1325 375 1407 quod
392 1326 585 1410 Collegium,
601 1328 725 1392 scilicet
741 1327 910 1408 Dominus,
926 1325 1123 1403 Consiliarii,
1144 1322 1205 1389 Ca-

72 1432 155 1516 pita,
173 1429 346 1516 Sapientes
362 1431 499 1498 Consilii
516 1441 551 1498 et
566 1432 737 1518 Sapientes
752 1434 914 1502 Ordinum
939 1432 1084 1498 habeant
1108 1431 1204 1496 liber·

72 1546 176 1606 tatem
192 1539 346 1606 mittendi
361 1563 460 1606 unum
477 1541 691 1607 sufficientem
708 1543 857 1607 nuntium
874 1542 916 1608 ad
931 1547 1043 1625 partes
1069 1539 1206 1623 Hunga·

74 1649 121 1713 rie
138 1667 202 1732 pro
220 1648 368 1714 habendo
385 1651 629 1733 responsionem
645 1650 689 1715 ad
714 1648 835 1716 lactum
861 1648 1044 1734 predictum
1061 1669 1133 1714 cum
1148 1645 1206 1712 illa

73 1755 269 1821 comissione
285 1763 318 1821 et
333 1755 447 1837 verbis,
463 1777 525 1839 que
542 1756 739 1824 ridebuntur
755 1755 844 1822 dicto
861 1755 994 1838 Collego
1012 1757 1062 1820 vel
1088 1755 1205 1821 maiori

74 1865 165 1946 parti
183 1884 244 1947 pro
259 1863 343 1930 bono
360 1869 472 1929 nostro
491 1870 523 1929 et
538 1865 739 1946 agendorum
756 1871 950 1930 nostrorum.

186 1971 249 2036 Die
266 1970 391 2037 decima
408 1970 531 2037 Martii.
556 1971 722 2056 Capta:
746 1970 829 2037 Cum
844 1973 950 2056 pridie
961 1978 1093 2057 captum
1105 1972 1205 2038 fuerit

75 2081 108 2144 in
124 2079 189 2144 hoc
205 2078 348 2146 Consilio
366 2076 404 2144 de
420 2079 579 2162 possendo
596 2081 723 2146 mittere
739 2102 840 2145 unum
857 2079 1022 2146 Nunnium
1038 2077 1081 2145 ad
1097 2085 1207 2163 partes

76 2186 253 2272 Hungarie
280 2209 352 2251 cum
377 2186 435 2252 illa
460 2189 675 2270 commisionc,
699 2210 762 2272 que
789 2188 951 2254 videbitur
983 2186 1133 2272 Collegio
1159 2187 1208 2252 vel

76 2296 196 2362 maiori
212 2294 299 2378 parti
316 2315 376 2378 pro
393 2294 543 2360 habendo
560 2297 802 2378 responsionem
828 2296 871 2360 ad
898 2298 1062 2379 negotium
1087 2294 1209 2380 prinoi-

77 2403 150 2487 pale
167 2407 238 2481 ete,
255 2407 289 2467 et
303 2423 362 2486 per
379 2402 507 2485 aliquos
524 2403 564 2468 de
581 2404 729 2487 Collegio
746 2403 805 2469 fiat
821 2403 954 2469 dubium
979 2410 1112 2488 propter
1128 2401 1207 2469 illud

77 2511 222 2592 verbum,
238 2511 326 2596 quod
343 2511 432 2595 dicit,
448 2513 535 2596 quod
552 2513 696 2578 Nuntius
713 2512 812 2577 vadat
828 2534 889 2595 pro
907 2511 1056 2578 habendo
1077 2533 1210 2595 respou-

79 2620 211 2684 sionem·
222 2619 265 2684 ad
282 2619 405 2685 factum
431 2621 620 2704 principale,
637 2621 664 2684 si
690 2618 871 2703 Collegium
898 2619 998 2685 lrabet
1024 2619 1208 2685 libertatem

78 2726 377 2811 committendiipsi
389 2728 522 2806 Nuntio,
540 2728 627 2811 quod
638 2727 760 2794 lrabeat
770 2727 955 2792 libertatem
971 2727 1129 2792 offerendi
1146 2727 1210 2792 illis

78 2837 227 2919 deinde,
255 2837 342 2920 quod
370 2837 561 2904 Dominatio
587 2843 700 2902 nostra
725 2845 776 2903 est
801 2844 953 2902 contenta
978 2838 1056 2901 illue
1080 2837 1209 2901 mittere

80 2952 227 3012 nostram
254 2943 487 3027 Ambaratam,
514 2946 728 3010 existentibus
753 2946 832 3030 ipsis
855 2947 938 3010 bene
969 2946 1136 3030 dispositis
1167 2943 1209 3011 ad

80 3053 202 3120 factum
219 3053 303 3135 lige3
328 3054 418 3118 vadit
432 3075 518 3137 para,
535 3075 593 3136 pro
610 3075 673 3118 non
690 3053 856 3138 perdendo
872 3061 998 3136 tempus
1015 3054 1048 3117 iu
1065 3053 1127 3116 hiis
1145 3052 1211 3116 fac·

81 3161 131 3244 tis,
149 3168 180 3226 et
199 3183 257 3245 pro
275 3161 359 3226 bono
376 3161 575 3244 agendorum
593 3167 789 3244 nostrornm,
807 3160 894 3243 quod
914 3159 1106 3242 declaretur,
1123 3160 1211 3241 quod

82 3268 267 3353 Collegium
280 3271 401 3338 habeat
417 3272 516 3336 etiam
533 3271 717 3337 libertatern
734 3271 933 3354 prodietam3
959 3269 1110 3335 videlicet
1131 3271 1212 3334 exis·

81 3378 224 3444 tentibus
240 3379 305 3444 illis
322 3378 438 3444 deinde
455 3379 537 3444 bene
554 3380 722 3463 dispositis
748 3381 790 3446 ad
806 3379 907 3463 ligem
932 3378 1108 3457 nobiscum,
1135 3375 1213 3441 offe-

80 3484 182 3567 rendi,
199 3487 286 3570 quod
302 3485 494 3554 Dominatio
512 3493 626 3554 nostra
644 3489 707 3554 erit
724 3494 879 3554 contenta
895 3490 1025 3552 mittere
1042 3493 1075 3550 et
1100 3486 1210 3550 mittet

82 3593 159 3662 illuc
174 3615 270 3661 suam
286 3595 519 3674 Ambaxatam,
537 3602 574 3661 ut
590 3596 740 3680 superius
758 3596 881 3661 dictum
899 3601 958 3660 eet.

193 3700 340 3785 Capta
363 3705 403 3768 in
428 3703 642 3786 Collegio
667 3704 790 3770 dicta
814 3704 885 3768 die
909 3705 1063 3786 vigore
1088 3699 1207 3768 dicte

85 3807 331 3876 libertatis
346 3837 353 3876 t
373 3809 468 3894 Quod
484 3814 705 3877 committatur
723 3834 774 3876 ser
793 3811 922 3877 Jacobs
948 3809 1086 3893 Quirino
1103 3811 1165 3875 civi
1181 3817 1213 3874 et

85 3914 171 3984 fideli
188 3925 311 3999 nostro,
328 3918 416 4003 quod
432 3921 465 3983 in
481 3918 567 3985 bona
582 3921 690 4002 gratia
706 3941 777 3984 cum
793 3918 899 3984 literis
931 3920 1050 3984 nostris
1076 3917 1214 3984 creduli·

86 4027 161 4090 tatis
177 4025 224 4091 ire
242 4025 361 4091 debeat
376 4026 418 4091 ad
434 4033 546 4110 partes
562 4026 729 4109 Hurgarie
746 4027 788 4091 ad
804 4025 964 4110 Magnum
976 4023 1145 4104 Comitem,
1161 4025 1214 4089 cui

86 4131 173 4200 laem
189 4135 369 4200 reverentia
385 4141 418 4199 et
435 4135 632 4200 salutatione
655 4143 697 4198 'ex
722 4140 817 4217 parte
844 4135 951 4198 nostri
967 4133 1122 4212 Dominii,
1139 4153 1211 4197 cum

87 4241 192 4308 verbis
208 4244 328 4308 amoris
345 4249 377 4308 et
393 4242 577 4309 dilectionis
604 4262 764 4327 exponere
780 4241 908 4321 debeat,
934 4241 1021 4325 quod
1047 4241 1132 4306 sicut
1147 4239 1214 4306 Sue

89 4347 332 4434 Magnificentie
347 4350 441 4433 plene
458 4357 570 4414 notum
588 4363 648 4432 est,
666 4350 771 4433 pridie
783 4349 978 4414 Franciscus
990 4347 1212 4415 de‘Bernardo

89 4463 218 4544 scripsit
234 4484 292 4546 por
309 4483 385 4526 suas
403 4461 513 4526 literas
526 4467 641 4525 etcum
659 4461 826 4525 voluntate
837 4459 936 4543 ipsius
948 4459 1063 4543 Magni
1074 4457 1212 4524 Comitis

90 4567 186 4638 nobili
203 4570 272 4638 viro
289 4569 417 4638 Karolo
434 4567 525 4640 Zeno
542 4575 575 4638 et
591 4569 682 4636 sotiis
699 4569 741 4637 ad
761 4565 856 4639 finem
872 4568 937 4652 lige
956 4567 1151 4636 celebrande
1168 4568 1215 4642 in·
