3214 5250
571 455 666 518 mas.
1116 457 1179 520 aar
1285 445 1289 458 '

60 628 133 692 istos
151 629 293 696 deintra
311 630 475 715 Oulphum
492 633 526 697 in
543 633 672 712 amieos,
689 655 748 699 nec
773 634 969 699 amittantur
994 635 1106 702 taliter
1132 639 1179 700 in·

60 737 171 802 troitus
188 745 221 803 et
236 740 331 806 dacia
346 740 441 807 dacia
457 743 559 808 nostri
577 739 775 823 Communis,
801 749 834 808 et
861 743 921 809 hoe
945 743 1020 826 illis,
1046 744 1101 827 qui
1118 744 1174 809 ha-

60 843 130 908 beut
143 846 198 928 jus
214 847 246 911 in
262 848 333 931 ipso
349 849 480 934 navigio
496 856 528 914 et
544 850 706 916 mercibus
724 851 929 934 supradictis.

60 990 92 1048 (A
105 991 232 1044 »Secreta
245 992 361 1045 Consilii
373 995 563 1061 Rogatorum«
591 997 681 1046 ezlmtl
696 998 836 1048 velenezei
860 995 1033 1049 allanmklsk
1055 997 1087 1047 R.
1106 995 1183 1046 klite·

495 1088 570 1138 tebdl
585 1093 627 1139 2⁷.
641 1104 679 1140 ez.
693 1091 730 1152 a.)

576 1382 649 1477 aar.

54 1574 161 1642 Bardo
178 1576 359 1642 Pantaleon
376 1578 491 1664 eppkor
518 1577 837 1664 Moppororszdpboa
855 1579 1006 1644 uclorzczoi
1023 1580 1111 1643 aava
1129 1582 1177 1643 έν-

374 1686 540 1750 demetriad
556 1686 743 1751 elesmare'se.
761 1691 857 1752 1388.

158 1843 258 1911 Anno
283 1845 657 1912 MOOOLXXXVIII.
684 1847 861 1912 indictione
886 1848 948 1913 ΧΙ.
974 1849 1026 1914 die
1052 1847 1178 1913 XIIII.

52 1949 152 2019 Junii.
179 1955 346 2039 Capta:
366 1953 449 2020 Cum
467 1955 585 2022 nobilis
602 1957 651 2020 vir
676 1977 728 2021 ser
752 1955 914 2021 Pantaleo
939 1955 1052 2022 Barbo
1078 1955 1177 2021 Miles

54 2059 152 2128 suerit
171 2061 380 2130 Ambaxator
396 2064 439 2128 ad
455 2071 565 2147 partes
591 2063 772 2148 Hungarie,
790 2065 853 2146 ubi,
871 2065 955 2130 sicut
979 2071 1093 2130 uotum
1118 2070 1178 2146 est,

56 2172 147 2236 stetit
163 2191 282 2256 magno
299 2178 332 2236 et
348 2171 444 2255 longo
460 2178 613 2255 tempore,
630 2179 662 2236 et
677 2173 712 2236 in
728 2171 792 2236 illis
803 2171 953 2255 partibus
964 2170 1008 2236 ad
1022 2172 1178 2237 honorem

50 2283 80 2340 et
95 2284 220 2344 statum
237 2279 425 2345 Communis
443 2280 657 2348 Venetiarum
674 2301 707 2344 se
724 2281 834 2362 gessit,
851 2279 934 2344 sicut
949 2281 1096 2345 omuibus
1111 2279 1177 2362 ple-

49 2385 178 2452 nissime
195 2392 306 2453 notum
324 2392 392 2467 est;
415 2393 448 2451 et
464 2387 604 2452 existens
619 2389 653 2450 in
671 2387 759 2452 dicta
775 2385 973 2468 Ambaxata‚
990 2392 1024 2451 et
1040 2408 1177 2470 operan-

48 2491 88 2558 do
103 2493 249 2561 fideliter
265 2495 324 2561 sibi
342 2495 520 2575 commissa,
537 2494 601 2560 fuit
616 2501 732 2578 captus
748 2502 780 2560 et
791 2494 967 2560 derobalus
978 2494 1021 2560 ad
1032 2495 1175 2562 valorem

46 2600 205 2669 librarum
221 2600 291 2671 XV
319 2625 506 2688 grossorum
524 2604 608 2668 inter
624 2603 735 2688 libros,
753 2625 879 2687 pannos
896 2609 930 2668 et
954 2603 1079 2686 lapides
1107 2627 1178 2689 pre-

46 2710 164 2789 ti0s0s;
183 2714 326 2777 occurrit
341 2733 427 2792 vere,
444 2713 532 2795 quod
549 2713 673 2796 placuit
684 2711 897 2777 Sereuissimo
913 2717 947 2776 et
963 2711 1176 2778 Excellentis-

46 2817 124 2885 simo
141 2821 276 2887 domino
291 2821 378 2904 Regi
393 2820 565 2904 Huugarie
582 2819 691 2885 facere
709 2821 815 2903 ipsum
837 2819 988 2900 Militem,
1004 2842 1103 2902 quam
1118 2822 1176 2886 mi·

44 2927 148 2994 liliam
165 2950 226 3012 pro
243 2929 364 2995 honore
382 2935 415 2994 et
430 2929 515 2994 bono
532 2928 731 3011 agendorum
749 2925 936 2993 Communis
962 2926 1176 2996 Venetiarum

44 3035 111 3120 ipse
127 3059 183 3104 ser
200 3038 362 3104 Pantaleo
378 3037 489 3106 Barba
507 3039 698 3122 acceptavit,
714 3043 747 3102 et
771 3045 850 3103 tunc
871 3037 941 3120 ipse
967 3037 1056 3102 misit
1080 3033 1174 3103 Sere·

42 3145 179 3211 nissimo
196 3145 325 3212 domino
342 3146 427 3230 Regi
444 3146 592 3230 predicto
610 3146 674 3211 duo
686 3146 808 3230 jocalia
824 3166 864 3209 ex
879 3143 963 3210 douo
979 3167 1038 3228 pro
1049 3143 1173 3209 honore

42 3259 155 3319 nostre
173 3253 422 3335 Domiuationis,
439 3275 503 3338 que
523 3254 586 3320 duo
612 3255 733 3320 ioealia
758 3253 889 3319 fuerunt
916 3251 1019 3319 solum
1044 3250 1174 3336 lapides

41 3362 184 3446 preciosi
199 3362 322 3428 valoris
337 3362 496 3428 librarum
522 3361 652 3431 XVIII
668 3383 853 3446 grossorum
878 3367 912 3426 et
928 3360 1024 3441 ultra,
1051 3367 1085 3427 et
1101 3362 1177 3443 ipsa

40 3470 161 3538 localia
178 3473 378 3555 presentavit
393 3473 455 3556 ipsi
472 3472 604 3538 domino
622 3471 706 3555 Regi
732 3469 930 3536 Laurentius
957 3468 996 3534 de
1022 3469 1172 3536 Menaeis

40 3579 203 3646 Notarius
219 3578 317 3646 Curie
333 3587 452 3663 nostre,
466 3601 536 3645 cum
548 3579 680 3646 Simone
691 3580 731 3643 de
741 3578 872 3644 Trentis
883 3584 1023 3661 cognato
1038 3600 1105 3656 suc,
1116 3579 1175 3662 qui

41 3695 135 3754 erant
152 3709 226 3752 cum
243 3688 331 3754 dicto
348 3687 591 3768 Ambaxatore3
609 3695 643 3753 et
659 3694 709 3752 est
723 3706 843 3766 verum,
863 3684 952 3769 quod
968 3694 1046 3752 tuno
1072 3686 1172 3752 domi:

39 3817 99 3862 nus
116 3796 193 3862 Rex
209 3797 298 3862 misit
314 3797 403 3863 dioto
420 3795 643 3864 Ambaxatori
660 3817 712 3860 ser
727 3794 926 3860 Pantaleoni
943 3793 1056 3860 Barbo
1072 3815 1170 3859 uuam

38 3909 234 3988 stagnatam
252 3913 285 3970 et
301 3925 399 3970 unam
425 3905 545 3971 taciam
570 3905 699 3987 argenti
716 3926 755 3969 ex
772 3903 866 3983 dono,
883 3923 944 3985 que
961 3910 1037 3968 sunt
1052 3902 1172 3967 valoris

38 4013 235 4080 ducatorum
252 4015 491 4100 quinquaginta
505 4014 555 4079 vel
576 4015 671 4093 circa,
696 4019 729 4077 et
753 4012 836 4078 dixit
862 4019 940 4078 tuuc
965 4011 1100 4075 nuntius
1125 4031 1175 4075 re·

36 4123 129 4204 gius:
142 4123 302 4188 Dominus
318 4123 391 4188 Rex
407 4123 510 4188 mittit
519 4122 609 4187 vobis
619 4120 707 4186 istud
718 4121 839 4186 donum
849 4141 908 4203 pro
918 4119 1039 4184 militia
1048 4125 1174 4199 vestra3

36 4231 131 4296 vadit
149 4252 226 4314 pars
243 4231 389 4297 omnibus
405 4229 559 4313 predictis
576 4227 796 4310 consideratis,
814 4228 902 4310 quod
914 4227 1000 4292 dicte
1017 4231 1174 4310 stagnata

36 4344 70 4403 et
86 4339 182 4404 tacia
196 4338 335 4422 argenti,
352 4339 429 4404 date
446 4339 533 4404 dicto
550 4359 602 4402 ser
618 4335 812 4404 Pantaleoni
827 4335 1016 4418 Barbopro
1041 4331 1174 4398 millitia

37 4467 108 4531 sua,
127 4453 167 4512 ut
183 4447 306 4512 dietum
322 4452 379 4527 cst,
400 4445 541 4512 debeant
566 4447 639 4510 dari
665 4445 769 4511 libere
795 4449 828 4508 et
852 4444 981 4509 restitui
1007 4443 1095 4507 dicto
1121 4463 1174 4506 ser

35 4553 241 4619 Pantaleoni
257 4551 379 4634 Barim,
390 4559 425 4618 ut
441 4559 490 4618 est
506 4553 697 4618 corrvcniens
713 4557 813 4635 atque
828 4551 957 4631 iustum,
974 4549 1088 4616 habito
1106 4572 1172 4615 res·
