3226 5254
602 665 613 722 l
625 664 674 723 73.

194 822 338 908 Perupio
357 822 520 887 odroarrak
538 846 558 885 a
567 823 723 909 jloreuezi
740 822 958 910 kbztdrsosdp.
985 823 1080 888 1380.

287 980 462 1046 Perusinis

13 1161 15 1176 ἱ
179 1089 315 1155 Fratres
341 1089 513 1154 karissimi.
540 1087 697 1172 Quamvis
723 1089 765 1154 ad
790 1090 1014 1174 occupandam
1040 1092 1203 1157 civitatem

13 1233 15 1266 ι
84 1193 189 1278 Aretii,
215 1203 248 1262 ct
275 1199 462 1263 libertatem
488 1204 642 1278 nostram,
668 1198 751 1261 sicut
769 1204 892 1262 vosmet
928 1199 1084 1282 scribitis,
1110 1201 1204 1284 oppri

13 1287 16 1366 Ῐ
83 1304 219 1370 mendam
237 1305 446 1387 Ungarorum
464 1303 627 1370 exercitus
653 1325 725 1368 cum
753 1327 811 1368 suo
827 1303 928 1371 Duce
951 1308 1151 1374 territorium
1170 1331 1204 1373 rc

13 1423 15 1454 '
83 1410 203 1494 liquerit
219 1413 454 1495 Castellanum',
480 1411 588 1477 adhuc
611 1418 729 1492 tamen,
754 1422 790 1476 ut
815 1412 1050 1479 informatione
1068 1437 1130 1480 non
1147 1438 1203 1499 pa·

13 1525 14 1530 ’
82 1540 144 1583 rum
172 1529 263 1586 certa
294 1523 458 1603 sentimus,
484 1520 525 1586 ab
551 1519 728 1586 obtinenda
758 1521 890 1585 civitate
926 1520 1055 1604 profata
1081 1529 1202 1589 tracta-

81 1631 140 1691 tum
156 1637 187 1695 et
203 1631 344 1695 animum
363 1651 426 1695 non
443 1629 585 1694 dimovit.
603 1629 649 1693 Et
664 1629 750 1712 quod
761 1629 974 1712 perniciosius
991 1635 1050 1713 est,
1067 1639 1201 1714 propter

83 1743 245 1820 conceptas
271 1739 469 1820 suspiciones
496 1735 643 1800 nonnulli
662 1733 782 1816 forsan,
800 1741 835 1801 ut
852 1737 1004 1821 creditur,
1020 1737 1128 1802 favent
1144 1738 1201 1803 ha-

83 1863 145 1907 rum
170 1845 315 1928 gentium
342 1844 512 1909 conatibus
530 1851 561 1906 et
579 1843 744 1908 adherent.
761 1844 957 1926 Eapropter,
980 1845 1014 1909 in
1046 1851 1201 1928 quantum

80 1950 162 2016 robis
177 1950 350 2036 expediens
376 1951 535 2032 rideatur,
551 1950 593 2016 ad
612 1949 847 2015 exhortandum
870 1949 1081 2032 Castellonos,
1098 1953 1201 2018 donec

82 2061 275 2141 expertibus
291 2060 365 2125 istis
381 2059 530 2124 discedat
555 2057 615 2122 hec
641 2057 783 2134 barbara
800 2060 966 2141 congeries
983 2059 1202 2142 Ungarorum,

81 2173 218 2232 oratores
235 2172 365 2233 nostros
383 2165 426 2231 ad
442 2165 607 2230 civitatem
625 2164 784 2250 prefatam
803 2166 1002 2230 decrevimus
1017 2187 1194 2249 properare

13 2303 15 2396 p
81 2272 166 2358 Quod
185 2277 211 2340 si
229 2276 320 2341 robis
337 2275 400 2340 hoc
414 2275 499 2340 idem
515 2281 552 2338 ut
568 2274 770 2358 prediximus
796 2273 955 2358 videatur,
971 2276 1099 2358 placeat
1123 2276 1201 2358 ipsis

80 2384 243 2450 accedendi
270 2384 437 2450 licentiam
465 2383 507 2448 ad
534 2382 656 2448 dictum
682 2382 797 2462 locum,
822 2404 881 2466 pro
909 2384 1040 2466 publica
1060 2384 1202 2449 utilitate

80 2492 253 2574 concedere,
271 2498 303 2556 et
320 2493 408 2575 ipsos
426 2492 466 2555 dc
484 2489 627 2574 agendis,
643 2497 801 2573 quantum
827 2492 978 2574 expedire
1000 2493 1198 2576 putaveritis

80 2597 257 2665 informare.
268 2597 367 2664 Circa
384 2597 540 2683 capienda
552 2599 696 2681 consilia,
713 2619 775 2681 que
791 2597 1042 2681 prudentissime
1069 2603 1202 2684 rescrip-

79 2834 142 2879 mur
157 2815 237 2880 illud
263 2814 395 2897 quidem
411 2817 563 2896 prosequi
590 2820 659 2878 toto
679 2834 783 2897 posse,
800 2815 827 2878 si
845 2813 986 2898 Superos
1002 2836 1066 2880 non
1082 2816 1200 2900 poteri·

79 2943 150 3005 mus,
163 2926 261 2989 etiam
279 2921 479 3002 Acheronta,
495 2923 586 2987 iuxta
603 2929 698 3005 poete
715 2924 867 3006 carmina,
892 2926 1093 3000 commoturi.
1109 2925 1199 2990 Data

79 3028 237 3097 Florentia
255 3030 308 3096 die
324 3029 407 3096 XX.
425 3029 625 3113 Septembris
642 3030 708 3095 ΙΙΙ.
725 3029 900 3096 indictione
917 3028 1197 3098 MOOOLXXX.

79 3175 190 3235 (Eredeti
205 3177 421 3242 fogalmazvany
436 3190 453 3224 a
470 3175 605 3241 »signori
622 3173 777 3240 rar-reggio,
789 3175 915 3225 Miserius«
932 3177 985 3225 stb.
1000 3176 1108 3240 osztdly
1123 3177 1198 3225 XIX.

229 3268 245 3315 l.
258 3265 413 3331 kotegtben
427 3272 470 3314 49.
484 3281 520 3315 sz.
535 3281 574 3329 a.;
586 3279 602 3314 a
614 3266 744 3314 florenczi
759 3280 833 3330 nagy
842 3266 1036 3327 leveltetrban.)

80 2705 166 2786 sistis,
182 2710 247 2772 iam
264 2728 396 2790 operam
414 2707 569 2787 dedimus,
586 2712 618 2771 et
634 2705 917 2772 exhortationibus
939 2710 1056 2772 restris
1072 2709 1200 2774 conabi-

605 3573 675 3634 114.

283 3892 554 3959 Bononiensibus.

176 4000 314 4066 Fratres
338 4000 511 4065 karissimi.
535 3996 625 4064 Gens
651 4001 885 4082 Hungarorum
911 3998 981 4062 heri
997 3999 1198 4063 territorium

80 4111 214 4171 nostrum
239 4106 407 4173 hostiliter
434 4106 614 4189 insultavit,
640 4107 798 4190 capiendo
832 4104 977 4170 subditos
1003 4111 1141 4186 nostros,
1166 4115 1199 4170 et

81 4221 186 4279 cuncta
202 4235 265 4298 que
281 4220 465 4298 potuerunt,
483 4215 571 4298 apud
581 4220 728 4280 nostrum
740 4214 893 4280 Castrum
904 4211 1022 4277 Bucini
1034 4211 1198 4296 rapiendo.

80 4315 119 4381 lor
141 4320 277 4404 demum,
301 4344 378 4406 pars
409 4323 552 4406 ipsorum
579 4322 612 4386 in
637 4323 803 4386 territorio
830 4320 973 4387 Cannine
999 4341 1056 4385 sua
1080 4328 1200 4394 costra,

13 4513 14 4518 γ
81 4423 158 4492 intra
183 4439 312 4497 nostros
338 4431 459 4495 limites
483 4436 669 4513 posuerunt.
697 4427 816 4512 Sicque
829 4429 906 4513 jam,
922 4435 958 4495 ut
974 4429 1099 4508 ridetis,
1117 4428 1194 4494 belli

78 4551 131 4598 non
140 4545 342 4620 apparatum,
352 4539 408 4603 sed
420 4539 618 4621 auspiciom3
640 4559 703 4602 non
714 4537 929 4617 formidinem,
945 4537 1002 4602 sed
1019 4537 1194 4619 inceptum.

1029 4641 1089 4710 23*

186 3733 334 3821 Balepac
351 3732 515 3796 odrosnah
532 3757 552 3796 o
562 3732 717 3818 florearzi
738 3733 958 3818 bdzrrr'rsoao'p.
985 3736 1078 3797 1380.

13 4249 15 4292 r
