3214 5250
418 341 481 410 59⁰
772 355 1007 412 niraomez'mr
1025 349 1191 414 surtran.

416 525 601 590 Jolruuuem
620 527 819 591 Pluruatium
839 527 878 590 tle
908 528 1056 593 Venetiis
1082 528 1346 609 Procuratorem,
1373 528 1538 612 Speciem

416 639 449 696 et
466 632 639 713 Nuueium,
670 637 832 700 concirent
850 636 992 718 ipsorum
1010 634 1159 718 persolvi,
1176 635 1247 700 dari
1275 644 1308 701 et
1325 637 1486 719 assignari
1502 635 1540 698 fe

416 749 531 805 cerunt
546 743 639 824 plene
656 751 689 806 et
705 743 839 826 integre.
866 741 972 826 Super
993 743 1109 826 quibus
1135 749 1256 827 septem
1284 744 1430 809 millibus
1456 742 1539 808 llore-

415 869 528 913 norum
546 857 738 916 memoratos
754 851 920 916 dominum
929 851 1053 916 Ducem
1071 857 1103 916 et
1119 849 1299 916 Commune
1315 849 1540 920 Venetiarum.

415 957 536 1021 amices
559 967 687 1025 nostros
714 961 910 1040 carissimos,
929 959 971 1024 ad
998 961 1158 1025 rationem
1184 961 1262 1024 anni
1288 957 1454 1023 duntaxat
1478 980 1544 1042 pre

415 1065 525 1140 sentis,
551 1067 769 1132 commisimus
795 1068 923 1152 quietos
956 1069 1081 1152 pariter
1106 1075 1138 1132 et
1162 1067 1336 1150 expeditos
1361 1067 1542 1131 testimonio

415 1175 617 1256 presentium
629 1176 804 1241 mediante.
820 1175 945 1241 Datum
962 1177 996 1241 in
1014 1174 1095 1240 Alto
1107 1175 1227 1241 Castro
1242 1179 1361 1240 nostro
1378 1171 1545 1258 Vissegra·

416 1278 519 1346 diensi
537 1281 676 1349 XVIII.
693 1284 810 1348 mensis
830 1282 971 1368 Augusti
997 1305 1082 1350 anno
1098 1282 1233 1350 Domini
1258 1280 1542 1348 MGCCXXXV.

415 1427 451 1488 (Α
466 1429 566 1478 »Liber
579 1430 743 1480 Paetorum<
758 1431 848 1479 ezimtt
871 1431 1009 1480 velenezei
1033 1430 1262 1494 sillemlronyvbol
1285 1429 1332 1478 VI.
1360 1427 1419 1478 leot
1435 1429 1497 1478 ata.
1519 1430 1546 1490 l.)

943 1741 1017 1804 329.

418 1865 562 1964 Tuurtko
588 1899 610 1965 I
615 1903 636 1964 1.
662 1897 777 1966 faturia
794 1899 883 1965 azerh
899 1904 931 1964 fs
948 1899 1096 1966 boazuioi
1120 1897 1233 1988 fcirdly
1258 1901 1439 1988 megero'siti
1465 1929 1487 1968 n
1503 1927 1546 1967 ve·

522 2010 640 2074 leucari
656 2011 850 2074 terenti-edct-
868 2009 1109 2074 szabaualmatr
1127 2009 1327 2074 Cataeetae.
1346 2013 1440 2074 1385.

525 2167 596 2234 Nos
615 2169 801 2254 Stephanus
818 2170 981 2236 Tvertcho
1001 2169 1063 2235 Dei
1079 2170 1189 2253 gratia
1204 2169 1277 2235 Rex
1292 2169 1421 2250 Bassia
1435 2171 1544 2236 Bossi-

418 2297 467 2357 ue,
484 2278 794 2364 Maritimarumque
810 2280 957 2364 parcium
974 2286 1034 2344 etc.
1051 2279 1208 2343 universis
1219 2285 1251 2343 et
1268 2277 1407 2362 singulis
1421 2275 1545 2343 Christi

415 2383 574 2468 fidelibus,
591 2385 710 2470 quibus
727 2395 892 2470 presentes
913 2385 1135 2466 ostenduntur,
1162 2386 1301 2451 salutem
1317 2388 1349 2451 in
1367 2407 1416 2467 eo,
1431 2387 1465 2450 in
1484 2407 1544 2470 quo

415 2493 560 2558 interris
592 2497 802 2579 regnancium
833 2495 914 2560 solia
933 2501 1008 2559 sunt
1033 2499 1151 2560 erecta
1169 2493 1257 2558 Hinc
1284 2503 1391 2560 vestre
1418 2496 1544 2560 unirer·

415 2599 523 2666 sitatis
541 2601 740 2668 fraternitati
757 2604 919 2668 elucescat
935 2623 993 2687 per
1018 2607 1194 2686 presentes
1223 2599 1311 2686 quod
1337 2604 1504 2686 perceptis
1518 2609 1547 2666 et

415 2709 588 2774 intellectis
600 2709 809 2786 Ambasiatis
827 2717 859 2775 et
876 2709 1099 2793 legacionibus
1110 2707 1316 2775 Serenissimi
1333 2731 1372 2775 ae
1391 2711 1547 2776 illustris·

414 2815 486 2879 simi
502 2817 636 2882 Domini
646 2818 768 2883 domini
781 2817 941 2882 Anthonii
959 2816 1101 2886 Venerio
1112 2815 1225 2882 eadem
1236 2816 1301 2882 Dei
1316 2819 1430 2900 gratia
1445 2817 1549 2884 Ducis

415 2920 632 2989 Veneciarum
649 2933 708 2990 etc.
726 2947 765 2991 ac
782 2926 925 2992 eiusdem
942 2924 1078 2991 Ducalis
1095 2924 1241 2990 Dominii
1267 2947 1327 3009 per
1353 2924 1500 2990 nobilem
1516 2936 1545 2988 et

415 3031 593 3114 sapientem
611 3033 712 3099 uirum
729 3055 840 3099 eorum
857 3035 954 3098 civom
972 3040 1005 3098 et
1023 3031 1289 3098 Ambasiatorem
1314 3032 1474 3098 dilectum
1492 3033 1546 3097 do·

414 3141 535 3204 minum
548 3141 711 3207 Iacobum
729 3142 767 3206 de
794 3142 906 3226 Rippa
930 3140 1022 3206 nobis
1038 3141 1182 3224 gratiose
1200 3147 1233 3204 et
1258 3141 1425 3224 sapienter
1448 3163 1545 3224 expe

415 3247 504 3329 sitis;
522 3249 683 3331 videlicet,
694 3251 780 3334 quod
793 3257 991 3315 mercatores
1008 3249 1151 3314 eiusdem
1163 3248 1460 3314 DucalisDominii
1472 3271 1545 3314 cunr

414 3356 478 3419 suis
496 3358 712 3422 mercimoniis
742 3378 868 3444 semper
885 3357 924 3422 de
941 3357 1172 3423 consuetudine
1198 3357 1338 3439 antiqua
1360 3355 1499 3422 fuerunt
1513 3357 1545 3420 in

415 3460 558 3529 civitate
576 3463 713 3530 Cathari
730 3463 822 3530 liberi
841 3471 873 3531 et
889 3467 1031 3550 exempti
1058 3464 1099 3530 ab
1125 3466 1212 3546 omni
1232 3465 1328 3530 dacio
1345 3472 1375 3530 et
1403 3463 1545 3548 gabello„

416 3569 547 3654 Nosque
564 3573 705 3638 volentes
722 3596 792 3638 cum
810 3573 931 3639 eisdem
952 3575 1120 3654 unitatem,
1137 3572 1377 3638 fraternitatem
1405 3579 1438 3638 et
1465 3571 1548 3638 anti·

414 3701 512 3762 quam
528 3681 706 3746 amiciciam
725 3681 846 3748 sincere
863 3691 893 3747 et
911 3682 981 3746 sine
997 3679 1075 3746 fallo
1093 3681 1273 3762 observare,
1291 3687 1323 3745 et
1338 3680 1373 3745 in
1390 3679 1542 3746 omnibns

413 3789 509 3854 licitis
526 3812 581 3856 sne
593 3791 711 3856 Ducali
722 3792 876 3857 Dominio
893 3791 1080 3874 gratissime
1096 3789 1318 3874 complacere;
1342 3797 1476 3855 matura
1494 3789 1545 3852 de·

413 3897 612 3963 liberaeione
622 3922 660 3964 ac
672 3921 752 3983 puro
768 3899 867 3966 corde
884 3900 925 3964 ad
937 3901 1039 3983 ipsius
1052 3899 1189 3964 Ducalis
1205 3897 1351 3962 Dominii
1367 3895 1546 3963 sincerissi-

413 4028 498 4072 mam
530 4009 743 4074 municionem
771 4008 985 4074 concessimus
1011 4028 1144 4090 presens
1165 4007 1415 4072 instrumentum
1432 4031 1438 4069 :
1455 4003 1544 4089 qued

413 4137 484 4180 cum
501 4136 560 4199 per
576 4119 718 4200 gratiam
735 4116 883 4200 largiflue
900 4115 964 4180 Dei
991 4115 1217 4198 disposicionis
1243 4122 1276 4179 et
1302 4113 1544 4198 preclarissime

414 4225 535 4290 sororis
552 4233 661 4289 nostre
679 4225 808 4290 domine
825 4223 950 4308 Regine
968 4222 1114 4306 Ungarie
1132 4222 1256 4288 Civitas
1283 4221 1546 4305 predecessorum

413 4339 598 4398 nostrorum
619 4331 835 4398 Catharensis
852 4332 990 4398 feliciter
1005 4331 1047 4395 ad
1070 4353 1186 4398 manus
1211 4330 1333 4396 Nostro
1359 4326 1548 4396 Maiestatis

413 4443 650 4524 perpetualiter
665 4443 819 4525 pervenit,
835 4441 877 4505 acl
893 4439 1025 4504 landem
1043 4445 1075 4503 et
1092 4439 1233 4520 gratiam
1245 4438 1362 4503 summi
1379 4433 1547 4516 Ores-toris

415 4551 568 4628 omnium,
584 4550 640 4630 qui
665 4550 729 4612 suis
755 4555 868 4613 cuncta
896 4548 982 4612 bona
1007 4545 1185 4610 invisibilia
1202 4547 1410 4628 properarit3
1428 4541 1546 4607 amieis
