3248 5242
634 387 728 452 1390.
1180 392 1242 454 693

110 569 160 628 tes
177 562 359 646 Altissimo,
375 571 410 631 ut
435 565 642 632 Maiestatem
660 567 760 633 Suam
777 589 971 634 conservare
987 575 1020 634 et
1036 561 1158 650 augere
1175 570 1243 651 dig·

112 677 211 736 netnr
228 673 401 737 secundum
420 673 612 739 desiderium
630 677 746 740 mentis
763 697 828 740 sue.

220 777 276 844 Ad
292 781 390 846 aliam
406 786 544 864 partem,
569 805 626 865 per
656 804 752 865 quam
769 783 837 866 ipse
854 781 1018 865 significat
1034 782 1137 863 nobie,
1155 780 1243 863 quod

108 889 248 952 intentio
264 896 297 954 et
312 888 481 971 dispositio
498 911 557 954 sua
573 895 621 955 est
631 889 712 956 velle
724 891 894 971 acquirere
912 887 1086 956 Civitatem
1102 887 1241 956 Jadreu-

110 1018 190 1080 sem,
206 997 289 1062 sicut
304 997 460 1080 aquisivit
478 998 562 1063 alias
580 994 739 1062 Ciuitates
756 997 932 1081 Dalmatia,
947 1004 980 1062 et
995 1002 1169 1081 propterea
1184 1017 1243 1060 nos

113 1110 219 1188 rogat,
245 1106 331 1190 quod
359 1105 534 1171 debeamus
556 1107 618 1172 sibi
635 1105 714 1172 dare
730 1107 886 1172 auxilium
905 1112 937 1171 et
952 1105 1096 1171 favorem
1112 1103 1155 1170 ad
1171 1124 1244 1198 pos-

111 1212 249 1278 sendnm
275 1215 409 1298 implere
435 1214 532 1280 istam
559 1237 650 1280 suam
676 1216 886 1281 intentionem
903 1222 962 1281 etc.
989 1211 1242 1298 Respondeatur

113 1322 172 1403 eis,
188 1322 274 1405 quod
292 1324 376 1389 sicut
399 1323 562 1389 Maiestas
588 1323 656 1390 Sua
681 1324 776 1407 plene
792 1325 892 1406 novit,
907 1345 968 1390 nos
984 1343 1093 1387 sumus
1109 1321 1141 1385 in
1157 1319 1243 1385 bona

111 1453 195 1517 pace
212 1439 245 1497 et
261 1431 480 1496 benivolentia
505 1454 577 1497 cum
604 1432 734 1497 domino
751 1432 843 1516 Rege
860 1439 893 1498 et
910 1431 1042 1497 Corona
1058 1430 1242 1512 Hungarie,

113 1540 198 1606 etin
215 1539 301 1605 bono
324 1561 432 1604 amore
448 1561 521 1603 cum
546 1539 737 1620 Jadraiinis
754 1561 851 1623 quam
866 1540 1044 1622 infringere
1069 1560 1131 1604 non
1148 1537 1243 1603 velle-

112 1669 195 1722 mus,
211 1668 271 1713 nec
286 1668 460 1732 possemus,
477 1650 539 1714 nisi
557 1671 628 1714 cum
646 1670 765 1732 magno
783 1670 879 1714 onere
895 1654 1005 1714 nostre
1023 1646 1242 1714 Commonito-

111 1758 157 1823 tis
173 1763 207 1822 et
224 1758 327 1822 nostri
351 1756 505 1838 Dominii,
530 1758 618 1841 quod
635 1780 698 1823 non
715 1758 902 1824 dubitamus
919 1758 988 1843 ipse
1005 1757 1152 1822 dominus
1169 1753 1242 1819 Rex

111 1866 205 1931 nullo
221 1864 317 1931 modo
334 1866 447 1944 vellet3
473 1871 505 1930 et
521 1873 696 1949 propterea
711 1855 865 1948 rogamus
881 1864 1120 1930 Excellentiam
1134 1861 1242 1944 Suam,

112 1970 203 2058 quod
220 1974 248 2038 si
264 1973 298 2037 in
314 1973 375 2038 hoc
391 1994 454 2039 non
472 1973 757 2039 condescendimus
775 1975 858 2040 votis
874 1958 948 2056 siris,
964 1973 1084 2038 habere
1100 1993 1158 2037 nos
1175 1974 1242 2055 pla·

111 2088 187 2147 caat
201 2081 318 2147 merito
335 2087 514 2147 excusatos.

221 2188 278 2254 Ad
294 2191 426 2256 tertiam
443 2197 580 2274 partem,
597 2211 769 2275 perquam
787 2212 820 2256 se
838 2188 933 2256 offert
950 2191 1030 2256 velle
1048 2213 1081 2256 se
1099 2191 1242 2274 interpo-

110 2318 190 2362 nere
206 2299 250 2364 ad
266 2298 475 2364 tractandum
492 2299 698 2364 concordium
715 2305 747 2364 et
770 2320 883 2384 pacem
897 2307 928 2364 et
953 2298 1074 2364 bonum
1099 2319 1242 2364 amorem

110 2407 198 2470 inter
215 2404 379 2472 dominum
395 2407 519 2490 Regem
535 2406 735 2490 ladislaum,
752 2406 852 2472 filium
879 2405 1015 2473 condam
1041 2406 1163 2472 domini
1178 2404 1241 2470 Re·

111 2516 163 2598 gis
179 2511 311 2595 Karoli‚
327 2521 360 2580 et
377 2514 543 2580 dominam
560 2515 777 2598 Margaritam
793 2516 862 2581 eius
881 2521 1019 2582 matrem
1035 2537 1075 2579 ex
1089 2535 1154 2580 una
1169 2535 1242 2598 par-

117 2632 162 2703 te,
179 2627 212 2686 et
227 2644 285 2688 nos
311 2646 349 2688 ix
365 2624 471 2689 altera
497 2629 555 2690 etc.
575 2622 824 2709 Respondeatur
840 2624 918 2710 ipsis
943 2620 1243 2703 Ambaxiatoribus,

85 2773 89 2780 -
115 2730 206 2816 quod
223 2737 304 2798 teste
321 2731 394 2798 Deo
412 2755 469 2799 nos
486 2755 613 2818 semper
629 2735 755 2799 sincera
770 2741 877 2798 mente
903 2733 1072 2798 dileximus
1098 2730 1242 2798 Serenia-

111 2841 230 2906 simum
247 2841 410 2924 quondam
427 2843 594 2908 dominum
611 2840 734 2924 Regem
754 2841 924 2924 Karolum,
941 2863 999 2906 nec
1024 2863 1166 2925 unquam
1191 2860 1241 2903 vo-

111 2949 243 3029 luimus,
267 2958 417 3033 potentes
449 2951 571 3017 habere
602 2952 723 3017 multas
749 2951 971 3036 prerogativas
997 2956 1031 3015 et
1055 2949 1243 3032 avautagia,

111 3055 240 3141 aliquid
256 3057 363 3124 lacere
380 3061 429 3125 vel
446 3082 622 3145 procurare
639 3081 711 3124 cum
730 3059 926 3124 adversariis
952 3058 1019 3123 suis
1045 3062 1160 3122 contra
1177 3061 1242 3121 sta·

112 3171 183 3231 tum
201 3188 302 3250 suum,
319 3189 378 3233 neo
394 3171 544 3235 similiter
560 3176 675 3235 contra
701 3173 825 3236 statum
841 3168 1003 3232 dictorum
1029 3187 1160 3232 suorum
1182 3163 1241 3229 filii

112 3281 148 3340 et
175 3277 293 3362 uxoris,
316 3281 394 3362 quia
420 3278 590 3363 dispositio
616 3287 738 3361 nostra,
763 3285 897 3363 excepto
922 3277 1008 3360 quod
1033 3272 1242 3340 intervenerit

111 3391 230 3468 postea
247 3386 357 3470 aliqua
375 3388 510 3453 materia
527 3388 672 3454 scandali
689 3394 721 3454 et
737 3389 866 3468 erroris
891 3407 1017 3471 semper
1032 3384 1094 3450 fuit
1109 3383 1194 3448 bona
1210 3385 1242 3445 et

116 3495 246 3558 sincera
261 3517 371 3561 versus
387 3519 451 3578 eoS,
476 3497 603 3580 eritque
619 3499 650 3562 in
666 3497 822 3578 futurum,
846 3496 922 3580 quia
948 3499 1105 3579 quantum
1129 3493 1191 3558 erit
1207 3490 1241 3556 in

114 3601 219 3686 uobis,
235 3606 500 3690 quandocumque
517 3608 578 3673 sibi
595 3606 746 3690 placebit,
761 3626 819 3671 nos
845 3605 1019 3690 dispositos
1044 3601 1184 3669 inveniet
1208 3606 1241 3666 et

114 3718 251 3795 paratos
268 3715 310 3779 ad
327 3715 499 3782 volendum
526 3738 598 3780 cum
616 3716 660 3780 eis
678 3717 782 3781 vivere
809 3715 943 3800 pacifice
969 3721 1002 3781 et
1019 3717 1127 3799 quiete
1153 3734 1191 3778 ac
1207 3712 1242 3776 in

112 3824 204 3892 bona
219 3824 448 3906 benivolentia,
464 3826 513 3891 uti
528 3825 665 3894 viximus
680 3847 751 3890 cum
769 3825 900 3891 domino
918 3825 1009 3910 Rege
1027 3824 1153 3891 Karolo
1169 3847 1241 3908 sup·

111 3935 252 4002 radicto.

224 4043 278 4109 Ad
296 4050 449 4127 quartam
465 4050 601 4129 partem,
616 4067 675 4129 per
692 4068 789 4130 quam
809 4047 871 4128 ipsi
886 4043 1132 4110 Ambaxatores
1149 4042 1241 4109 nobis

111 4153 311 4236 significant,
337 4151 423 4236 quod
453 4153 600 4218 dominus
632 4155 704 4219 Rex
736 4154 900 4237 predictus
935 4163 984 4218 est
1016 4159 1241 4218 contracturus

111 4263 318 4348 parentelam
335 4283 408 4327 cum
426 4263 555 4328 domino
566 4263 657 4330 Duce
674 4263 827 4347 Austric;
845 4271 877 4329 et
893 4264 969 4328 licet
986 4263 1076 4346 sciat,
1092 4262 1180 4348 quod
1195 4264 1241 4327 in-

110 4381 166 4438 ter
183 4373 287 4456 ipsum
306 4377 338 4436 ot
354 4393 412 4435 nos
429 4372 472 4435 sit
489 4373 633 4437 sinemus
650 4395 749 4454 irritor,
767 4380 876 4438 tamon
893 4395 926 4437 sc
943 4371 1038 4437 ollcrt
1063 4396 1240 4457 procurare

111 4488 145 4546 ot
164 4481 281 4560 fircera
299 4480 385 4564 quod
403 4479 511 4545 dictus
529 4503 621 4546 antor
637 4489 667 4546 cl
684 4483 805 4548 caritas
823 4481 862 4544 do
888 4482 973 4546 bono
989 4484 1022 4547 in
1048 4483 1161 4547 melius
1186 4507 1241 4550 au-

110 4595 239 4675 geatur.
255 4586 505 4676 Respondeatui·
521 4589 600 4675 ipsis
616 4589 905 4674 Ambaxatoribus‚
917 4590 1004 4677 quod
1021 4612 1078 4658 nos
1093 4594 1239 4662 volumus
