3134 5254
406 390 469 456 266
759 407 991 454 erruouxcmxr
1009 391 1177 452 anihrax.

401 591 520 654 pensos
535 591 556 636 a
571 569 700 635 domiuo
719 568 819 653 Rege,
835 591 874 633 ex
901 567 1019 651 quibus
1047 567 1258 634 obtinuerant
1274 569 1421 635 victorias
1443 589 1511 652 quus

405 678 608 760 habuerant;
624 677 711 741 unde
726 677 790 760 ipsi
805 673 846 741 ob
863 676 1077 744 reverentiam
1098 676 1219 742 domini
1235 676 1342 761 Regis
1371 676 1511 742 debebant

405 786 663 852 condescendere
679 785 722 850 ad
738 805 861 870 pacem,
878 792 913 850 et
929 782 972 850 ad
988 806 1027 850 ea
1043 805 1105 868 que
1133 784 1241 850 forent
1266 786 1463 852 rationabilia
1487 791 1514 849 ct

403 895 549 975 honesta,
566 915 639 959 cum
649 893 725 978 alijs
735 893 884 977 pluribus
894 892 1008 973 verbis,
1019 913 1081 976 que
1091 892 1329 978 nimialongum
1344 900 1425 960 esset
1438 914 1513 958 ener-

403 1025 485 1070 rare.
507 1001 603 1068 Modi
618 1020 696 1067 vero
713 1000 845 1067 dicendi
861 1000 1005 1066 Domino
1021 1000 1135 1067 Padue
1155 1001 1216 1067 soli
1230 1001 1422 1068 videbantur
1436 1000 1513 1066 nobis

405 1111 475 1193 isti3
485 1109 645 1192 videlicet,
655 1108 743 1194 quod
753 1110 816 1192 ipsi
822 1115 977 1194 poterant
986 1109 1093 1176 dicere
1104 1109 1246 1176 Domino
1258 1111 1382 1191 Padus,
1394 1109 1513 1193 qualiter

409 1222 478 1304 ipse
494 1216 619 1284 sciebat
636 1237 788 1299 magnum
806 1237 952 1282 amorem
968 1224 1003 1283 et
1026 1216 1254 1284 confidentiam
1270 1240 1370 1302 quam
1386 1219 1514 1285 dominus

403 1326 481 1392 Rex
498 1326 612 1392 multis
628 1327 724 1391 anuis
740 1325 861 1410 elapsis
887 1325 1078 1392 ostenderat
1101 1326 1225 1392 habere
1251 1348 1330 1411 erga
1349 1328 1448 1410 ipsum
1461 1323 1517 1390 Do·

403 1437 529 1502 minum
545 1433 678 1513 Padue,
702 1438 836 1517 propter
861 1453 959 1515 quam
986 1432 1055 1516 ipse
1080 1433 1199 1499 multos
1226 1432 1355 1500 favores
1380 1433 1518 1500 habuita

404 1543 494 1610 dicto
509 1542 640 1609 domino
667 1541 768 1625 Rege,
784 1563 824 1606 ex
841 1541 963 1623 quibus
978 1543 1047 1626 ipse
1072 1559 1107 1608 se
1133 1546 1335 1608 conservarit
1360 1545 1393 1608 in
1416 1544 1518 1608 honore

405 1661 438 1720 et
454 1657 545 1717 statu
561 1671 637 1732 suo,
662 1655 695 1715 et
719 1649 762 1715 ab
789 1648 862 1733 alijs
887 1655 1019 1732 portata
1044 1649 1106 1715 eibi
1122 1650 1185 1716 fuit
1202 1657 1235 1716 et
1250 1657 1404 1734 portatur
1418 1669 1519 1730 magna

407 1760 590 1825 reverentia
616 1757 891 1841 contemplacione
907 1765 940 1824 et
956 1759 1073 1824 timore
1093 1759 1193 1842 ipsius
1210 1759 1335 1824 domiui
1351 1759 1450 1840 Regis
1462 1777 1520 1840 pre

404 1868 500 1948 dicti;
523 1873 557 1932 et
581 1867 672 1950 qnod
699 1866 838 1932 nolendo
866 1866 1123 1932 condescendere
1143 1868 1186 1934 ad
1202 1867 1403 1933 voluntatem
1418 1863 1520 1930 domiui

408 1976 521 2060 Regis,
537 1980 570 2039 et
586 1975 629 2040 ad
646 1995 686 2040 ea
703 1997 765 2058 que
780 1975 958 2058 respiciant
973 1981 1095 2040 statum
1106 1982 1139 2041 et
1149 1976 1304 2042 honorem
1321 1996 1422 2055 suum,
1437 1970 1522 2037 nichil

406 2084 495 2150 aliud
511 2087 596 2148 esset
612 2081 730 2165 dicere,
756 2083 819 2148 nisi
843 2083 930 2165 quod
948 2082 1103 2167 quiequid
1118 2083 1186 2166 ipse
1204 2084 1339 2148 dixisset
1355 2088 1390 2147 et
1404 2080 1523 2157 fecisset,

404 2193 476 2275 ipse
492 2191 621 2256 fecisset
635 2211 695 2273 pro
712 2189 862 2256 faciendo
880 2190 1041 2256 vindictas
1059 2211 1144 2272 snas,
1164 2197 1197 2254 et
1213 2191 1256 2255 ad
1266 2211 1359 2255 suam
1375 2188 1521 2275 propriam

405 2299 592 2381 utilitatem,
603 2304 778 2382 etnonpro
795 2299 878 2366 bono
895 2305 928 2363 et
943 2298 1199 2365 honoredomini
1212 2298 1332 2382 Regis;
1350 2305 1383 2364 et
1398 2295 1523 2380 qualiter

406 2407 469 2471 hoe
479 2405 613 2471 deberet
624 2427 693 2472 esse
703 2412 833 2489 gratum
844 2412 876 2471 et
885 2404 1037 2489 placibile
1049 2402 1179 2471 domino
1189 2405 1283 2488 Regi,
1293 2406 1357 2489 ipsi
1368 2405 1445 2471 bene
1453 2421 1524 2468 com·

405 2514 608 2599 prehendere
618 2519 763 2598 poterat,
780 2520 812 2579 et
823 2519 999 2598 propterea
1010 2514 1072 2600 ipsi
1084 2514 1183 2579 etiam
1194 2519 1350 2596 poterant
1360 2513 1460 2578 dicere
1468 2509 1525 2574 De

409 2622 495 2686 mino
512 2621 633 2704 Padue‚
650 2622 791 2705 qualiter
808 2621 875 2704 ipse
892 2620 1035 2686 debebat
1051 2621 1269 2700 considerare,
1287 2621 1375 2703 quod
1392 2620 1524 2686 dominus

406 2731 480 2796 Rex
490 2735 561 2796 erat
572 2730 669 2795 homo
680 2735 795 2795 eterat
805 2729 990 2810 moriturus,
1003 2735 1036 2794 et
1047 2729 1135 2812 qnod
1146 2729 1288 2794 nolendo
1304 2729 1414 2794 faeere
1429 2727 1524 2794 solur.-

406 2843 516 2921 tatem,
533 2842 566 2901 et
581 2836 615 2901 id
632 2836 719 2920 quod
737 2843 822 2903 esset
837 2835 942 2902 honor
960 2837 1083 2902 domini
1101 2836 1210 2919 Regis,
1226 2838 1295 2920 ipse
1311 2836 1394 2902 bene
1409 2843 1525 2919 poterat

407 2946 526 3027 videre,
543 2968 614 3012 cum
631 2951 755 3027 quanta
765 2943 929 3010 discordia
938 2945 1007 3028 ipse
1017 2947 1117 3010 etiam
1127 2951 1311 3011 remaneret
1321 2967 1394 3011 curn
1403 2943 1526 3010 Beroni-

404 3054 466 3118 bus
486 3051 682 3132 videntibus,
709 3051 796 3135 quod
814 3050 920 3116 lacere
936 3052 1093 3118 noluisset
1109 3051 1264 3117 honorem
1281 3052 1404 3117 domini
1419 3051 1526 3135 Regis;

405 3182 476 3226 eum
486 3160 597 3226 multis
608 3159 682 3246 alijs
692 3159 807 3242 verbis,
819 3180 881 3242 que
891 3166 1023 3243 propter
1033 3160 1255 3243 prolixitatem
1265 3155 1527 3223 obmittimusll·

406 3268 485 3333 time
497 3269 635 3333 diximus
646 3268 750 3333 eidem
760 3267 890 3332 domino
902 3267 1038 3348 Karolo,
1048 3266 1135 3350 quod
1145 3267 1178 3330 in
1189 3266 1393 3350 specialitate
1403 3265 1526 3347 suaipse

406 3381 537 3458 poterat
566 3375 673 3440 dicere
700 3381 733 3439 et
756 3373 978 3442 Januensibus
1004 3381 1037 3440 et
1061 3375 1204 3441 Domino
1230 3373 1358 3455 Padus,
1380 3373 1461 3458 quod
1477 3369 1528 3455 ipsi

406 3481 494 3547 bene¹
505 3481 679 3548 manifesta
694 3481 847 3565 sciebant,
866 3489 1024 3576 quantum
1040 3484 1109 3568 ipse
1126 3482 1277 3546 dominus
1287 3481 1431 3548 Karolus
1448 3488 1525 3546 teue-

406 3590 507 3654 balur
524 3596 556 3654 et
572 3590 737 3672 obligatus
753 3596 823 3655 erat
839 3591 882 3656 ad
898 3590 1052 3656 bonorem
1064 3591 1186 3656 domini
1197 3590 1318 3673 Regis;
1335 3611 1374 3655 ex
1390 3611 1452 3672 quo
1467 3589 1527 3672 ipse

408 3697 587 3782 dispositus
603 3705 675 3764 erat
692 3720 858 3782 nunquam
884 3698 1113 3784 derelinquere
1128 3699 1217 3763 istud
1232 3697 1366 3782 factum,
1382 3698 1480 3764 donec
1493 3695 1530 3758 ri-

408 3806 501 3871 deret
525 3806 632 3888 finem,
658 3813 728 3871 lam
754 3814 887 3890 propter
913 3809 1131 3874 reverentiam
1158 3807 1281 3872 domini
1308 3807 1420 3891 Regis,
1443 3821 1531 3889 quam

408 3921 541 3998 propter
566 3915 722 3980 honorem
747 3937 838 3980 suum
864 3916 1050 4000 proprium;
1075 3923 1108 3981 et
1131 3913 1222 4000 quod
1238 3915 1440 3982 remanendo
1457 3916 1530 3980 sicut

407 4029 479 4087 erat
496 4022 673 4106 dispositus
689 4044 869 4104 remanere,
886 4024 1163 4090 donecistasacta
1174 4023 1335 4088 haberent
1352 4023 1458 4106 finem,
1472 4027 1532 4086 eret

346 4129 347 4134 ’
406 4149 560 4211 magnum
587 4129 821 4194 incommodum
848 4137 880 4195 ot
906 4130 1073 4196 sinistrum
1099 4131 1286 4214 haethaeum,
1312 4152 1375 4214 que
1402 4129 1532 4197 habebat

406 4236 523 4316 secere,
534 4243 713 4318 etquenon
724 4244 818 4302 erant
837 4259 959 4321 parva3
984 4246 1017 4304 et
1031 4240 1111 4322 ipsis
1127 4259 1191 4303 non
1209 4238 1534 4304 condescendentibus

407 4343 450 4410 ad
468 4365 591 4428 pacem,
607 4351 640 4409 et
656 4345 698 4420 ad
716 4367 754 4409 ea
771 4367 834 4428 que
851 4347 959 4412 forent
971 4347 1065 4431 justa
1080 4355 1113 4412 et
1129 4347 1353 4428 rationabilia,
1368 4349 1441 4430 ipse
1457 4351 1533 4431 pote

407 4459 461 4516 rat
478 4453 596 4532 dicere,
613 4454 700 4535 quod
716 4453 777 4536 ipsi
796 4462 889 4520 crant
906 4476 1006 4521 causa
1022 4455 1157 4540 dampni
1175 4456 1243 4535 sui;
1267 4455 1355 4520 unde
1371 4455 1533 4539 ipseroga·

407 4559 465 4625 bat
489 4581 553 4637 eos,
581 4567 742 4646 quatenus
768 4571 838 4628 tam
864 4585 904 4630 ex
925 4565 1108 4632 reverentia
1122 4563 1245 4632 demini
1261 4562 1376 4648 Regis,
1393 4585 1488 4649 quam
1502 4583 1534 4627 ex
