3190 5252
579 289 673 365 taso.
1120 280 1186 362 trs

14 459 16 470 ¹
74 477 168 544 tamus
179 479 383 546 commisisse.
401 478 440 542 In
451 476 596 542 favorem
606 498 681 543 vero
694 476 804 544 Vestri
817 475 1006 544 Communis
1017 479 1121 544 eidem
1133 479 1188 544 do·

73 585 149 650 mino
173 585 301 652 Karolo
327 585 499 669 dirigimus
524 584 654 650 litteras
680 591 818 669 nostras,
845 607 927 669 quas
953 584 1057 651 eidem
1081 587 1188 652 velitis

75 695 163 759 nostri
190 715 302 759 amore
327 694 541 776 translegare,
567 715 639 757 cum
665 692 750 758 idem
776 715 810 757 se
835 694 949 758 vestris
976 693 1187 777 beneplacitis

71 799 310 884 obtemperabit.
334 800 440 886 Super
465 820 503 865 eo
520 807 640 882 autem,
656 800 745 883 quod
770 821 826 866 vos
850 801 939 883 genti
955 807 1064 866 nostre
1081 807 1187 866 certas

14 959 15 962 η
72 908 260 990 quantitates
290 909 510 992 pecuniarum,
536 914 605 973 t'am
630 908 819 988 liberaliter,
845 909 979 991 tamque
1006 915 1188 992 gratanter,

14 1087 15 1090 Ἴ
70 1036 121 1097 pro
137 1018 344 1100 negociorum
360 1023 546 1084 nostrorum
555 1015 764 1084 laudabiliori
775 1018 971 1100 executione,
990 1017 1032 1083 ad
1042 1023 1187 1083 nostram

15 1199 16 1202 Ἴ
73 1122 302 1206 obligationem,
328 1130 365 1190 ut
389 1123 498 1192 littere
524 1130 630 1191 vestre
651 1125 778 1208 docent,
794 1125 937 1203 dedistis,
963 1133 995 1190 et
1014 1126 1190 1190 successive

14 1313 15 1316 Ἴ
73 1230 242 1297 adrentum
258 1253 428 1296 numerum
445 1232 671 1317 complendum
683 1232 762 1298 dare
779 1255 833 1298 ros
851 1233 1024 1314 obtulistis,
1035 1231 1190 1300 Amicitia

14 1321 16 1402 f
73 1335 180 1403 Vestre
189 1340 421 1423 regratiamur3
439 1341 588 1425 dispositi
597 1340 803 1406 votisvestris
813 1340 1025 1425 complacere,
1035 1363 1074 1406 ao
1083 1341 1191 1407 omnia

72 1445 214 1512 aasacere
234 1448 301 1514 suis
316 1448 525 1532 temporibus,
541 1450 574 1512 in
591 1449 707 1531 quibus
723 1449 823 1533 vobis,
846 1451 974 1516 ratione
999 1449 1186 1515 huiusmodi

71 1555 172 1636 mutui,
183 1555 340 1622 Amicitia
360 1557 480 1626 Vestra
496 1556 715 1640 dignoscimur
732 1558 879 1640 obligari.
905 1558 995 1625 Data
1020 1557 1105 1642 Zolij
1133 1558 1185 1622 die

73 1662 242 1742 penultima
258 1665 377 1730 mensis
393 1663 588 1731 Novembris
604 1687 690 1732 anno
710 1664 866 1731 LXXX.

171 1773 284 1838 Kiottl.
301 1770 476 1838 Nobilibus
492 1780 525 1837 et
542 1773 742 1856 sapientibus
768 1774 845 1838 viris
862 1773 1034 1839 Prioribus
1052 1771 1192 1854 Artium,

74 1873 257 1944 Vexillifero
288 1877 433 1961 Justitie,
461 1879 590 1965 Populo
614 1885 647 1945 et
674 1878 844 1946 Communi
871 1881 1052 1964 Florentio,
1081 1882 1191 1948 amicis

73 1985 186 2050 nostris
203 1987 387 2053 carissimis.

73 2125 208 2186 (Er-edotio
222 2133 341 2196 papiron
354 2147 370 2181 a
385 2131 523 2194 »Signort
543 2133 700 2197 Carteggie,
713 2133 842 2184 Misoive«
857 2135 910 2184 stb.
933 2133 1010 2185 XIX.
1034 2130 1189 2200 klitegeb'en

325 2227 367 2272 93.
381 2235 417 2272 sn.
431 2237 464 2283 m,
479 2237 496 2270 a
508 2223 640 2272 florenczi
654 2237 728 2287 nagy
741 2223 932 2288 levdltrtrbant

551 2436 706 2449 ..a--o--u

595 2659 667 2724 199.

15 2903 16 2906 Ἴ
76 2814 196 2904 Kdroly
221 2818 376 2882 dn-razzoi
401 2819 589 2906 loerczepneb
617 2821 640 2883 Ι.
662 2822 764 2906 Lojos
787 2843 929 2908 oropycrr
954 2820 986 2886 ds
1012 2820 1133 2909 lonppel
1148 2824 1195 2886 kt-

538 2929 623 3014 any.
640 2931 736 2993 raso.

282 3084 355 3151 Rex
370 3085 545 3171 Hungarie
562 3088 693 3154 domino
709 3089 837 3154 Karolo
854 3089 894 3154 do
910 3090 1088 3154 Durachio

175 3192 318 3261 Illustris
341 3193 445 3261 frater
463 3196 640 3262 karissime.
657 3195 865 3280 Scripserunt
891 3197 983 3261 nobis
1010 3197 1194 3261 Florentini

73 3296 197 3366 litteras
229 3324 314 3385 suae,
345 3305 518 3370 maximam
545 3304 717 3371 verborum
740 3306 961 3388 prolixitatem
986 3305 1196 3384 continentes,

14 3435 16 3446 =
74 3413 103 3471 et
117 3409 149 3474 in
166 3411 285 3476 eisdem
303 3434 400 3479 unam
420 3415 545 3496 copiam
570 3413 796 3492 indcrclusam,
811 3414 870 3479 sub
887 3418 980 3480 tanto
1005 3413 1195 3496 compendio

74 3515 250 3593 uerborum,
266 3521 298 3583 in
316 3522 432 3604 quibus
448 3521 645 3605 collegimus
663 3520 750 3603 quod
766 3522 911 3586 sentiunt
927 3528 1061 3605 propter
1085 3520 1197 3586 banni·

77 3625 124 3686 tos
140 3646 259 3705 eorum,
271 3649 353 3712 quos
364 3629 568 3712 acceptastis,
586 3651 619 3695 se
631 3635 791 3712 gravatos.
808 3627 978 3710 Attamen,
994 3649 1197 3712 quocumque

79 3727 163 3798 lacta
178 3757 211 3800 ae
228 3735 360 3819 habent,
375 3738 487 3802 taliter
504 3739 536 3802 in
547 3739 681 3822 agendis
692 3737 806 3802 vestris
816 3736 1012 3820 procedatis,
1028 3743 1065 3800 ut
1082 3734 1197 3799 exinde

77 3839 162 3905 vobis
178 3848 210 3907 et
224 3845 317 3910 nobis
333 3845 428 3911 cedat
444 3847 515 3911 laus
532 3854 565 3912 et
580 3847 694 3926 honor,
714 3867 754 3910 ac
779 3866 852 3910 cum
877 3844 956 3928 ipsis
982 3842 1197 3923 Florentinis,

77 3949 284 4033 amicabilius,
300 3960 337 4019 ut
352 3976 391 4020 ex
407 3953 564 4038 predictis
592 3953 683 4020 vobis
699 3953 872 4035 videbitur,
898 3952 1092 4032 transeatis3
1117 3973 1198 4032 cunr,

77 4054 102 4116 si
117 4058 286 4141 noluerint,
302 4062 379 4127 boni
395 4064 460 4128 sint
476 4062 640 4130 adiutores
657 4070 689 4128 et
705 4061 808 4126 amici.
835 4060 900 4126 Sed
925 4079 981 4124 vos
1006 4059 1087 4124 illud
1113 4059 1197 4122 idem

75 4161 139 4242 jam
155 4187 213 4249 per
228 4169 461 4252 experientiam
478 4171 582 4253 magis
607 4170 697 4235 scitis
714 4175 747 4233 et
771 4168 938 4252 palpastis.
965 4166 1119 4232 Ceterum
1144 4166 1199 4231 ad-

78 4272 235 4356 miramur,
251 4275 338 4359 quod
364 4277 457 4343 nobis
482 4277 613 4360 penitus
638 4277 802 4341 dorostro
829 4295 983 4357 processu
1007 4271 1072 4336 huc
1097 4295 1198 4357 usque

75 4378 139 4460 jam
154 4383 209 4447 diu
224 4385 325 4449 nichil
340 4386 522 4469 scripsistis.
549 4384 659 4470 Quare
685 4405 838 4467 rogamus
863 4405 927 4461 vos,
953 4383 1107 4464 quatinus
1134 4387 1199 4448 sta·

77 4493 144 4554 tum
159 4514 327 4574 processus
352 4495 460 4574 nestri,
476 4501 508 4559 et
524 4495 666 4559 omniurn
683 4514 845 4573 novorum,
870 4491 963 4556 nobis
989 4490 1198 4556 velitiscreb-
