3172 5254
54 4269 59 4280 .
89 4223 234 4303 rependat
250 4224 429 4300 humilitas,
446 4245 510 4288 nou
527 4221 701 4302 habcmus3
726 4222 785 4285 uisi
804 4220 890 4304 quod
912 4219 1102 4285 continuata
1121 4219 1214 4285 ‹lero-

5 4541 7 4608 l

610 357 702 430 latr.
1157 368 1217 432 147

105 527 239 605 recitatis
264 540 385 607 Vestra
410 543 556 626 gratiosa
590 566 745 626 responsa
771 543 812 608 ad
839 545 1034 624 legationem
1070 553 1216 612 nostram

104 647 256 714 Maiestati
273 647 395 716 Vestre
420 651 600 734 expositam
626 673 684 734 per
701 651 847 734 eundem,
863 675 901 718 ao
919 675 958 718 ea
975 675 1039 736 que
1056 655 1118 721 sibi
1136 676 1219 720 com-

104 756 182 822 misit
206 755 325 823 Vestra
355 755 547 823 Sublimitas
575 760 607 822 in
625 767 769 840 secret0;
793 761 969 843 omniaque
987 761 1137 826 ineundis
1155 765 1222 828 ani-

104 863 155 928 mis
170 863 382 930 intelleximus
399 865 582 949 diligenter.
609 867 752 950 Ipsoque
770 866 899 932 Simone
916 869 1044 933 emiose
1062 871 1221 936 referente

103 977 306 1058 cognouimus,
324 983 449 1058 quanta
472 975 593 1058 pietate
610 983 643 1040 et
659 975 862 1042 immanitate
879 999 911 1041 se
927 977 1080 1043 habuerit
1101 977 1221 1044 Vestra

104 1082 268 1149 Clementia
302 1090 334 1148 et
368 1081 661 1148 serenissimorum
693 1083 877 1166 benignitas
908 1085 1113 1168 Regilianum
1144 1108 1223 1171 erga

103 1192 180 1257 illum
205 1173 478 1277 sapientissimum
506 1194 610 1256 rirmn
638 1194 802 1259 dominum
828 1195 953 1259 Benem
979 1195 1097 1261 Jacobi
1114 1196 1220 1261 Fian-

1 1294 3 1396 ζ
103 1300 167 1365 eisci
183 1300 338 1366 delBene
364 1302 530 1383 egregium
558 1300 685 1384 Legum
712 1299 898 1384 Ductorem,
916 1303 1162 1382 dilectissimum
1180 1305 1221 1368 ei-

103 1429 164 1472 uem
188 1415 341 1476 nostrum.
369 1411 401 1473 in
430 1409 516 1473 dicta
545 1408 708 1492 legatione
735 1433 828 1475 suum
854 1411 975 1476 socium
993 1420 1026 1476 et
1042 1413 1221 1496 collegam3

101 1516 146 1599 qui
168 1523 340 1600 antequam
366 1525 474 1600 posset
501 1522 708 1600 conspectum
741 1519 861 1586 Vestre
895 1519 1080 1585 Maiestatis
1113 1519 1214 1602 adire,

105 1625 177 1689 riam
194 1627 341 1690 rniuerse
359 1625 465 1689 carnis
482 1625 658 1708 ingressus,
676 1625 899 1712 tributumque
916 1635 1023 1694 nostre
1041 1629 1221 1695 mortalita·

104 1733 139 1797 tis
153 1735 309 1814 exorrens,
336 1739 369 1796 rt
396 1753 571 1815 speramus,
598 1733 640 1798 ad
665 1756 758 1798 suum
779 1735 876 1800 rediit
892 1743 1081 1816 creatorem,
1098 1737 1131 1800 in
1148 1737 1222 1802 visi-

1 1825 2 1878 l
101 1835 196 1921 tanda
213 1849 245 1907 et
270 1843 310 1907 de
336 1840 452 1924 Regiis
469 1843 569 1924 copiis
587 1841 610 1926 (t
617 1841 672 1924 gp)
691 1864 729 1906 ac
745 1843 943 1910 medicorum
961 1853 1140 1909 vestrorum
1159 1845 1220 1908 sut·

101 1949 199 2033 fragiis
223 1949 406 2016 infirmitati
434 1969 489 2013 sue
516 1958 581 2015 tam
607 1950 757 2034 benigne,
774 1957 908 2034 tamque
926 1951 1095 2034 magnifice
1113 1953 1218 2035 prori-

99 2055 200 2138 dendo,
216 2065 249 2123 et
266 2057 299 2121 in
314 2059 380 2122 iarn
397 2057 541 2121 defuncti
570 2054 772 2121 iurreralibus
790 2063 822 2121 et
839 2059 983 2140 exequiis
1008 2059 1220 2124 honorificen-

99 2165 146 2247 tia,
161 2167 242 2230 vltra
258 2165 365 2248 patrie.
383 2185 504 2228 morem
523 2171 553 2226 ct
573 2163 710 2246 Regiam
722 2165 998 2244 cousuetudinem,
1015 2165 1076 2230 sibi
1095 2167 1217 2249 impen-

101 2293 146 2352 sa;
168 2295 222 2338 nee
239 2295 305 2338 non
322 2279 445 2354 quanta
464 2273 638 2337 serenitate
654 2271 773 2337 frontis
790 2279 821 2336 et
837 2273 945 2355 lepore
966 2275 1120 2339 sermonis
1137 2297 1219 2338 snm-

99 2399 172 2445 mam
187 2380 378 2446 intentionis
390 2381 574 2445 denotionis
589 2387 697 2444 nostre
715 2378 836 2446 Vestra
853 2384 1028 2465 susceperit
1040 2381 1219 2448 Celsitudo

99 2487 261 2572 inquibus
279 2489 439 2572 omnibus,
466 2489 696 2554 humanissime
724 2488 894 2573 Princeps,
921 2493 1073 2574 quoniam
1091 2492 1217 2556 humili·

98 2601 188 2663 tatem
211 2606 359 2666 nostram
385 2600 531 2664 ducimus
557 2599 757 2678 honoratam
775 2605 806 2662 ct
824 2599 863 2664 de
889 2602 1034 2682 gratioso
1051 2621 1216 2685 respousa,

97 2707 173 2788 quod
190 2707 294 2774 eidem
323 2705 506 2774 Clementia
534 2705 655 2775 Vestra
673 2705 771 2788 dedit,
788 2707 1007 2792 magnitudini
1025 2707 1151 2772 'l'lrroui
1169 2729 1218 2773 re·

94 2816 152 2898 stri,
178 2821 302 2899 quanto
328 2814 487 2898 ampliora
515 2835 694 2898 possumus,
721 2815 829 2880 debita
856 2816 1024 2881 referimus
1051 2816 1217 2900 impendia

95 2925 272 3003 gratiarum.
289 2925 336 2988 Et
355 2929 387 2988 rt
405 2922 447 2988 ad
465 2923 592 3006 singula
610 2923 783 3004 veniamus,
810 2922 967 3008 Princeps
983 2925 1113 3008 optime,
1129 2923 1217 3008 quod

94 3025 203 3097 Vestra
230 3031 398 3098 Serenitas
424 3051 504 3115 erga
529 3053 588 3096 nos
615 3033 705 3097 iuxta
723 3038 904 3096 rostrorum
922 3033 1215 3099 sacratissimorum

94 3141 329 3222 progenitorum
346 3141 482 3223 vestigia
508 3139 708 3222 singularem
738 3138 942 3205 affectionem
972 3139 1098 3220 lrabeat,
1116 3140 1216 3223 quod·

92 3249 203 3330 quasit
219 3249 314 3314 nobis
340 3247 372 3313 in
400 3247 609 3332 possibilibus
634 3246 807 3330 placitura,
833 3254 866 3312 et
892 3247 981 3329 quod
998 3249 1038 3312 sit
1055 3247 1215 3332 disposita

92 3373 245 3440 uunquam
272 3377 342 3422 esse
368 3357 418 3421 rel
443 3356 550 3422 faeere
570 3365 684 3421 contra
702 3353 881 3420 Commune
898 3363 1054 3438 nostrum,
1071 3352 1215 3421 Comita-

92 3469 153 3527 tum
170 3471 199 3530 et
216 3465 414 3531 Distriotum
440 3464 593 3545 eiusdem,
619 3485 691 3529 cerm
717 3461 916 3529 Ciuitatibus
944 3469 976 3527 et
993 3463 1215 3547 Distrietibus,

91 3571 119 3634 in
136 3574 248 3656 quibus
264 3574 560 3658 preheminentiam
579 3572 754 3652 lrabemns3
779 3573 841 3636 imo
859 3593 917 3636 nos
935 3573 1058 3637 sincere
1069 3570 1215 3656 diligere,

82 3686 119 3780 'et
134 3683 163 3745 in
180 3681 407 3748 benerolentia
433 3679 538 3764 Regia
564 3680 703 3746 dulciter
729 3701 930 3760 conservare,
958 3687 989 3744 et
1016 3681 1098 3746 sieut
1116 3680 1215 3746 vestri

90 3790 303 3872 progenitores
319 3789 475 3872 fecerunt,
492 3808 550 3871 pro
567 3785 679 3854 amicis
690 3787 867 3852 carissimis
884 3807 942 3852 uos
959 3787 1097 3868 habere;
1122 3787 1215 3853 affec-

88 3896 168 3963 tione
185 3897 413 3980 sincerissima,
430 3903 549 3962 etcum
566 3895 679 3961 humili
696 3897 891 3978 reuerentia,
901 3897 1082 3979 gratiarum
1099 3895 1211 3961 debito

89 4012 201 4086 quanto
218 4004 397 4074 officiosius
414 4027 587 4089 possumus
612 4005 787 4089 persoluto,
811 4005 937 4070 deuotis
954 4011 1051 4088 atque
1067 4004 1214 4070 iocundis

88 4113 196 4180 animis
221 4123 440 4200 acceptamus.
467 4113 562 4198 Quod
588 4121 697 4179 autem
724 4111 920 4178 Celsitudini
952 4110 1071 4179 Vestra
1098 4119 1212 4176 nostra

90 4328 176 4409 tione,
193 4353 292 4415 quam
309 4333 458 4397 innatam
483 4331 526 4396 ad
551 4331 661 4395 inclite
688 4331 841 4395 memorie
861 4328 956 4393 vestri
973 4327 1214 4410 generosissimi

89 4438 247 4518 sanguinis
264 4445 503 4522 propagatores
521 4459 647 4523 semper
673 4443 782 4502 nostra
801 4436 1024 4501 Communitas¹
1041 4431 1164 4514 habuit,
1182 4442 1215 4499 et

92 4549 227 4631 usquein
246 4553 434 4631 presentem
451 4547 535 4614 diem
552 4548 693 4613 fideliter
715 4547 934 4626 conseruauit,
951 4542 1148 4608 intendimus
1166 4550 1213 4607 tu-

1045 4648 1104 4716 10*
