3182 5252
376 397 441 462 570
729 419 964 464 nrrtounezmr
979 407 1146 466 subtusa.

375 583 425 640 ter
443 575 634 658 Reginalem
650 578 861 644 Maiestatem
877 579 1059 662 Hungarie‚
1076 585 1109 643 et
1132 600 1191 643 nos
1208 587 1241 644 et
1253 577 1437 646 Commune
1453 603 1506 646 no·

375 691 497 763 strum;
521 683 565 748 ad
582 706 662 767 quas
679 684 792 749 literas
823 686 929 751 (lictus
956 708 1006 752 ser
1032 685 1178 751 Karalus
1202 686 1294 751 Zeno
1320 694 1354 752 et
1375 687 1453 753 solii
1470 690 1508 754 de

375 798 487 856 nostro
505 793 659 856 mandato
675 792 823 858 fecerunt
838 796 1081 877 responsionem
1100 795 1162 878 ipsi
1179 795 1358 862 Francisco
1375 796 1416 861 de
1427 795 1509 860 Ber-

375 899 487 981 nardo,
513 901 651 983 qualiter
676 901 757 966 illud
783 904 945 985 negotium
974 904 1125 987 placebat
1153 901 1246 968 nobis
1273 911 1346 984 eta,
1371 902 1412 968 de
1438 927 1505 986 qna

375 1015 489 1074 nostra
505 1010 715 1093 responsione
731 1031 795 1074 non
811 1010 1007 1092 dubitemne,
1022 1013 1088 1075 imo
1106 1010 1186 1074 certi
1202 1031 1320 1088 sumus,
1332 1009 1422 1093 quod
1439 1010 1507 1075 Ex·

375 1117 527 1182 cellentia
544 1117 611 1182 Sua
628 1125 678 1182 est
694 1117 785 1201 plene
803 1119 987 1184 informata.
1012 1119 1057 1184 Et
1077 1119 1155 1202 quia
1171 1118 1213 1182 ad
1237 1117 1362 1184 sactum
1389 1119 1511 1202 princi-

375 1226 447 1308 pale
465 1246 528 1290 non
545 1225 606 1290 luit
623 1226 716 1290 uobis
733 1227 833 1291 missa
849 1226 961 1310 aliqua
976 1226 1154 1310 responsio
1165 1227 1252 1310 quod
1268 1226 1386 1291 leviter
1397 1228 1511 1309 potuit

375 1333 553 1397 occurrisse
569 1339 701 1416 propter
717 1336 875 1414 nuntium⁷
893 1337 947 1417 qni
964 1334 1118 1399 defecerit-
1135 1337 1168 1398 in
1185 1333 1246 1413 ria,
1261 1336 1311 1399 vel
1326 1334 1395 1398 alia
1411 1336 1503 1400 iusta

374 1447 408 1504 et
423 1439 591 1524 legiptime
607 1463 722 1522 causa3
739 1449 915 1524 propterea
932 1441 1181 1507 deliberavimus
1195 1443 1322 1507 mittere
1333 1442 1441 1526 ipsum
1457 1465 1509 1508 ser

374 1545 535 1612 Jacobnm
553 1547 594 1612 ad
611 1551 809 1630 presentiam
835 1548 900 1614 Sue
927 1547 1175 1632 Magnitudinis,
1202 1548 1245 1614 sd
1269 1549 1507 1614 notificandum

376 1657 627 1720 sincerissimam
642 1665 674 1721 et
690 1659 847 1742 optimam
864 1658 1108 1740 dispositionem
1126 1658 1230 1722 nostri
1242 1656 1403 1736 Dominii;
1421 1659 1508 1722 nde

373 1764 450 1829 licet
477 1765 564 1846 quod
580 1764 735 1830 existente
752 1765 903 1848 Reginali
928 1765 1103 1830 Maiestate
1129 1764 1288 1848 disposita
1312 1765 1357 1832 ad
1382 1765 1505 1830 facturn

376 1872 441 1954 lige
458 1871 614 1955 predicte,
625 1873 815 1938 Dominatio
826 1880 938 1938 nostra
953 1873 1015 1937 erit
1031 1879 1185 1937 contenta
1202 1873 1332 1937 mittere
1350 1879 1384 1938 et
1399 1873 1507 1937 mittet

375 1979 416 2044 ad
435 1981 630 2062 presentiam
648 1981 748 2062 ipsius
766 1979 934 2062 Reginalis
952 1979 1139 2044 Maiestatis
1164 1987 1310 2044 nostram
1339 1979 1506 2046 Ambaxa-

375 2097 442 2152 tanr
460 2108 519 2170 pro
535 2087 621 2152 lacto
638 2094 669 2152 et
686 2109 757 2152 cum
776 2087 948 2154 sufficienti
966 2087 1122 2152 mandato
1149 2094 1182 2152 et
1207 2087 1364 2153 libertate
1379 2089 1423 2154 ad
1438 2089 1505 2172 ple·

374 2217 460 2260 num.
478 2195 554 2259 Hiis
570 2217 646 2259 vero
662 2196 816 2278 expositis
833 2196 945 2260 audiat
960 2217 1013 2260 ser
1033 2193 1178 2260 Jacobus
1206 2191 1348 2278 Quirino
1373 2217 1503 2280 respon·

375 2303 498 2367 sionem
514 2302 627 2385 Magni
646 2301 792 2384 Comitis
810 2311 842 2367 et
859 2306 886 2367 si
903 2326 962 2388 per
972 2304 1080 2384 verba,
1100 2323 1161 2386 qne
1178 2303 1346 2368 conferent
1364 2304 1503 2380 insimul,

375 2410 537 2475 ridebitur
553 2410 676 2494 Magno
694 2410 821 2492 Comiti,
839 2412 925 2494 quod
951 2411 1018 2493 ipse
1036 2431 1088 2474 ser
1113 2408 1260 2476 Jaeobus
1288 2408 1431 2492 Quirino
1456 2434 1506 2476 ex-

376 2525 476 2602 ponat
494 2517 615 2583 similia
631 2519 729 2584 verba
754 2517 911 2601 Reginali
937 2517 1108 2583 Maiestati
1134 2517 1308 2600 Hungarie
1334 2539 1395 2601 pm
1421 2519 1506 2586 bono

376 2626 536 2690 dictorum
555 2626 762 2708 agendorum,
778 2647 830 2689 ser
849 2627 997 2691 Jacobus
1024 2627 1160 2711 Quirino
1186 2624 1274 2691 dicat
1300 2636 1443 2710 exponat
1460 2651 1507 2694 se·

376 2733 515 2798 eundum
532 2733 703 2798 consilium
720 2733 834 2816 Magni
852 2733 1000 2800 Comitis.
1011 2734 1046 2800 Si
1057 2757 1132 2801 vero
1149 2753 1211 2799 non
1229 2734 1505 2818 videreturMng-

376 2864 416 2906 no
435 2839 565 2922 Oomiti,
583 2841 669 2924 quod
687 2848 769 2906 esset
788 2843 1004 2908 necessarium
1021 2843 1085 2907 dici
1101 2842 1214 2925 aliqua
1231 2841 1331 2906 verba
1348 2842 1505 2926 Reginali

375 2950 545 3014 Maiestati
563 2950 743 3032 Hungarie
761 2951 838 3032 quia
853 2951 917 3014 iarn
944 2949 1059 3015 habita
1084 2949 1199 3015 fuisset
1225 2951 1393 3033 responsio
1420 2951 1509 3017 suffi-

376 3062 463 3122 ciens
481 3065 512 3122 et
530 3059 718 3140 adplenum
738 3081 758 3122 a
773 3057 928 3142 Reginali
946 3059 1121 3124 Maiestate
1138 3059 1314 3142 Hungarie
1329 3061 1508 3125 secundum

375 3167 903 3250 1rostramintentioneur‚relpro
929 3169 995 3232 alia
1018 3170 1107 3234 iusta
1133 3175 1168 3232 et
1192 3168 1364 3256 legiptime
1389 3191 1509 3248 causa;

376 3283 453 3340 tune
469 3297 520 3339 ser
535 3277 560 3341 J
562 3263 683 3341 acobus
699 3274 838 3358 Quirino
856 3296 919 3340 non
936 3283 1065 3340 moveat
1082 3273 1178 3340 verba
1195 3275 1234 3340 de
1261 3275 1323 3340 hoc
1351 3276 1508 3359 Reginali

377 3381 558 3462 Maiestati,
578 3383 632 3446 sed
649 3384 691 3447 sit
708 3383 740 3446 in
761 3403 819 3447 sua
843 3383 994 3448 libertate
1019 3381 1180 3448 scribendi
1209 3382 1317 3447 subito
1335 3382 1439 3464 nobis,
1457 3383 1508 3448 rel

377 3489 526 3554 veniendi
544 3489 703 3555 Venetiae
720 3512 789 3554 curn
808 3513 854 3571 eo,
873 3489 961 3572 quod
976 3490 1090 3555 fecerit
1107 3497 1137 3554 et
1162 3489 1322 3574 habuerit,
1340 3491 1381 3555 de
1407 3493 1508 3557 omni·

376 3597 436 3663 bus
454 3599 638 3680 plenissime
654 3598 863 3680 informatus;
881 3606 912 3664 et
930 3600 970 3664 ad
991 3600 1152 3664 cautelam
1163 3619 1222 3682 pro
1232 3599 1295 3664 hac
1312 3621 1412 3666 eausa
1427 3600 1507 3664 fiant

377 3705 438 3771 sibi
455 3707 549 3771 litere
566 3707 769 3772 credulitatis
786 3708 938 3790 Reginali
957 3705 993 3769 M
997 3708 1127 3772 aiestati
1143 3707 1325 3790 Huugarie.

485 3813 524 3878 In
554 3814 615 3878 hoc
646 3835 721 3878 vero
748 3815 856 3879 medio
882 3821 1027 3898 tempore
1053 3813 1280 3879 committatur
1304 3835 1357 3880 ser
1381 3814 1533 3880 Jaoobo'

379 3921 526 4006 Quirino,
542 3922 629 4006 qnod
646 3923 771 3987 solicite
788 3930 821 3987 et
838 3923 1009 4007 diligenter
1031 3924 1086 3988 det
1102 3943 1233 4006 operam
1259 3921 1299 3986 de
1328 3921 1507 3999 sentiendo,

378 4032 404 4093 si
419 4030 453 4094 in
469 4029 619 4112 partibus
636 4031 702 4096 illis
719 4053 776 4114 per
793 4029 1017 4097 Ambaxatam
1035 4031 1085 4096 vel
1102 4030 1248 4096 Nuntios
1273 4029 1502 4107 Januensium,

377 4140 426 4203 vel
442 4137 573 4202 Domini
591 4137 706 4202 Padue
722 4138 859 4204 luissent
876 4138 989 4221 aliqua
1005 4146 1158 4219 tractata,
1174 4141 1223 4204 rel
1235 4144 1459 4203 tractarentur
1476 4151 1507 4202 et

378 4244 490 4310 fierent
507 4251 621 4310 contra
637 4245 791 4310 honorem
813 4252 846 4310 et
863 4251 982 4310 statum
1009 4249 1114 4312 nostri
1140 4245 1294 4312 Dominii.
1320 4245 1365 4311 ut
1391 4247 1418 4309 si
1443 4245 1508 4308 erit

377 4353 603 4434 necessarium,
621 4353 802 4417 substineat
817 4354 970 4418 bonorem
986 4363 1017 4420 et
1032 4356 1106 4419 iura
1132 4361 1244 4419 uestra
1269 4373 1381 4418 eoram
1407 4351 1507 4432 Regi·

376 4461 444 4525 nali
459 4461 634 4526 Maiestate
652 4461 832 4544 Hungarie,
849 4461 957 4528 dando
975 4464 1035 4530 sibi
1053 4463 1096 4528 ad
1121 4460 1369 4543 intelligendum
1386 4461 1425 4524 de
1441 4459 1507 4524 siu·

380 4569 545 4635 serissime
562 4590 671 4635 amore
688 4575 719 4634 et
735 4569 820 4636 bona
837 4569 1050 4656 dispositione
1068 4571 1171 4638 nostri
1180 4569 1337 4651 Dominii‚
1354 4591 1424 4634 cum
1439 4588 1506 4633 om·
