<?xml version="1.0" encoding="UTF-8"?>
<!DOCTYPE html PUBLIC "-//W3C//DTD XHTML 1.0 Transitional//EN"
    "http://www.w3.org/TR/xhtml1/DTD/xhtml1-transitional.dtd">
<html xmlns="http://www.w3.org/1999/xhtml" xml:lang="en" lang="en">
 <head>
  <title>
</title>
<meta http-equiv="Content-Type" content="text/html;charset=utf-8" />
  <meta name='ocr-system' content='tesseract 3.04.00' />
  <meta name='ocr-capabilities' content='ocr_page ocr_carea ocr_par ocr_line ocrx_word'/>
</head>
<body>
  <div class='ocr_page' id='page_1' title='image "./magyardiplomacz00wenzgoog_0295.png"; bbox 0 0 3134 5254; ppageno 0'>
   <div class='ocr_carea' id='block_1_1' title="bbox 587 417 1199 482">
    <p class='ocr_par' dir='ltr' id='par_1_1' title="bbox 587 417 1199 482">
     <span class='ocr_line' id='line_1_1' title="bbox 587 417 1199 482; baseline -0.003 -2"><span class='ocrx_word' id='word_1_1' title='bbox 587 417 681 482; x_wconf 75' lang='lat'><strong>1379.</strong></span> <span class='ocrx_word' id='word_1_2' title='bbox 1137 418 1199 482; x_wconf 71' lang='lat'><strong>259</strong></span> 
     </span>
    </p>
   </div>
   <div class='ocr_carea' id='block_1_2' title="bbox 1 593 1201 4572">
    <p class='ocr_par' dir='ltr' id='par_1_2' title="bbox 1 593 1201 4572">
     <span class='ocr_line' id='line_1_2' title="bbox 83 593 1201 680; baseline 0.004 -22"><span class='ocrx_word' id='word_1_3' title='bbox 83 593 146 661; x_wconf 86' lang='lat' dir='ltr'><strong>Rex</strong></span> <span class='ocrx_word' id='word_1_4' title='bbox 160 602 267 678; x_wconf 86' lang='lat' dir='ltr'><strong>posset</strong></span> <span class='ocrx_word' id='word_1_5' title='bbox 282 596 405 662; x_wconf 86' lang='lat' dir='ltr'><strong>babere</strong></span> <span class='ocrx_word' id='word_1_6' title='bbox 423 618 481 680; x_wconf 91' lang='lat' dir='ltr'><strong>per</strong></span> <span class='ocrx_word' id='word_1_7' title='bbox 497 597 596 660; x_wconf 87' lang='lat' dir='ltr'><strong>talem</strong></span> <span class='ocrx_word' id='word_1_8' title='bbox 613 596 745 661; x_wconf 93' lang='lat' dir='ltr'><strong>modum</strong></span> <span class='ocrx_word' id='word_1_9' title='bbox 771 594 959 661; x_wconf 91' lang='lat' dir='ltr'><strong>Dominium</strong></span> <span class='ocrx_word' id='word_1_10' title='bbox 976 596 1201 676; x_wconf 86' lang='lat' dir='ltr'><strong>Venetiamm,</strong></span> 
     </span>
     <span class='ocr_line' id='line_1_3' title="bbox 1 702 1201 786; baseline 0.005 -21"><span class='ocrx_word' id='word_1_11' title='bbox 1 732 2 735; x_wconf 38' lang='lat'>¹</span> <span class='ocrx_word' id='word_1_12' title='bbox 81 703 157 783; x_wconf 92' lang='lat' dir='ltr'><strong>quod</strong></span> <span class='ocrx_word' id='word_1_13' title='bbox 183 704 250 786; x_wconf 91' lang='lat' dir='ltr'><strong>ipse</strong></span> <span class='ocrx_word' id='word_1_14' title='bbox 275 705 439 770; x_wconf 89' lang='lat' dir='ltr'><strong>Dominus</strong></span> <span class='ocrx_word' id='word_1_15' title='bbox 464 702 578 769; x_wconf 87' lang='lat' dir='ltr'><strong>Padue</strong></span> <span class='ocrx_word' id='word_1_16' title='bbox 605 704 706 770; x_wconf 91' lang='lat' dir='ltr'><strong>nollet</strong></span> <span class='ocrx_word' id='word_1_17' title='bbox 733 703 819 785; x_wconf 90' lang='lat' dir='ltr'><strong>quod</strong></span> <span class='ocrx_word' id='word_1_18' title='bbox 836 704 927 769; x_wconf 91' lang='lat' dir='ltr'><strong>Deus</strong></span> <span class='ocrx_word' id='word_1_19' title='bbox 942 705 1077 770; x_wconf 89' lang='lat' dir='ltr'><strong>haberet</strong></span> <span class='ocrx_word' id='word_1_20' title='bbox 1094 704 1201 771; x_wconf 89' lang='lat' dir='ltr'><strong>illud:</strong></span> 
     </span>
     <span class='ocr_line' id='line_1_4' title="bbox 80 812 1200 898; baseline 0.004 -23.671"><span class='ocrx_word' id='word_1_21' title='bbox 80 812 409 897; x_wconf 31' lang='lat' dir='ltr'><strong>ordinavimus-eidem</strong></span> <span class='ocrx_word' id='word_1_22' title='bbox 426 814 500 878; x_wconf 91' lang='lat' dir='ltr'><strong>Bon</strong></span> <span class='ocrx_word' id='word_1_23' title='bbox 518 813 541 879; x_wconf 89' lang='lat' dir='ltr'><strong>J</strong></span> <span class='ocrx_word' id='word_1_24' title='bbox 544 813 673 897; x_wconf 92' lang='lat' dir='ltr'><strong>ohanni,</strong></span> <span class='ocrx_word' id='word_1_25' title='bbox 690 813 778 895; x_wconf 91' lang='lat' dir='ltr'><strong>quod</strong></span> <span class='ocrx_word' id='word_1_26' title='bbox 789 819 885 896; x_wconf 87' lang='lat' dir='ltr'><strong>parte</strong></span> <span class='ocrx_word' id='word_1_27' title='bbox 896 819 1008 879; x_wconf 88' lang='lat' dir='ltr'><strong>nostra</strong></span> <span class='ocrx_word' id='word_1_28' title='bbox 1025 821 1200 898; x_wconf 89' lang='lat' dir='ltr'><strong>exponeret</strong></span> 
     </span>
     <span class='ocr_line' id='line_1_5' title="bbox 79 918 1200 1007; baseline -0.002 -19.13"><span class='ocrx_word' id='word_1_29' title='bbox 79 918 196 987; x_wconf 88' lang='lat' dir='ltr'><strong>domino</strong></span> <span class='ocrx_word' id='word_1_30' title='bbox 211 922 351 1004; x_wconf 85' lang='lat' dir='ltr'><strong>Karolo‚</strong></span> <span class='ocrx_word' id='word_1_31' title='bbox 378 921 465 1005; x_wconf 92' lang='lat' dir='ltr'><strong>quod</strong></span> <span class='ocrx_word' id='word_1_32' title='bbox 490 921 594 988; x_wconf 91' lang='lat' dir='ltr'><strong>eidem</strong></span> <span class='ocrx_word' id='word_1_33' title='bbox 620 920 759 987; x_wconf 74' lang='lat' dir='ltr'><strong>libenter</strong></span> <span class='ocrx_word' id='word_1_34' title='bbox 784 923 990 1004; x_wconf 83' lang='lat' dir='ltr'>loqueremur</span> <span class='ocrx_word' id='word_1_35' title='bbox 1007 944 1066 1007; x_wconf 90' lang='lat' dir='ltr'><strong>pro</strong></span> <span class='ocrx_word' id='word_1_36' title='bbox 1084 922 1200 1006; x_wconf 85' lang='lat' dir='ltr'><strong>aliqui-</strong></span> 
     </span>
     <span class='ocr_line' id='line_1_6' title="bbox 78 1026 1200 1114; baseline 0.002 -21.872"><span class='ocrx_word' id='word_1_37' title='bbox 78 1026 131 1092; x_wconf 88' lang='lat' dir='ltr'><strong>bus</strong></span> <span class='ocrx_word' id='word_1_38' title='bbox 146 1052 264 1095; x_wconf 89' lang='lat' dir='ltr'><strong>summe</strong></span> <span class='ocrx_word' id='word_1_39' title='bbox 281 1029 492 1113; x_wconf 77' lang='lat' dir='ltr'><strong>tangentibus</strong></span> <span class='ocrx_word' id='word_1_40' title='bbox 508 1028 665 1095; x_wconf 86' lang='lat' dir='ltr'><strong>honorem</strong></span> <span class='ocrx_word' id='word_1_41' title='bbox 683 1029 805 1094; x_wconf 89' lang='lat' dir='ltr'><strong>domini</strong></span> <span class='ocrx_word' id='word_1_42' title='bbox 821 1029 976 1110; x_wconf 86' lang='lat' dir='ltr'><strong>Regis,et</strong></span> <span class='ocrx_word' id='word_1_43' title='bbox 987 1031 1121 1114; x_wconf 88' lang='lat' dir='ltr'><strong>quando</strong></span> <span class='ocrx_word' id='word_1_44' title='bbox 1137 1029 1200 1094; x_wconf 90' lang='lat' dir='ltr'><strong>hoc</strong></span> 
     </span>
     <span class='ocr_line' id='line_1_7' title="bbox 1 1136 1199 1223; baseline 0.001 -21"><span class='ocrx_word' id='word_1_45' title='bbox 1 1195 2 1202; x_wconf 71' lang='grc'>,</span> <span class='ocrx_word' id='word_1_46' title='bbox 77 1156 133 1199; x_wconf 89' lang='lat' dir='ltr'><strong>non</strong></span> <span class='ocrx_word' id='word_1_47' title='bbox 156 1143 262 1219; x_wconf 86' lang='lat' dir='ltr'><strong>posset</strong></span> <span class='ocrx_word' id='word_1_48' title='bbox 288 1136 448 1219; x_wconf 88' lang='lat' dir='ltr'><strong>obtinere,</strong></span> <span class='ocrx_word' id='word_1_49' title='bbox 474 1137 561 1221; x_wconf 89' lang='lat' dir='ltr'><strong>quod</strong></span> <span class='ocrx_word' id='word_1_50' title='bbox 586 1143 779 1220; x_wconf 84' lang='lat' dir='ltr'><strong>procuraret</strong></span> <span class='ocrx_word' id='word_1_51' title='bbox 804 1159 864 1220; x_wconf 94' lang='lat' dir='ltr'><strong>pro</strong></span> <span class='ocrx_word' id='word_1_52' title='bbox 889 1158 993 1221; x_wconf 89' lang='lat' dir='ltr'><strong>posse,</strong></span> <span class='ocrx_word' id='word_1_53' title='bbox 1020 1138 1105 1221; x_wconf 91' lang='lat' dir='ltr'><strong>quod</strong></span> <span class='ocrx_word' id='word_1_54' title='bbox 1130 1137 1199 1223; x_wconf 90' lang='lat' dir='ltr'><strong>ipse</strong></span> 
     </span>
     <span class='ocr_line' id='line_1_8' title="bbox 1 1243 1199 1330; baseline 0.003 -23"><span class='ocrx_word' id='word_1_55' title='bbox 1 1297 3 1319; x_wconf 87' lang='grc'><strong>,</strong></span> <span class='ocrx_word' id='word_1_56' title='bbox 77 1243 216 1309; x_wconf 75' lang='lat' dir='ltr'><strong>doninus</strong></span> <span class='ocrx_word' id='word_1_57' title='bbox 240 1243 389 1311; x_wconf 83' lang='lat' dir='ltr'><strong>Karalus</strong></span> <span class='ocrx_word' id='word_1_58' title='bbox 414 1247 561 1311; x_wconf 90' lang='lat' dir='ltr'><strong>mitteret</strong></span> <span class='ocrx_word' id='word_1_59' title='bbox 582 1246 725 1330; x_wconf 87' lang='lat' dir='ltr'><strong>aliquam</strong></span> <span class='ocrx_word' id='word_1_60' title='bbox 744 1267 917 1329; x_wconf 83' lang='lat' dir='ltr'><strong>personam</strong></span> <span class='ocrx_word' id='word_1_61' title='bbox 934 1244 1149 1312; x_wconf 85' lang='lat' dir='ltr'><strong>sufficientem</strong></span> <span class='ocrx_word' id='word_1_62' title='bbox 1166 1253 1199 1311; x_wconf 91' lang='lat' dir='ltr'><strong>et</strong></span> 
     </span>
     <span class='ocr_line' id='line_1_9' title="bbox 1 1351 1198 1444; baseline 0.002 -30"><span class='ocrx_word' id='word_1_63' title='bbox 1 1391 2 1444; x_wconf 69' lang='lat'><em>3</em></span> <span class='ocrx_word' id='word_1_64' title='bbox 76 1351 279 1418; x_wconf 88' lang='lat' dir='ltr'><strong>confidentem</strong></span> <span class='ocrx_word' id='word_1_65' title='bbox 306 1354 348 1420; x_wconf 91' lang='lat' dir='ltr'><strong>de</strong></span> <span class='ocrx_word' id='word_1_66' title='bbox 374 1355 450 1436; x_wconf 80' lang='lat' dir='ltr'><strong>suis,</strong></span> <span class='ocrx_word' id='word_1_67' title='bbox 468 1357 518 1418; x_wconf 89' lang='lat' dir='ltr'><strong>cui</strong></span> <span class='ocrx_word' id='word_1_68' title='bbox 535 1355 644 1438; x_wconf 85' lang='lat' dir='ltr'><strong>parati</strong></span> <span class='ocrx_word' id='word_1_69' title='bbox 661 1375 791 1418; x_wconf 89' lang='lat' dir='ltr'><strong>eramus</strong></span> <span class='ocrx_word' id='word_1_70' title='bbox 807 1353 974 1419; x_wconf 89' lang='lat' dir='ltr'><strong>notificare</strong></span> <span class='ocrx_word' id='word_1_71' title='bbox 991 1354 1140 1438; x_wconf 88' lang='lat' dir='ltr'><strong>predicta</strong></span> <span class='ocrx_word' id='word_1_72' title='bbox 1157 1355 1198 1419; x_wconf 81' lang='lat' dir='ltr'><strong>de</strong></span> 
     </span>
     <span class='ocr_line' id='line_1_10' title="bbox 1 1457 1194 1546; baseline 0.003 -23"><span class='ocrx_word' id='word_1_73' title='bbox 1 1457 2 1515; x_wconf 74' lang='grc'>1</span> <span class='ocrx_word' id='word_1_74' title='bbox 76 1459 121 1525; x_wconf 89' lang='lat' dir='ltr'><strong>die</strong></span> <span class='ocrx_word' id='word_1_75' title='bbox 140 1466 171 1526; x_wconf 92' lang='lat' dir='ltr'><strong>et</strong></span> <span class='ocrx_word' id='word_1_76' title='bbox 186 1462 226 1528; x_wconf 88' lang='lat' dir='ltr'><strong>de</strong></span> <span class='ocrx_word' id='word_1_77' title='bbox 241 1469 347 1544; x_wconf 90' lang='lat' dir='ltr'><strong>nocte,</strong></span> <span class='ocrx_word' id='word_1_78' title='bbox 362 1468 395 1528; x_wconf 91' lang='lat' dir='ltr'><strong>et</strong></span> <span class='ocrx_word' id='word_1_79' title='bbox 409 1463 442 1526; x_wconf 91' lang='lat' dir='ltr'><strong>in</strong></span> <span class='ocrx_word' id='word_1_80' title='bbox 460 1483 525 1546; x_wconf 91' lang='lat' dir='ltr'><strong>quo</strong></span> <span class='ocrx_word' id='word_1_81' title='bbox 550 1463 622 1528; x_wconf 88' lang='lat' dir='ltr'><strong>loeo</strong></span> <span class='ocrx_word' id='word_1_82' title='bbox 645 1463 716 1545; x_wconf 88' lang='lat' dir='ltr'><strong>ipse</strong></span> <span class='ocrx_word' id='word_1_83' title='bbox 732 1461 838 1527; x_wconf 87' lang='lat' dir='ltr'><strong>vellet.</strong></span> <span class='ocrx_word' id='word_1_84' title='bbox 855 1459 911 1526; x_wconf 80' lang='lat' dir='ltr'><strong>Aa</strong></span> <span class='ocrx_word' id='word_1_85' title='bbox 927 1482 990 1545; x_wconf 91' lang='lat' dir='ltr'><strong>que</strong></span> <span class='ocrx_word' id='word_1_86' title='bbox 1006 1463 1075 1544; x_wconf 91' lang='lat' dir='ltr'><strong>ipse</strong></span> <span class='ocrx_word' id='word_1_87' title='bbox 1092 1463 1194 1528; x_wconf 93' lang='lat' dir='ltr'><strong>domi-</strong></span> 
     </span>
     <span class='ocr_line' id='line_1_11' title="bbox 75 1569 1197 1655; baseline 0.003 -24"><span class='ocrx_word' id='word_1_88' title='bbox 75 1589 130 1633; x_wconf 87' lang='lat' dir='ltr'><strong>nus</strong></span> <span class='ocrx_word' id='word_1_89' title='bbox 143 1569 288 1635; x_wconf 85' lang='lat' dir='ltr'><strong>Karolus</strong></span> <span class='ocrx_word' id='word_1_90' title='bbox 313 1569 429 1636; x_wconf 91' lang='lat' dir='ltr'><strong>babuit</strong></span> <span class='ocrx_word' id='word_1_91' title='bbox 454 1570 660 1655; x_wconf 88' lang='lat' dir='ltr'><strong>respondere,</strong></span> <span class='ocrx_word' id='word_1_92' title='bbox 678 1569 764 1653; x_wconf 91' lang='lat' dir='ltr'><strong>quod</strong></span> <span class='ocrx_word' id='word_1_93' title='bbox 780 1591 843 1635; x_wconf 90' lang='lat' dir='ltr'><strong>non</strong></span> <span class='ocrx_word' id='word_1_94' title='bbox 859 1569 1004 1636; x_wconf 88' lang='lat' dir='ltr'><strong>habebat</strong></span> <span class='ocrx_word' id='word_1_95' title='bbox 1019 1591 1197 1654; x_wconf 86' lang='lat' dir='ltr'><strong>personam</strong></span> 
     </span>
     <span class='ocr_line' id='line_1_12' title="bbox 77 1674 1195 1760; baseline 0.004 -22"><span class='ocrx_word' id='word_1_96' title='bbox 77 1674 209 1758; x_wconf 86' lang='lat' dir='ltr'><strong>aliquam</strong></span> <span class='ocrx_word' id='word_1_97' title='bbox 225 1675 439 1742; x_wconf 84' lang='lat' dir='ltr'><strong>sufficientem</strong></span> <span class='ocrx_word' id='word_1_98' title='bbox 456 1684 489 1743; x_wconf 90' lang='lat' dir='ltr'><strong>et</strong></span> <span class='ocrx_word' id='word_1_99' title='bbox 506 1677 728 1758; x_wconf 87' lang='lat' dir='ltr'><strong>confidentem,</strong></span> <span class='ocrx_word' id='word_1_100' title='bbox 746 1699 842 1760; x_wconf 90' lang='lat' dir='ltr'><strong>qnam</strong></span> <span class='ocrx_word' id='word_1_101' title='bbox 862 1678 992 1742; x_wconf 89' lang='lat' dir='ltr'><strong>mittere</strong></span> <span class='ocrx_word' id='word_1_102' title='bbox 1008 1685 1138 1760; x_wconf 88' lang='lat' dir='ltr'><strong>posset;</strong></span> <span class='ocrx_word' id='word_1_103' title='bbox 1162 1685 1195 1742; x_wconf 89' lang='lat' dir='ltr'><strong>et</strong></span> 
     </span>
     <span class='ocr_line' id='line_1_13' title="bbox 75 1781 1195 1868; baseline 0.004 -22"><span class='ocrx_word' id='word_1_104' title='bbox 75 1782 152 1864; x_wconf 88' lang='lat' dir='ltr'><strong>quod</strong></span> <span class='ocrx_word' id='word_1_105' title='bbox 177 1791 247 1850; x_wconf 88' lang='lat' dir='ltr'><strong>erat</strong></span> <span class='ocrx_word' id='word_1_106' title='bbox 273 1791 454 1865; x_wconf 86' lang='lat' dir='ltr'><strong>contentus,</strong></span> <span class='ocrx_word' id='word_1_107' title='bbox 479 1785 567 1868; x_wconf 90' lang='lat' dir='ltr'><strong>quod</strong></span> <span class='ocrx_word' id='word_1_108' title='bbox 594 1787 796 1851; x_wconf 82' lang='lat' dir='ltr'><strong>mitteremus</strong></span> <span class='ocrx_word' id='word_1_109' title='bbox 817 1784 981 1850; x_wconf 91' lang='lat' dir='ltr'><strong>dominum</strong></span> <span class='ocrx_word' id='word_1_110' title='bbox 998 1781 1195 1850; x_wconf 86' lang='lat' dir='ltr'><strong>Generalem</strong></span> 
     </span>
     <span class='ocr_line' id='line_1_14' title="bbox 75 1888 1196 1979; baseline 0.005 -27"><span class='ocrx_word' id='word_1_111' title='bbox 75 1888 112 1952; x_wconf 87' lang='lat' dir='ltr'><strong>ad</strong></span> <span class='ocrx_word' id='word_1_112' title='bbox 126 1911 203 1973; x_wconf 86' lang='lat' dir='ltr'><strong>eum,</strong></span> <span class='ocrx_word' id='word_1_113' title='bbox 229 1892 271 1957; x_wconf 88' lang='lat' dir='ltr'><strong>ad</strong></span> <span class='ocrx_word' id='word_1_114' title='bbox 298 1891 532 1959; x_wconf 86' lang='lat' dir='ltr'><strong>notificandum</strong></span> <span class='ocrx_word' id='word_1_115' title='bbox 558 1915 617 1979; x_wconf 89' lang='lat' dir='ltr'><strong>per</strong></span> <span class='ocrx_word' id='word_1_116' title='bbox 634 1901 706 1959; x_wconf 89' lang='lat' dir='ltr'><strong>e&#39;um</strong></span> <span class='ocrx_word' id='word_1_117' title='bbox 724 1914 772 1975; x_wconf 86' lang='lat' dir='ltr'><strong>ea,</strong></span> <span class='ocrx_word' id='word_1_118' title='bbox 788 1915 852 1976; x_wconf 89' lang='lat' dir='ltr'><strong>que</strong></span> <span class='ocrx_word' id='word_1_119' title='bbox 869 1893 929 1959; x_wconf 91' lang='lat' dir='ltr'><strong>sibi</strong></span> <span class='ocrx_word' id='word_1_120' title='bbox 945 1893 1053 1958; x_wconf 89' lang='lat' dir='ltr'><strong>dicere</strong></span> <span class='ocrx_word' id='word_1_121' title='bbox 1069 1893 1196 1958; x_wconf 83' lang='lat' dir='ltr'><strong>voleba-</strong></span> 
     </span>
     <span class='ocr_line' id='line_1_15' title="bbox 74 1996 1195 2086; baseline 0.004 -26"><span class='ocrx_word' id='word_1_122' title='bbox 74 2018 142 2062; x_wconf 88' lang='lat' dir='ltr'><strong>mus.</strong></span> <span class='ocrx_word' id='word_1_123' title='bbox 158 1996 254 2082; x_wconf 80' lang='lat' dir='ltr'><strong>Quod</strong></span> <span class='ocrx_word' id='word_1_124' title='bbox 271 2005 385 2065; x_wconf 91' lang='lat' dir='ltr'><strong>notum</strong></span> <span class='ocrx_word' id='word_1_125' title='bbox 402 1999 534 2065; x_wconf 81' lang='lat' dir='ltr'><strong>lecimus</strong></span> <span class='ocrx_word' id='word_1_126' title='bbox 552 2001 663 2067; x_wconf 89' lang='lat' dir='ltr'><strong>statim</strong></span> <span class='ocrx_word' id='word_1_127' title='bbox 680 2001 810 2066; x_wconf 91' lang='lat' dir='ltr'><strong>domino</strong></span> <span class='ocrx_word' id='word_1_128' title='bbox 829 1997 1000 2082; x_wconf 82' lang='lat' dir='ltr'><strong>Generali3</strong></span> <span class='ocrx_word' id='word_1_129' title='bbox 1028 2002 1145 2086; x_wconf 90' lang='lat' dir='ltr'><strong>etipse</strong></span> <span class='ocrx_word' id='word_1_130' title='bbox 1162 2022 1195 2064; x_wconf 87' lang='lat' dir='ltr'><strong>se</strong></span> 
     </span>
     <span class='ocr_line' id='line_1_16' title="bbox 73 2105 1195 2194; baseline 0.005 -26"><span class='ocrx_word' id='word_1_131' title='bbox 73 2105 228 2190; x_wconf 80' lang='lat' dir='ltr'><strong>disposuit,</strong></span> <span class='ocrx_word' id='word_1_132' title='bbox 253 2131 319 2175; x_wconf 93' lang='lat' dir='ltr'><strong>non</strong></span> <span class='ocrx_word' id='word_1_133' title='bbox 344 2109 497 2176; x_wconf 86' lang='lat' dir='ltr'><strong>obstante</strong></span> <span class='ocrx_word' id='word_1_134' title='bbox 522 2111 685 2192; x_wconf 83' lang='lat' dir='ltr'><strong>gravitate</strong></span> <span class='ocrx_word' id='word_1_135' title='bbox 712 2131 769 2175; x_wconf 91' lang='lat' dir='ltr'><strong>sue</strong></span> <span class='ocrx_word' id='word_1_136' title='bbox 795 2129 940 2194; x_wconf 85' lang='lat' dir='ltr'><strong>persone,</strong></span> <span class='ocrx_word' id='word_1_137' title='bbox 967 2108 1008 2174; x_wconf 90' lang='lat' dir='ltr'><strong>ad</strong></span> <span class='ocrx_word' id='word_1_138' title='bbox 1035 2107 1195 2190; x_wconf 78' lang='lat' dir='ltr'><strong>eundum3</strong></span> 
     </span>
     <span class='ocr_line' id='line_1_17' title="bbox 74 2215 1194 2302; baseline 0.005 -26"><span class='ocrx_word' id='word_1_139' title='bbox 74 2215 172 2299; x_wconf 90' lang='lat' dir='ltr'><strong>sicque</strong></span> <span class='ocrx_word' id='word_1_140' title='bbox 187 2217 259 2282; x_wconf 86' lang='lat' dir='ltr'><strong>beri</strong></span> <span class='ocrx_word' id='word_1_141' title='bbox 276 2239 400 2283; x_wconf 91' lang='lat' dir='ltr'><strong>summo</strong></span> <span class='ocrx_word' id='word_1_142' title='bbox 417 2240 512 2284; x_wconf 89' lang='lat' dir='ltr'><strong>mane</strong></span> <span class='ocrx_word' id='word_1_143' title='bbox 537 2217 658 2283; x_wconf 81' lang='lat' dir='ltr'><strong>suimus</strong></span> <span class='ocrx_word' id='word_1_144' title='bbox 676 2218 718 2283; x_wconf 87' lang='lat' dir='ltr'><strong>ad</strong></span> <span class='ocrx_word' id='word_1_145' title='bbox 736 2219 853 2302; x_wconf 89' lang='lat' dir='ltr'><strong>ipsum,</strong></span> <span class='ocrx_word' id='word_1_146' title='bbox 876 2225 1074 2301; x_wconf 85' lang='lat' dir='ltr'><strong>exponentes</strong></span> <span class='ocrx_word' id='word_1_147' title='bbox 1092 2218 1194 2283; x_wconf 89' lang='lat' dir='ltr'><strong>eidem</strong></span> 
     </span>
     <span class='ocr_line' id='line_1_18' title="bbox 73 2325 1192 2411; baseline 0.006 -26"><span class='ocrx_word' id='word_1_148' title='bbox 73 2325 167 2408; x_wconf 85' lang='lat' dir='ltr'><strong>rerba,</strong></span> <span class='ocrx_word' id='word_1_149' title='bbox 183 2347 245 2410; x_wconf 89' lang='lat' dir='ltr'><strong>que</strong></span> <span class='ocrx_word' id='word_1_150' title='bbox 260 2348 321 2409; x_wconf 90' lang='lat' dir='ltr'><strong>per</strong></span> <span class='ocrx_word' id='word_1_151' title='bbox 337 2329 443 2411; x_wconf 87' lang='lat' dir='ltr'><strong>ipsum</strong></span> <span class='ocrx_word' id='word_1_152' title='bbox 460 2327 591 2393; x_wconf 90' lang='lat' dir='ltr'><strong>domino</strong></span> <span class='ocrx_word' id='word_1_153' title='bbox 607 2326 734 2393; x_wconf 85' lang='lat' dir='ltr'><strong>Kerolo</strong></span> <span class='ocrx_word' id='word_1_154' title='bbox 751 2327 897 2410; x_wconf 90' lang='lat' dir='ltr'><strong>predicto</strong></span> <span class='ocrx_word' id='word_1_155' title='bbox 913 2327 978 2392; x_wconf 88' lang='lat' dir='ltr'><strong>dici</strong></span> <span class='ocrx_word' id='word_1_156' title='bbox 995 2327 1192 2392; x_wconf 87' lang='lat' dir='ltr'><strong>volebamus.</strong></span> 
     </span>
     <span class='ocr_line' id='line_1_19' title="bbox 73 2428 1194 2517; baseline 0.003 -22"><span class='ocrx_word' id='word_1_157' title='bbox 73 2428 134 2512; x_wconf 78' lang='lat' dir='ltr'><strong>Que</strong></span> <span class='ocrx_word' id='word_1_158' title='bbox 157 2434 189 2498; x_wconf 92' lang='lat' dir='ltr'><strong>in</strong></span> <span class='ocrx_word' id='word_1_159' title='bbox 214 2433 332 2500; x_wconf 86' lang='lat' dir='ltr'><strong>effectu</strong></span> <span class='ocrx_word' id='word_1_160' title='bbox 356 2433 489 2500; x_wconf 82' lang='lat' dir='ltr'><strong>suerunt</strong></span> <span class='ocrx_word' id='word_1_161' title='bbox 514 2437 595 2517; x_wconf 84' lang='lat' dir='ltr'><strong>ista3</strong></span> <span class='ocrx_word' id='word_1_162' title='bbox 635 2435 759 2500; x_wconf 89' lang='lat' dir='ltr'><strong>seilicet</strong></span> <span class='ocrx_word' id='word_1_163' title='bbox 784 2435 871 2517; x_wconf 90' lang='lat' dir='ltr'><strong>quod</strong></span> <span class='ocrx_word' id='word_1_164' title='bbox 896 2440 1050 2499; x_wconf 83' lang='lat' dir='ltr'><strong>narraret</strong></span> <span class='ocrx_word' id='word_1_165' title='bbox 1076 2433 1194 2514; x_wconf 88' lang='lat' dir='ltr'><strong>eidem,</strong></span> 
     </span>
     <span class='ocr_line' id='line_1_20' title="bbox 73 2539 1193 2626; baseline 0.003 -23"><span class='ocrx_word' id='word_1_166' title='bbox 73 2539 203 2620; x_wconf 84' lang='lat' dir='ltr'><strong>qualiter</strong></span> <span class='ocrx_word' id='word_1_167' title='bbox 227 2541 367 2608; x_wconf 87' lang='lat' dir='ltr'><strong>firmiter</strong></span> <span class='ocrx_word' id='word_1_168' title='bbox 391 2564 596 2609; x_wconf 86' lang='lat' dir='ltr'><strong>senseramus</strong></span> <span class='ocrx_word' id='word_1_169' title='bbox 622 2565 681 2626; x_wconf 89' lang='lat' dir='ltr'><strong>per</strong></span> <span class='ocrx_word' id='word_1_170' title='bbox 706 2545 818 2626; x_wconf 90' lang='lat' dir='ltr'><strong>plures</strong></span> <span class='ocrx_word' id='word_1_171' title='bbox 839 2565 954 2608; x_wconf 82' lang='lat' dir='ltr'><strong>manus</strong></span> <span class='ocrx_word' id='word_1_172' title='bbox 980 2549 1013 2607; x_wconf 91' lang='lat' dir='ltr'><strong>et</strong></span> <span class='ocrx_word' id='word_1_173' title='bbox 1039 2542 1193 2625; x_wconf 85' lang='lat' dir='ltr'><strong>diversas,</strong></span> 
     </span>
     <span class='ocr_line' id='line_1_21' title="bbox 72 2649 1193 2733; baseline 0.004 -22"><span class='ocrx_word' id='word_1_174' title='bbox 72 2649 148 2726; x_wconf 89' lang='lat' dir='ltr'><strong>qnod</strong></span> <span class='ocrx_word' id='word_1_175' title='bbox 163 2649 324 2715; x_wconf 88' lang='lat' dir='ltr'><strong>Dominus</strong></span> <span class='ocrx_word' id='word_1_176' title='bbox 340 2650 456 2717; x_wconf 88' lang='lat' dir='ltr'><strong>Padue</strong></span> <span class='ocrx_word' id='word_1_177' title='bbox 482 2657 515 2717; x_wconf 91' lang='lat' dir='ltr'><strong>et</strong></span> <span class='ocrx_word' id='word_1_178' title='bbox 538 2650 722 2717; x_wconf 72' lang='lat' dir='ltr'><strong>lerinenses</strong></span> <span class='ocrx_word' id='word_1_179' title='bbox 749 2652 877 2716; x_wconf 90' lang='lat' dir='ltr'><strong>omnino</strong></span> <span class='ocrx_word' id='word_1_180' title='bbox 893 2673 956 2716; x_wconf 91' lang='lat' dir='ltr'><strong>non</strong></span> <span class='ocrx_word' id='word_1_181' title='bbox 974 2657 1069 2716; x_wconf 86' lang='lat' dir='ltr'><strong>erant</strong></span> <span class='ocrx_word' id='word_1_182' title='bbox 1084 2649 1193 2733; x_wconf 89' lang='lat' dir='ltr'><strong>dispo·</strong></span> 
     </span>
     <span class='ocr_line' id='line_1_22' title="bbox 72 2753 1192 2843; baseline 0.005 -28"><span class='ocrx_word' id='word_1_183' title='bbox 72 2753 117 2817; x_wconf 85' lang='lat' dir='ltr'><strong>siti</strong></span> <span class='ocrx_word' id='word_1_184' title='bbox 133 2757 174 2821; x_wconf 88' lang='lat' dir='ltr'><strong>ad</strong></span> <span class='ocrx_word' id='word_1_185' title='bbox 188 2779 310 2841; x_wconf 88' lang='lat' dir='ltr'><strong>pacem,</strong></span> <span class='ocrx_word' id='word_1_186' title='bbox 337 2765 369 2824; x_wconf 90' lang='lat' dir='ltr'><strong>et</strong></span> <span class='ocrx_word' id='word_1_187' title='bbox 394 2759 482 2843; x_wconf 87' lang='lat' dir='ltr'><strong>quod</strong></span> <span class='ocrx_word' id='word_1_188' title='bbox 510 2759 713 2826; x_wconf 89' lang='lat' dir='ltr'><strong>conabantur</strong></span> <span class='ocrx_word' id='word_1_189' title='bbox 734 2765 805 2825; x_wconf 91' lang='lat' dir='ltr'><strong>toto</strong></span> <span class='ocrx_word' id='word_1_190' title='bbox 823 2781 932 2824; x_wconf 88' lang='lat' dir='ltr'><strong>eorum</strong></span> <span class='ocrx_word' id='word_1_191' title='bbox 949 2779 1046 2842; x_wconf 88' lang='lat' dir='ltr'><strong>posse</strong></span> <span class='ocrx_word' id='word_1_192' title='bbox 1063 2757 1105 2824; x_wconf 84' lang='lat' dir='ltr'><strong>ad</strong></span> <span class='ocrx_word' id='word_1_193' title='bbox 1122 2757 1192 2822; x_wconf 89' lang='lat' dir='ltr'><strong>des·</strong></span> 
     </span>
     <span class='ocr_line' id='line_1_23' title="bbox 71 2865 1191 2950; baseline 0.009 -28"><span class='ocrx_word' id='word_1_194' title='bbox 71 2865 231 2930; x_wconf 89' lang='lat' dir='ltr'><strong>tmendum</strong></span> <span class='ocrx_word' id='word_1_195' title='bbox 257 2871 436 2932; x_wconf 90' lang='lat' dir='ltr'><strong>tractatum</strong></span> <span class='ocrx_word' id='word_1_196' title='bbox 464 2869 554 2950; x_wconf 85' lang='lat' dir='ltr'><strong>pacis</strong></span> <span class='ocrx_word' id='word_1_197' title='bbox 578 2867 632 2932; x_wconf 91' lang='lat' dir='ltr'><strong>hio</strong></span> <span class='ocrx_word' id='word_1_198' title='bbox 657 2868 775 2932; x_wconf 92' lang='lat' dir='ltr'><strong>initum</strong></span> <span class='ocrx_word' id='word_1_199' title='bbox 802 2873 834 2931; x_wconf 90' lang='lat' dir='ltr'><strong>et</strong></span> <span class='ocrx_word' id='word_1_200' title='bbox 858 2866 1062 2948; x_wconf 78' lang='lat' dir='ltr'><strong>inchoatum3</strong></span> <span class='ocrx_word' id='word_1_201' title='bbox 1091 2873 1123 2932; x_wconf 88' lang='lat' dir='ltr'><strong>et</strong></span> <span class='ocrx_word' id='word_1_202' title='bbox 1151 2867 1191 2932; x_wconf 87' lang='lat' dir='ltr'><strong>ad</strong></span> 
     </span>
     <span class='ocr_line' id='line_1_24' title="bbox 70 2965 1190 3058; baseline 0.005 -27"><span class='ocrx_word' id='word_1_203' title='bbox 70 2965 122 3034; x_wconf 88' lang='lat' dir='ltr'><strong>hoc</strong></span> <span class='ocrx_word' id='word_1_204' title='bbox 136 2971 244 3038; x_wconf 88' lang='lat' dir='ltr'><strong>multis</strong></span> <span class='ocrx_word' id='word_1_205' title='bbox 261 2973 445 3039; x_wconf 84' lang='lat' dir='ltr'><strong>rationibus</strong></span> <span class='ocrx_word' id='word_1_206' title='bbox 461 2974 683 3058; x_wconf 86' lang='lat' dir='ltr'><strong>movebantur,</strong></span> <span class='ocrx_word' id='word_1_207' title='bbox 700 2976 806 3058; x_wconf 91' lang='lat' dir='ltr'><strong>primo</strong></span> <span class='ocrx_word' id='word_1_208' title='bbox 821 2979 957 3058; x_wconf 88' lang='lat' dir='ltr'><strong>propter</strong></span> <span class='ocrx_word' id='word_1_209' title='bbox 975 2973 1086 3038; x_wconf 89' lang='lat' dir='ltr'><strong>odium</strong></span> <span class='ocrx_word' id='word_1_210' title='bbox 1104 2975 1190 3057; x_wconf 89' lang='lat' dir='ltr'><strong>capi-</strong></span> 
     </span>
     <span class='ocr_line' id='line_1_25' title="bbox 70 3078 1189 3164; baseline 0.006 -26"><span class='ocrx_word' id='word_1_211' title='bbox 70 3078 135 3163; x_wconf 86' lang='lat' dir='ltr'><strong>tale,</strong></span> <span class='ocrx_word' id='word_1_212' title='bbox 149 3080 228 3162; x_wconf 90' lang='lat' dir='ltr'><strong>quid</strong></span> <span class='ocrx_word' id='word_1_213' title='bbox 243 3079 367 3145; x_wconf 90' lang='lat' dir='ltr'><strong>habent</strong></span> <span class='ocrx_word' id='word_1_214' title='bbox 383 3103 462 3164; x_wconf 86' lang='lat' dir='ltr'><strong>erga</strong></span> <span class='ocrx_word' id='word_1_215' title='bbox 477 3080 654 3148; x_wconf 79' lang='lat' dir='ltr'><strong>Civitatem</strong></span> <span class='ocrx_word' id='word_1_216' title='bbox 681 3080 906 3164; x_wconf 87' lang='lat' dir='ltr'><strong>Venetiarum,</strong></span> <span class='ocrx_word' id='word_1_217' title='bbox 923 3104 962 3146; x_wconf 88' lang='lat' dir='ltr'><strong>ex</strong></span> <span class='ocrx_word' id='word_1_218' title='bbox 980 3102 1043 3163; x_wconf 90' lang='lat' dir='ltr'><strong>quo</strong></span> <span class='ocrx_word' id='word_1_219' title='bbox 1059 3082 1189 3156; x_wconf 91' lang='lat' dir='ltr'><strong>omnino</strong></span> 
     </span>
     <span class='ocr_line' id='line_1_26' title="bbox 71 3184 1188 3272; baseline 0.005 -25"><span class='ocrx_word' id='word_1_220' title='bbox 71 3184 178 3250; x_wconf 81' lang='lat' dir='ltr'><strong>vellent</strong></span> <span class='ocrx_word' id='word_1_221' title='bbox 194 3209 255 3271; x_wconf 91' lang='lat' dir='ltr'><strong>pro</strong></span> <span class='ocrx_word' id='word_1_222' title='bbox 273 3209 386 3253; x_wconf 91' lang='lat' dir='ltr'><strong>eorum</strong></span> <span class='ocrx_word' id='word_1_223' title='bbox 409 3209 503 3272; x_wconf 79' lang='lat' dir='ltr'><strong>posse</strong></span> <span class='ocrx_word' id='word_1_224' title='bbox 529 3189 678 3255; x_wconf 91' lang='lat' dir='ltr'><strong>ultimum</strong></span> <span class='ocrx_word' id='word_1_225' title='bbox 695 3190 920 3256; x_wconf 87' lang='lat' dir='ltr'><strong>exterminium</strong></span> <span class='ocrx_word' id='word_1_226' title='bbox 937 3189 1023 3272; x_wconf 80' lang='lat' dir='ltr'><strong>ejus3</strong></span> <span class='ocrx_word' id='word_1_227' title='bbox 1048 3188 1188 3254; x_wconf 92' lang='lat' dir='ltr'><strong>secundo</strong></span> 
     </span>
     <span class='ocr_line' id='line_1_27' title="bbox 70 3293 1190 3382; baseline 0.006 -27"><span class='ocrx_word' id='word_1_228' title='bbox 70 3293 190 3373; x_wconf 86' lang='lat' dir='ltr'><strong>quiade</strong></span> <span class='ocrx_word' id='word_1_229' title='bbox 206 3297 273 3361; x_wconf 88' lang='lat' dir='ltr'><strong>ista</strong></span> <span class='ocrx_word' id='word_1_230' title='bbox 288 3317 410 3378; x_wconf 82' lang='lat' dir='ltr'><strong>guerra</strong></span> <span class='ocrx_word' id='word_1_231' title='bbox 425 3296 486 3380; x_wconf 91' lang='lat' dir='ltr'><strong>ipsi</strong></span> <span class='ocrx_word' id='word_1_232' title='bbox 505 3303 537 3362; x_wconf 91' lang='lat' dir='ltr'><strong>et</strong></span> <span class='ocrx_word' id='word_1_233' title='bbox 553 3299 776 3382; x_wconf 88' lang='lat' dir='ltr'><strong>unusquisque</strong></span> <span class='ocrx_word' id='word_1_234' title='bbox 787 3319 898 3363; x_wconf 89' lang='lat' dir='ltr'><strong>eornm</strong></span> <span class='ocrx_word' id='word_1_235' title='bbox 909 3297 1190 3378; x_wconf 80' lang='lat' dir='ltr'><strong>consequebantur</strong></span> 
     </span>
     <span class='ocr_line' id='line_1_28' title="bbox 70 3402 1188 3488; baseline 0.004 -26"><span class='ocrx_word' id='word_1_236' title='bbox 70 3403 230 3469; x_wconf 87' lang='lat' dir='ltr'><strong>maximam</strong></span> <span class='ocrx_word' id='word_1_237' title='bbox 244 3404 442 3485; x_wconf 89' lang='lat' dir='ltr'><strong>utilitatem;</strong></span> <span class='ocrx_word' id='word_1_238' title='bbox 466 3411 499 3469; x_wconf 90' lang='lat' dir='ltr'><strong>et</strong></span> <span class='ocrx_word' id='word_1_239' title='bbox 515 3405 620 3470; x_wconf 90' lang='lat' dir='ltr'><strong>eidem</strong></span> <span class='ocrx_word' id='word_1_240' title='bbox 640 3404 798 3472; x_wconf 86' lang='lat' dir='ltr'><strong>Generali</strong></span> <span class='ocrx_word' id='word_1_241' title='bbox 815 3405 1020 3488; x_wconf 82' lang='lat' dir='ltr'><strong>exposuimus</strong></span> <span class='ocrx_word' id='word_1_242' title='bbox 1037 3402 1188 3467; x_wconf 87' lang='lat' dir='ltr'><strong>ordinate</strong></span> 
     </span>
     <span class='ocr_line' id='line_1_29' title="bbox 70 3513 1188 3598; baseline 0.003 -26"><span class='ocrx_word' id='word_1_243' title='bbox 70 3529 166 3578; x_wconf 87' lang='lat' dir='ltr'><strong>omnes</strong></span> <span class='ocrx_word' id='word_1_244' title='bbox 199 3513 361 3578; x_wconf 87' lang='lat' dir='ltr'><strong>utilitates</strong></span> <span class='ocrx_word' id='word_1_245' title='bbox 388 3519 421 3578; x_wconf 87' lang='lat' dir='ltr'><strong>et</strong></span> <span class='ocrx_word' id='word_1_246' title='bbox 446 3513 624 3594; x_wconf 86' lang='lat' dir='ltr'><strong>commoda,</strong></span> <span class='ocrx_word' id='word_1_247' title='bbox 656 3535 719 3597; x_wconf 90' lang='lat' dir='ltr'><strong>que</strong></span> <span class='ocrx_word' id='word_1_248' title='bbox 745 3513 807 3598; x_wconf 89' lang='lat' dir='ltr'><strong>ipsi</strong></span> <span class='ocrx_word' id='word_1_249' title='bbox 835 3513 1118 3597; x_wconf 83' lang='lat' dir='ltr'><strong>consequebantur</strong></span> <span class='ocrx_word' id='word_1_250' title='bbox 1149 3532 1188 3575; x_wconf 92' lang='lat' dir='ltr'><strong>ex</strong></span> 
     </span>
     <span class='ocr_line' id='line_1_30' title="bbox 70 3619 1187 3704; baseline 0 -20"><span class='ocrx_word' id='word_1_251' title='bbox 70 3637 175 3698; x_wconf 84' lang='lat' dir='ltr'><strong>guerra</strong></span> <span class='ocrx_word' id='word_1_252' title='bbox 199 3622 355 3704; x_wconf 84' lang='lat' dir='ltr'><strong>presenti,</strong></span> <span class='ocrx_word' id='word_1_253' title='bbox 380 3643 443 3704; x_wconf 91' lang='lat' dir='ltr'><strong>que</strong></span> <span class='ocrx_word' id='word_1_254' title='bbox 468 3623 602 3704; x_wconf 82' lang='lat' dir='ltr'><strong>longum</strong></span> <span class='ocrx_word' id='word_1_255' title='bbox 630 3629 737 3688; x_wconf 89' lang='lat' dir='ltr'><strong>essent</strong></span> <span class='ocrx_word' id='word_1_256' title='bbox 763 3619 966 3702; x_wconf 78' lang='lat' dir='ltr'><strong>describere3</strong></span> <span class='ocrx_word' id='word_1_257' title='bbox 990 3621 1091 3685; x_wconf 90' lang='lat' dir='ltr'><strong>tercio</strong></span> <span class='ocrx_word' id='word_1_258' title='bbox 1112 3621 1187 3703; x_wconf 89' lang='lat' dir='ltr'><strong>quia</strong></span> 
     </span>
     <span class='ocr_line' id='line_1_31' title="bbox 69 3722 1187 3813; baseline 0.004 -25"><span class='ocrx_word' id='word_1_259' title='bbox 69 3722 238 3794; x_wconf 77' lang='lat' dir='ltr'><strong>leonenses</strong></span> <span class='ocrx_word' id='word_1_260' title='bbox 254 3735 287 3794; x_wconf 90' lang='lat' dir='ltr'><strong>et</strong></span> <span class='ocrx_word' id='word_1_261' title='bbox 302 3728 465 3795; x_wconf 91' lang='lat' dir='ltr'><strong>Dominus</strong></span> <span class='ocrx_word' id='word_1_262' title='bbox 480 3727 595 3796; x_wconf 80' lang='lat' dir='ltr'><strong>Padus</strong></span> <span class='ocrx_word' id='word_1_263' title='bbox 612 3729 702 3795; x_wconf 89' lang='lat' dir='ltr'><strong>nullo</strong></span> <span class='ocrx_word' id='word_1_264' title='bbox 719 3729 816 3795; x_wconf 92' lang='lat' dir='ltr'><strong>modo</strong></span> <span class='ocrx_word' id='word_1_265' title='bbox 833 3730 964 3812; x_wconf 75' lang='lat' dir='ltr'><strong>vellent,</strong></span> <span class='ocrx_word' id='word_1_266' title='bbox 980 3726 1069 3813; x_wconf 88' lang='lat' dir='ltr'><strong>quod</strong></span> <span class='ocrx_word' id='word_1_267' title='bbox 1085 3728 1187 3793; x_wconf 90' lang='lat' dir='ltr'><strong>domi-</strong></span> 
     </span>
     <span class='ocr_line' id='line_1_32' title="bbox 69 3835 1186 3921; baseline 0.006 -27"><span class='ocrx_word' id='word_1_268' title='bbox 69 3854 119 3899; x_wconf 90' lang='lat' dir='ltr'><strong>nns</strong></span> <span class='ocrx_word' id='word_1_269' title='bbox 133 3835 203 3902; x_wconf 85' lang='lat' dir='ltr'><strong>Rex</strong></span> <span class='ocrx_word' id='word_1_270' title='bbox 218 3837 357 3903; x_wconf 82' lang='lat' dir='ltr'><strong>baberet</strong></span> <span class='ocrx_word' id='word_1_271' title='bbox 374 3838 530 3903; x_wconf 91' lang='lat' dir='ltr'><strong>bonorem</strong></span> <span class='ocrx_word' id='word_1_272' title='bbox 555 3837 702 3921; x_wconf 90' lang='lat' dir='ltr'><strong>Dominij</strong></span> <span class='ocrx_word' id='word_1_273' title='bbox 720 3840 752 3902; x_wconf 92' lang='lat' dir='ltr'><strong>in</strong></span> <span class='ocrx_word' id='word_1_274' title='bbox 769 3836 946 3904; x_wconf 83' lang='lat' dir='ltr'><strong>Oiritatem</strong></span> <span class='ocrx_word' id='word_1_275' title='bbox 964 3836 1186 3916; x_wconf 85' lang='lat' dir='ltr'><strong>Venetiarum,</strong></span> 
     </span>
     <span class='ocr_line' id='line_1_33' title="bbox 70 3946 1185 4030; baseline 0.004 -25"><span class='ocrx_word' id='word_1_276' title='bbox 70 3949 95 4006; x_wconf 90' lang='lat' dir='ltr'><strong>et</strong></span> <span class='ocrx_word' id='word_1_277' title='bbox 109 3946 191 4025; x_wconf 91' lang='lat' dir='ltr'><strong>quod</strong></span> <span class='ocrx_word' id='word_1_278' title='bbox 207 3948 269 4013; x_wconf 91' lang='lat' dir='ltr'><strong>hoo</strong></span> <span class='ocrx_word' id='word_1_279' title='bbox 285 3946 348 4029; x_wconf 91' lang='lat' dir='ltr'><strong>ipsi</strong></span> <span class='ocrx_word' id='word_1_280' title='bbox 375 3954 568 4030; x_wconf 86' lang='lat' dir='ltr'><strong>reputarent</strong></span> <span class='ocrx_word' id='word_1_281' title='bbox 592 3947 636 4012; x_wconf 89' lang='lat' dir='ltr'><strong>ad</strong></span> <span class='ocrx_word' id='word_1_282' title='bbox 653 3948 905 4014; x_wconf 85' lang='lat' dir='ltr'><strong>destructionem</strong></span> <span class='ocrx_word' id='word_1_283' title='bbox 922 3967 1032 4011; x_wconf 90' lang='lat' dir='ltr'><strong>eorum</strong></span> <span class='ocrx_word' id='word_1_284' title='bbox 1049 3952 1185 4028; x_wconf 88' lang='lat' dir='ltr'><strong>propter</strong></span> 
     </span>
     <span class='ocr_line' id='line_1_34' title="bbox 71 4051 1185 4137; baseline 0.002 -24"><span class='ocrx_word' id='word_1_285' title='bbox 71 4051 175 4118; x_wconf 89' lang='lat' dir='ltr'><strong>multas</strong></span> <span class='ocrx_word' id='word_1_286' title='bbox 190 4056 336 4120; x_wconf 89' lang='lat' dir='ltr'><strong>rationes</strong></span> <span class='ocrx_word' id='word_1_287' title='bbox 352 4061 386 4120; x_wconf 91' lang='lat' dir='ltr'><strong>et</strong></span> <span class='ocrx_word' id='word_1_288' title='bbox 403 4076 526 4137; x_wconf 86' lang='lat' dir='ltr'><strong>causas,</strong></span> <span class='ocrx_word' id='word_1_289' title='bbox 543 4076 625 4137; x_wconf 87' lang='lat' dir='ltr'><strong>quas</strong></span> <span class='ocrx_word' id='word_1_290' title='bbox 641 4055 790 4120; x_wconf 86' lang='lat' dir='ltr'><strong>ordinate</strong></span> <span class='ocrx_word' id='word_1_291' title='bbox 817 4055 956 4120; x_wconf 84' lang='lat' dir='ltr'><strong>diximus</strong></span> <span class='ocrx_word' id='word_1_292' title='bbox 973 4052 1036 4136; x_wconf 90' lang='lat' dir='ltr'><strong>ipsi</strong></span> <span class='ocrx_word' id='word_1_293' title='bbox 1054 4053 1185 4118; x_wconf 90' lang='lat' dir='ltr'><strong>domino</strong></span> 
     </span>
     <span class='ocr_line' id='line_1_35' title="bbox 70 4155 1185 4246; baseline 0.002 -24"><span class='ocrx_word' id='word_1_294' title='bbox 70 4155 228 4244; x_wconf 84' lang='lat' dir='ltr'><strong>Generali;</strong></span> <span class='ocrx_word' id='word_1_295' title='bbox 252 4167 286 4227; x_wconf 90' lang='lat' dir='ltr'><strong>et</strong></span> <span class='ocrx_word' id='word_1_296' title='bbox 310 4161 387 4228; x_wconf 92' lang='lat' dir='ltr'><strong>licet</strong></span> <span class='ocrx_word' id='word_1_297' title='bbox 413 4161 452 4226; x_wconf 89' lang='lat' dir='ltr'><strong>de</strong></span> <span class='ocrx_word' id='word_1_298' title='bbox 478 4163 633 4246; x_wconf 89' lang='lat' dir='ltr'><strong>predictis</strong></span> <span class='ocrx_word' id='word_1_299' title='bbox 660 4168 795 4246; x_wconf 89' lang='lat' dir='ltr'><strong>propter</strong></span> <span class='ocrx_word' id='word_1_300' title='bbox 818 4183 975 4228; x_wconf 85' lang='lat' dir='ltr'><strong>summam</strong></span> <span class='ocrx_word' id='word_1_301' title='bbox 992 4161 1185 4245; x_wconf 86' lang='lat' dir='ltr'><strong>sapientiam</strong></span> 
     </span>
     <span class='ocr_line' id='line_1_36' title="bbox 70 4265 1184 4358; baseline -0.001 -23"><span class='ocrx_word' id='word_1_302' title='bbox 70 4265 213 4350; x_wconf 74' lang='lat' dir='ltr'><strong>rigentem</strong></span> <span class='ocrx_word' id='word_1_303' title='bbox 237 4273 270 4338; x_wconf 92' lang='lat' dir='ltr'><strong>in</strong></span> <span class='ocrx_word' id='word_1_304' title='bbox 296 4275 343 4338; x_wconf 90' lang='lat' dir='ltr'><strong>eis</strong></span> <span class='ocrx_word' id='word_1_305' title='bbox 368 4273 575 4338; x_wconf 89' lang='lat' dir='ltr'><strong>crederemus</strong></span> <span class='ocrx_word' id='word_1_306' title='bbox 593 4279 626 4337; x_wconf 93' lang='lat' dir='ltr'><strong>et</strong></span> <span class='ocrx_word' id='word_1_307' title='bbox 642 4281 837 4352; x_wconf 69' lang='lat' dir='ltr'><strong>teneremus</strong></span> <span class='ocrx_word' id='word_1_308' title='bbox 865 4272 951 4358; x_wconf 86' lang='lat' dir='ltr'><strong>quod</strong></span> <span class='ocrx_word' id='word_1_309' title='bbox 968 4277 1074 4335; x_wconf 89' lang='lat' dir='ltr'><strong>essent</strong></span> <span class='ocrx_word' id='word_1_310' title='bbox 1090 4269 1184 4354; x_wconf 89' lang='lat' dir='ltr'><strong>plene</strong></span> 
     </span>
     <span class='ocr_line' id='line_1_37' title="bbox 70 4376 1184 4465; baseline 0.004 -28"><span class='ocrx_word' id='word_1_311' title='bbox 70 4376 169 4444; x_wconf 78' lang='lat' dir='ltr'><strong>arisati</strong></span> <span class='ocrx_word' id='word_1_312' title='bbox 183 4386 214 4444; x_wconf 91' lang='lat' dir='ltr'><strong>et</strong></span> <span class='ocrx_word' id='word_1_313' title='bbox 230 4381 412 4465; x_wconf 84' lang='lat' dir='ltr'><strong>informati,</strong></span> <span class='ocrx_word' id='word_1_314' title='bbox 426 4387 537 4446; x_wconf 88' lang='lat' dir='ltr'><strong>tamen</strong></span> <span class='ocrx_word' id='word_1_315' title='bbox 553 4387 690 4464; x_wconf 88' lang='lat' dir='ltr'><strong>propter</strong></span> <span class='ocrx_word' id='word_1_316' title='bbox 712 4381 925 4445; x_wconf 84' lang='lat' dir='ltr'><strong>reverentiam</strong></span> <span class='ocrx_word' id='word_1_317' title='bbox 943 4377 1047 4460; x_wconf 86' lang='lat' dir='ltr'><strong>Regio</strong></span> <span class='ocrx_word' id='word_1_318' title='bbox 1064 4377 1184 4461; x_wconf 87' lang='lat' dir='ltr'><strong>Majes·</strong></span> 
     </span>
     <span class='ocr_line' id='line_1_38' title="bbox 71 4484 1183 4572; baseline 0.004 -26"><span class='ocrx_word' id='word_1_319' title='bbox 71 4485 137 4550; x_wconf 86' lang='lat' dir='ltr'><strong>tatis</strong></span> <span class='ocrx_word' id='word_1_320' title='bbox 159 4487 328 4554; x_wconf 83' lang='lat' dir='ltr'><strong>videbatur</strong></span> <span class='ocrx_word' id='word_1_321' title='bbox 354 4487 448 4554; x_wconf 88' lang='lat' dir='ltr'><strong>nobis</strong></span> <span class='ocrx_word' id='word_1_322' title='bbox 473 4486 515 4553; x_wconf 91' lang='lat' dir='ltr'><strong>ad</strong></span> <span class='ocrx_word' id='word_1_323' title='bbox 540 4489 715 4553; x_wconf 86' lang='lat' dir='ltr'><strong>cautellam</strong></span> <span class='ocrx_word' id='word_1_324' title='bbox 740 4487 889 4572; x_wconf 89' lang='lat' dir='ltr'><strong>predicta</strong></span> <span class='ocrx_word' id='word_1_325' title='bbox 910 4485 955 4548; x_wconf 90' lang='lat' dir='ltr'><strong>eis</strong></span> <span class='ocrx_word' id='word_1_326' title='bbox 973 4490 1050 4550; x_wconf 87' lang='lat' dir='ltr'><strong>nota</strong></span> <span class='ocrx_word' id='word_1_327' title='bbox 1066 4484 1183 4566; x_wconf 88' lang='lat' dir='ltr'><strong>facere,</strong></span> 
     </span>
    </p>
   </div>
   <div class='ocr_carea' id='block_1_3' title="bbox 72 4587 1183 4770">
    <p class='ocr_par' dir='ltr' id='par_1_3' title="bbox 72 4587 1183 4770">
     <span class='ocr_line' id='line_1_39' title="bbox 72 4587 1183 4694; baseline 0.003 -38"><span class='ocrx_word' id='word_1_328' title='bbox 72 4587 234 4694; x_wconf 87' lang='lat' dir='ltr'><strong>dicentibus</strong></span> <span class='ocrx_word' id='word_1_329' title='bbox 249 4597 344 4662; x_wconf 91' lang='lat' dir='ltr'><strong>nobis</strong></span> <span class='ocrx_word' id='word_1_330' title='bbox 360 4597 423 4680; x_wconf 86' lang='lat' dir='ltr'><strong>ipsi</strong></span> <span class='ocrx_word' id='word_1_331' title='bbox 439 4595 569 4662; x_wconf 90' lang='lat' dir='ltr'><strong>domino</strong></span> <span class='ocrx_word' id='word_1_332' title='bbox 586 4595 742 4661; x_wconf 85' lang='lat' dir='ltr'><strong>Generali</strong></span> <span class='ocrx_word' id='word_1_333' title='bbox 759 4593 879 4660; x_wconf 90' lang='lat' dir='ltr'><strong>multos</strong></span> <span class='ocrx_word' id='word_1_334' title='bbox 891 4594 1012 4677; x_wconf 85' lang='lat' dir='ltr'><strong>modos,</strong></span> <span class='ocrx_word' id='word_1_335' title='bbox 1028 4616 1087 4677; x_wconf 90' lang='lat' dir='ltr'><strong>per</strong></span> <span class='ocrx_word' id='word_1_336' title='bbox 1103 4617 1183 4679; x_wconf 90' lang='lat' dir='ltr'><strong>quos</strong></span> 
     </span>
     <span class='ocr_line' id='line_1_40' title="bbox 1014 4699 1073 4770; baseline 0 0"><span class='ocrx_word' id='word_1_337' title='bbox 1014 4699 1073 4770; x_wconf 75' lang='lat'><strong>17*</strong></span> 
     </span>
    </p>
   </div>
   <div class='ocr_carea' id='block_1_4' title="bbox 0 0 1572 5254">
    <p class='ocr_par' dir='ltr' id='par_1_4' title="bbox 0 0 1572 5254">
     <span class='ocr_line' id='line_1_41' title="bbox 0 0 1572 5254; baseline 0 4"><span class='ocrx_word' id='word_1_338' title='bbox 0 0 1572 5254; x_wconf 95' lang='lat' dir='ltr'><strong> </strong></span> 
     </span>
    </p>
   </div>
  </div>
 </body>
</html>
