3248 5242
635 459 729 520 1392.
1181 457 1242 523 725

111 637 195 717 apta
210 631 402 715 compendia
417 631 521 714 gratis
538 631 708 699 affectibus
724 639 969 718 prosequentes,
985 655 1044 718 pro
1061 634 1246 701 cousidere-

113 741 207 806 tione
226 761 356 826 quoque
366 738 534 804 fidelitatis
550 747 582 804 et
598 741 807 806 seruitiorum
818 741 975 808 dictorum
988 743 1251 827 supplicantium,

116 849 175 933 qui
201 849 243 916 ob
268 848 301 913 id
328 869 387 932 per
402 868 461 913 nos
478 849 616 914 tractari
634 855 666 915 et
681 851 834 934 prosequi
850 849 1003 916 ubertate
1019 855 1129 917 nostre
1145 852 1252 934 gratie

114 964 353 1042 promerentur,
370 977 568 1042 quamquam
594 958 818 1041 predictarum
844 959 996 1024 villarum
1011 959 1102 1026 sacta
1116 957 1248 1024 iamdic-

113 1067 159 1130 tis
176 1062 441 1149 progenitoribus
466 1065 769 1148 prenominatorum
795 1065 1048 1151 supplicantium
1069 1088 1127 1152 per
1141 1065 1248 1152 prefa-

110 1179 183 1238 tum
199 1171 364 1257 quondam
390 1171 514 1258 Regem
540 1171 656 1239 Belam
683 1174 849 1241 concessio
866 1181 899 1240 et
915 1174 1049 1242 donatio
1070 1197 1128 1260 per
1144 1197 1179 1241 se
1195 1197 1248 1244 va·

111 1281 185 1349 lida
209 1285 380 1347 censeatur
405 1287 439 1346 et
463 1279 576 1362 firma3
599 1280 682 1347 moti
708 1280 936 1348 nichilominus
962 1282 1105 1367 ipsorum
1124 1283 1246 1368 suppli·

112 1391 260 1456 cantium
276 1389 369 1456 nobis
386 1390 419 1454 in
435 1387 497 1455 hac
521 1394 616 1473 parte
631 1389 790 1474 porrectis
806 1390 1011 1474 supplicatis,
1027 1395 1061 1457 et
1076 1392 1245 1475 superple-

113 1498 189 1563 nius
205 1496 336 1578 auditis,
354 1517 416 1579 que
433 1496 476 1562 ad
495 1495 731 1562 exaudietionis
748 1499 887 1581 gratiam
905 1519 965 1563 nos
981 1496 1158 1578 inducunt;
1175 1519 1246 1582 pre·

113 1604 292 1670 nominatis
309 1603 442 1670 Hercho
458 1610 493 1670 et
507 1602 675 1688 fratribus,
693 1627 732 1670 ac
747 1604 914 1686 Ladizlao,
931 1605 1078 1690 Hostoye
1094 1610 1127 1670 et
1142 1604 1252 1672 fratri·

57 1714 65 1726 '
116 1713 191 1794 bus,
217 1734 276 1797 pro
303 1712 452 1796 seipsis,
478 1719 647 1778 eteorum
674 1719 707 1777 et
732 1712 904 1778 cuiuslibet
918 1714 1062 1797 ipsorum
1077 1711 1251 1780 heredibus

115 1820 288 1888 masculini
315 1841 410 1886 sexus
436 1842 475 1886 ex
500 1823 645 1904 ipsorum
661 1821 851 1905 corporibus
867 1822 1011 1906 legitime
1027 1822 1250 1888 descendenti·

114 1933 188 2013 bus,
204 1931 292 1996 natis
309 1931 375 1996 iam
392 1937 425 1995 et
440 1932 573 1996 inantea
589 1931 772 2013 nascituris,
788 1932 821 1996 in
838 1938 1032 2016 perpetuum
1043 1931 1251 2016 supradictas

113 2039 212 2108 villas
227 2040 395 2124 Lipouaoz
411 2044 443 2104 et
461 2037 577 2108 Sancti
593 2035 729 2124 Martinj
747 2040 780 2104 in
795 2039 933 2122 Borbas,
950 2059 1040 2124 quas,
1056 2045 1090 2105 vt
1105 2038 1246 2124 predici-

114 2157 182 2231 tur,
200 2153 311 2214 tenent
328 2155 362 2213 et
377 2147 554 2232 possident,
580 2168 654 2213 eum
678 2147 872 2228 hominibus,
897 2147 1057 2228 vassallis,
1070 2145 1252 2232 jobagioni·

113 2255 187 2335 bus,
212 2253 402 2340 fortellicijs,
428 2254 586 2336 censibus,
610 2240 766 2342 seruioijs,
792 2255 951 2338 domibus,
983 2253 1250 2340 possessionibus,

114 2364 288 2446 theloneis,
304 2363 462 2449 piscarijs,
472 2365 670 2445 tenimentis
686 2363 870 2452 territorija,
881 2365 985 2445 metis,
1001 2363 1159 2448 terminis,
1175 2384 1249 2430 con·

114 2471 245 2552 finibus,
259 2470 395 2557 juribus,
406 2469 691 2557 jurisdictionibus
702 2477 733 2537 et
743 2471 949 2556 pertinentijs
960 2471 1108 2538 omnibus
1125 2493 1250 2542 aarum·

115 2580 201 2664 dem,
219 2585 252 2646 et
278 2580 353 2665 alijs
379 2580 634 2666 quibuscumque
659 2578 701 2644 ad
729 2577 833 2645 dictas
861 2579 953 2646 villas
979 2581 1201 2665 spectantibus
1217 2587 1250 2648 et

112 2689 356 2774 pertinentibus
375 2686 600 2771 quouismod0,
626 2693 660 2752 et
684 2687 861 2771 priuilegia
886 2687 1036 2755 similiter
1051 2687 1130 2756 dicti
1145 2685 1249 2772 Regis

113 2796 197 2864 Belo
230 2795 369 2879 prefatis
395 2816 506 2862 eorum
533 2795 797 2880 progenitoribus
822 2815 975 2862 concessa
1005 2799 1190 2879 propterea,
1216 2796 1250 2860 in

113 2904 216 2973 robur
232 2905 387 2989 plenioris
403 2905 538 2985 cautela,
564 2905 603 2971 de
631 2908 723 2971 certa
738 2911 853 2970 nostra
870 2904 1014 2985 scientia,
1033 2924 1072 2970 ac
1087 2926 1160 2972 cum
1177 2925 1250 2972 con-

113 3035 213 3081 sensu
239 3019 272 3079 et
296 3013 493 3080 auctoritate
519 3011 731 3079 Serenissime
748 3012 876 3078 domine
891 3013 1077 3096 Margarita
1093 3012 1156 3079 Dei
1173 3034 1247 3097 gre·

112 3125 165 3188 tia
189 3121 380 3205 Regnorum
405 3121 625 3206 predictorum
651 3119 779 3203 Regina
809 3119 987 3187 reuerende
1018 3121 1185 3204 genitricis
1217 3127 1251 3188 ot

112 3231 213 3298 Balie
242 3236 360 3312 nostre,
386 3236 499 3295 tenore
525 3230 723 3314 presentium
749 3229 949 3295 ratificamus
975 3235 1185 3311 acceptamus
1218 3235 1251 3294 et

115 3338 347 3418 confirmanus,
372 3344 546 3421 nostreque
572 3337 802 3404 ratificationis
829 3337 1062 3422 acceptationis
1088 3336 1252 3421 approba·

115 3449 218 3515 tionis
234 3456 266 3515 et
282 3447 536 3514 confirmationis
563 3447 737 3513 munimine
753 3447 957 3513 roboramus.
973 3443 1132 3514 Volentes
1149 3452 1181 3512 et
1197 3444 1251 3512 de·

114 3564 284 3624 cernentes
302 3575 461 3640 expresse,
478 3554 565 3638 quod
591 3561 659 3620 tam
684 3553 814 3639 prefata
832 3554 965 3621 donatio
981 3561 1014 3620 et
1030 3554 1196 3621 concessio
1212 3553 1253 3620 de

113 3665 307 3752 prescriptis
333 3663 418 3728 villis
435 3684 493 3748 per
509 3663 631 3730 dictum
658 3663 823 3747 quondam
841 3661 965 3747 Regem
981 3661 1098 3729 leam
1112 3659 1251 3746 jamdic-

113 3775 159 3840 tis
175 3771 438 3857 progenitoribus
455 3777 708 3837 memoratorum
726 3771 990 3855 supplicantium,
1006 3777 1044 3836 ut
1058 3769 1248 3856 predicitur,

113 3883 216 3964 facta,
241 3884 312 3967 plus
338 3903 436 3964 quam
462 3887 577 3947 nostra
593 3880 797 3948 confirmatio
815 3881 931 3948 exinde
947 3879 1160 3965 subsequuta,
1176 3902 1250 3966 sup-

113 3991 313 4079 plicantibus
329 3990 409 4075 ipsis
434 3995 467 4055 et
491 4010 603 4056 eorum
618 3988 793 4056 heredibus
813 3997 972 4075 perpetuo
991 3989 1169 4057 efficaciter
1184 3995 1249 4055 sta·

113 4100 194 4168 bilis
211 4105 244 4164 et
260 4098 569 4165 incommutabiliter
585 4099 628 4163 sit
643 4099 760 4182 realis;
785 4097 944 4164 fidelitate
961 4103 994 4163 et
1016 4099 1252 4182 superioritate

116 4213 240 4287 nostra,
267 4227 306 4272 ac
321 4206 598 4289 recognitionibus
624 4213 657 4272 et
682 4208 827 4292 seruicijs
853 4228 912 4291 pro
939 4206 1132 4291 supradictis
1163 4205 1261 4270 villis·

116 4316 218 4384 Ourie
234 4322 346 4384 uostre
363 4315 484 4381 debitis
501 4321 534 4379 et
549 4315 692 4399 prestarj
710 4313 823 4398 solitis,
845 4315 919 4401 alijs
936 4335 1067 4398 quoque
1084 4314 1203 4380 nostris
1221 4317 1254 4378 et

117 4425 291 4493 cuiuslibet
305 4425 441 4490 alterius
453 4421 582 4508 juribus
602 4444 731 4507 semper
753 4424 864 4489 saluis.
881 4423 920 4488 In
938 4423 1029 4488 cuius
1046 4423 1092 4488 rei
1109 4422 1254 4488 testimo-

116 4534 205 4601 nium
238 4541 406 4618 presentes
430 4532 562 4599 lictcras
588 4531 703 4598 exinde
730 4531 801 4598 fieri
827 4538 860 4596 et
884 4529 1037 4616 pendenti
1063 4529 1251 4597 Maiestatis

116 4641 239 4711 Nostra
265 4641 370 4724 sigillo
393 4641 549 4726 jussimus
575 4638 778 4725 commuuirj.
804 4638 894 4704 Data
914 4637 1032 4705 Gaietc
1047 4639 1081 4704 in
1097 4637 1247 4705 absentia
