3214 5250
765 399 1000 444 nrrnounozmr
1016 386 1183 444 anabusn.

936 688 1010 750 347.

411 845 526 908 Ldszdo'
541 847 672 932 oppednr'
687 850 827 934 berczep,
844 847 960 934 ορμον
975 848 1236 934 Mopyorornactp
1265 848 1406 926 nddoro,
1431 847 1525 910 ddsddd

411 955 511 1037 Lajos
526 954 709 1042 kirddynok
722 957 882 1042 paliczioi
907 957 1150 1044 kormdnyzdjo,
1180 957 1358 1022 Ostrudzoro
1383 956 1525 1020 odroadou

751 1065 941 1129 advotaticit
958 1066 1081 1130 render.
1101 1069 1195 1130 1386.

519 1223 559 1287 In
576 1224 706 1290 nomine
722 1225 856 1291 Domini
872 1223 991 1291 Amen.
1007 1223 1063 1290 Ad
1079 1232 1272 1311 perpetuam
1281 1227 1329 1290 rei
1346 1224 1526 1290 memoriam.

409 1332 585 1398 Ladislaus
602 1330 666 1398 Dei
682 1334 794 1416 gracia
811 1331 889 1398 Dux
905 1329 1103 1418 Opulieusis,
1122 1332 1341 1410 Welunensis
1359 1331 1527 1417 Cupauien·

412 1443 466 1522 sis,
481 1441 697 1507 Dubrinensis
714 1449 774 1507 etc.
784 1447 897 1506 notum
915 1442 1053 1509 iacimus
1069 1449 1182 1508 tenore
1192 1444 1400 1526 presencium
1417 1442 1528 1505 ruinar-

414 1549 468 1630 sis,
501 1549 590 1632 quod
630 1573 701 1615 cum
735 1551 775 1616 de
816 1550 1100 1617 commoditatibus
1131 1556 1165 1616 et
1199 1549 1402 1615 utilitatibus
1433 1546 1527 1632 oppidi

413 1657 638 1723 Ostrzeschow
656 1659 739 1724 olias
756 1657 954 1743 Schiltberg,
970 1680 1110 1724 necnon
1126 1657 1274 1724 fidelium
1298 1665 1482 1724 nostrornm
1495 1655 1528 1720 ci-

312 1811 319 1822 ·
413 1765 501 1831 uium
518 1767 551 1830 in
568 1765 681 1831 eodem
706 1767 981 1833 commoranoium
996 1765 1143 1848 ubilibet,
1160 1773 1192 1831 et
1208 1766 1387 1850 potissime,
1403 1763 1528 1850 qualiter

413 1874 514 1956 ipsius
539 1874 651 1958 oppidi
676 1881 708 1940 et
735 1875 804 1940 eius
830 1876 1009 1942 incolarum
1035 1881 1139 1940 status
1164 1875 1319 1960 pacificus
1345 1870 1528 1939 successuris

414 1981 615 2065 temporibus
631 1989 835 2066 procuretur,
851 1983 894 2048 ad
911 1984 999 2068 quod
1015 1984 1154 2067 primum
1170 1989 1315 2048 mentem
1333 1987 1480 2048 nostram
1494 1979 1530 2044 di·

414 2089 559 2172 rigimus,
576 2088 751 2155 salubriter
766 2089 982 2170 intendamus,
998 2112 1113 2175 pacem
1130 2097 1163 2156 et
1183 2089 1343 2155 iusticiam
1372 2089 1529 2172 uuicuique

414 2202 480 2261 tam
498 2201 642 2280 pauperi,
659 2219 755 2281 quam
772 2197 872 2282 diviti,
888 2199 922 2262 iu
938 2198 1083 2282 personis
1100 2204 1133 2263 et
1148 2198 1255 2280 rebus,
1280 2219 1367 2282 equa
1384 2198 1530 2262 ministra·
1591 2255 1592 2264 2

414 2304 506 2370 cioue
523 2307 688 2389 cupientes
704 2305 839 2371 firmiter
859 2305 1022 2388 exhiberi3
1047 2305 1190 2382 volentes
1215 2327 1273 2390 per
1299 2304 1530 2388 infrascriptam
1591 2375 1592 2392 ἶ

415 2412 658 2480 ordinacionem
684 2413 763 2480 dicti
789 2414 901 2499 oppidi
926 2415 1031 2479 nostri
1056 2413 1278 2479 condicionem
1304 2418 1336 2478 et
1365 2419 1483 2479 statum
1505 2411 1530 2474 in
1591 2431 1592 2434 ¹

415 2520 530 2586 melius
547 2521 725 2588 reformare
742 2548 748 2588 :
766 2523 913 2587 Primum
930 2522 1061 2604 quidem
1077 2522 1192 2587 damus
1208 2530 1240 2587 et
1259 2521 1458 2588 conferimus
1480 2519 1529 2584 eis-

414 2628 487 2693 dem
514 2629 634 2693 nostris
660 2629 785 2694 ciuibus
811 2629 1015 2713 presentibus
1041 2636 1074 2696 et
1099 2629 1226 2710 tuturis,
1243 2628 1467 2696 Advocaciam
1486 2648 1529 2691 ssu

414 2737 438 2802 J
441 2735 582 2801 udicium
599 2736 679 2801 dicti
696 2736 786 2819 opidi
804 2736 1036 2820 Ostrzeschour,
1053 2760 1125 2803 cum
1142 2739 1291 2805 omnibus
1316 2739 1413 2823 penis
1437 2737 1531 2821 paruis
1590 2743 1591 2824 ᾗ

417 2851 449 2907 et
467 2843 595 2928 magnis
613 2843 651 2908 de
668 2844 738 2927 ipsa
757 2841 943 2910 Adrocscia
961 2845 1237 2929 prouenientibuS,
1248 2846 1451 2929 capitalibus
1466 2843 1531 2908 dun·

416 2957 507 3017 taxat
522 2951 616 3034 penis
631 2952 782 3034 exceptio,
798 2950 838 3016 de
855 2951 973 3034 quibus
988 2952 1110 3018 eisdem
1133 2953 1257 3019 ciuibus
1283 2955 1425 3019 tercium
1451 2953 1530 3016 dem·
1589 2957 1590 3034 Ϊ

415 3061 500 3125 rium
517 3059 641 3140 damus,
667 3061 792 3127 duobus
810 3068 917 3126 autem
934 3062 1079 3146 denarijs
1096 3085 1156 3146 pro
1173 3064 1265 3129 uobis
1282 3069 1314 3128 et
1330 3065 1456 3129 nostris
1474 3081 1531 3145 pos·
1588 3047 1590 3110 l

414 3168 493 3232 teris
510 3171 691 3232 reservatis.
710 3167 836 3234 Damus
854 3169 975 3236 eisdem
992 3171 1092 3236 etiam
1109 3172 1242 3252 ciuibus,
1264 3171 1355 3253 quod
1386 3189 1529 3254 nusquarr

416 3276 448 3340 in
466 3275 554 3341 uillis
571 3275 676 3340 tocius
691 3277 870 3342 Districtus
881 3275 1110 3344 Ostrzeschow
1120 3281 1224 3363 possit
1234 3279 1357 3363 aliquis
1369 3280 1422 3346 sal
1431 3277 1529 3344 reude-
1588 3263 1589 3290 ³

414 3407 466 3462 re,
483 3383 538 3448 sed
556 3382 643 3465 ‹puod
659 3384 761 3466 ipsius
778 3384 869 3468 opidi
880 3385 1040 3452 Consules
1051 3388 1274 3453 vendicionem
1291 3389 1373 3453 salis
1391 3391 1424 3453 in
1435 3385 1529 3452 eodem
1588 3397 1589 3458 j

414 3492 511 3575 opido
528 3492 672 3558 habeant
689 3501 836 3576 exparte
853 3493 1115 3560 Communitstis.
1135 3496 1261 3560 Damus
1278 3496 1416 3580 insuper
1426 3496 1529 3562 eisdem
1587 3499 1589 3582 J

415 3600 543 3666 ciuibus
560 3622 670 3666 omnes
687 3622 802 3667 census
819 3601 958 3668 indicto
975 3603 1084 3686 opido,
1104 3605 1208 3668 eciam
1236 3603 1275 3668 de
1302 3605 1450 3670 macellis
1474 3623 1528 3667 car·
1587 3617 1588 3660 ῑ

417 3709 502 3773 nium
522 3709 759 3792 prouenienteS,
776 3709 925 3775 similiter
942 3718 975 3774 et
990 3732 1120 3775 censum
1138 3733 1292 3793 agrorum
1313 3713 1390 3778 ville
1417 3710 1528 3778 Bartol-
1587 3791 1588 3794 Ἴ

418 3814 563 3898 disderii,
579 3813 659 3890 foris
676 3815 841 3880 ciuitatem
858 3839 914 3882 seu
931 3817 1052 3882 dictum
1070 3817 1202 3900 opidum
1229 3821 1359 3885 situate.
1394 3820 1530 3887 Adicien-

416 3933 465 3988 tes
482 3925 595 4003 eciam,
612 3923 699 4006 quod
716 3924 779 4006 ipsi
796 3923 881 3988 cives
898 3926 1041 4008 quelibet
1058 3946 1169 3991 eorum
1197 3926 1318 4010 debita,
1345 3951 1413 4012 que
1439 3925 1531 3993 rustici
1586 3993 1587 3998 η

416 4031 564 4095 villarum
583 4029 762 4096 Districtus
780 4033 921 4097 eiusdem
937 4035 971 4096 in
988 4032 1100 4098 eodem
1117 4033 1215 4117 opido
1232 4035 1321 4118 apud
1348 4036 1437 4120 ipsos
1461 4035 1530 4100 ciues
1586 4073 1587 4096 r

416 4139 551 4204 feceriut
569 4161 625 4203 seu
651 4140 880 4222 contraxerint,
907 4162 944 4206 eo
967 4141 1041 4225 jure
1059 4147 1091 4206 et
1121 4140 1217 4206 modo
1242 4142 1284 4207 ab
1310 4144 1393 4225 ipsis
1419 4139 1529 4208 rusticis
1584 4173 1586 4184 =

417 4247 547 4330 exigere
563 4254 596 4312 et
613 4253 758 4330 repetere
776 4251 911 4332 possint,
926 4257 1025 4333 prout
1046 4251 1184 4317 alierum
1209 4260 1400 4320 nostrarum
1428 4251 1530 4319 Ciuita-

416 4363 485 4419 tum
501 4358 587 4420 ciues
613 4379 671 4440 pro
689 4357 848 4423 similibus
871 4381 982 4424 eorum
1008 4359 1127 4426 debitis
1155 4359 1265 4426 lacere
1283 4369 1359 4428 suut
1387 4357 1529 4430 consueti

418 4462 560 4528 Predicti
578 4486 708 4547 quoque
734 4467 822 4531 ciues
849 4474 1015 4534 eteorum
1043 4470 1166 4552 posteri
1194 4491 1252 4552 pro
1278 4471 1440 4537 universis
1464 4469 1528 4534 solu·

418 4569 560 4638 tionibus
578 4577 610 4636 et
626 4572 774 4640 censibus
789 4575 902 4660 viginti
923 4582 992 4642 tres
1016 4597 1145 4642 marcas
1171 4599 1359 4659 grossorum
1386 4577 1526 4645 usualium
