3172 5254
573 343 667 422 istu
1124 351 1185 424 tls

74 555 278 618 supernarum.
296 557 359 618 que
376 535 460 598 l'errs
478 557 540 599 uon
558 539 666 616 potest
677 533 744 598 sine
757 535 877 600 auxilio
895 557 1028 600 suorum
1039 537 1191 618 liliorum,

1 659 2 706 l
74 644 265 708 Prolatorum
283 641 431 708 videlicet
450 648 482 706 et
500 641 639 706 aliarum
657 661 869 725 personarum
887 645 1189 723 ecclesiasticarum

1 737 2 762 ³
75 772 107 816 ac
120 751 227 817 decens
243 753 286 816 sit
302 756 335 815 et
351 749 554 830 rationabile,
573 747 660 832 quod
677 749 822 816 membra
839 751 949 834 capiti,
967 758 1000 815 et
1018 749 1074 815 filii
1091 754 1190 817 matri

73 859 248 926 subueniaut
272 857 451 942 indigenti:
475 860 545 925 Nos
571 856 611 921 de
636 865 694 924 tua
722 859 1010 942 circumspectione
1038 867 1187 941 gerentes

75 970 102 1032 in
115 966 248 1034 Domino
263 967 416 1033 fiduciam
432 966 620 1052 pleniorem,
636 966 838 1032 fraternitati
856 975 910 1033 tue.
927 967 960 1031 in
977 967 1103 1052 Reguis
1120 965 1188 1035 Vn·

72 1077 156 1158 garie,
180 1076 320 1142 Polouie
347 1081 378 1139 et
394 1073 571 1157 Dalmatis,
597 1073 638 1138 ad
664 1095 726 1156 que
751 1081 785 1138 te
811 1075 970 1140 mittimus
986 1075 1027 1139 nd
1048 1096 1190 1158 presens,

1 1242 2 1259 ,
71 1183 209 1250 rniuersis
226 1189 259 1248 et
274 1183 412 1265 singulis
429 1179 703 1265 Arcbiepiscopis,
721 1183 904 1266 Episcopis,
920 1183 1055 1264 Electis,
1072 1181 1186 1249 Abba-

1 1311 2 1336 2
68 1289 149 1370 tibus,
173 1289 354 1372 Frictione,
380 1289 530 1369 Decanis,
556 1287 748 1372 Prepesitis,
780 1289 1038 1371 Archidiacouis,
1066 1289 1182 1356 Archi·

69 1398 249 1479 presbiteris,
282 1395 465 1476 Pelebnnis,
496 1395 693 1470 Rectoribus
726 1403 760 1462 et
790 1398 864 1463 aliis
897 1397 1119 1465 Ecclesiarum
1154 1407 1185 1464 et

1 1489 2 1570 Ῠ
69 1505 327 1572 blonasteriorum
353 1503 507 1585 Prolatis,
523 1504 733 1588 ipsorumque
759 1507 846 1570 vices
872 1507 1070 1590 gerentibus,
1086 1505 1188 1590 Capi·

1 1666 2 1687 ,
68 1613 131 1678 tulis
154 1635 284 1699 quoque
307 1618 339 1679 et
365 1609 588 1677 Conventibus
615 1611 837 1678 Ecclesisrum
855 1621 887 1678 et
903 1613 1179 1680 Monasteriorum

1 1732 2 1788 l
68 1723 202 1805 ipsorum,
220 1723 403 1802 ceterisque
434 1718 626 1802 personibns
652 1720 892 1802 ecclesiasticis,
917 1721 1117 1787 secularibus
1155 1727 1187 1784 et

1 1869 2 1904 ,
68 1827 258 1912 regularibus
275 1830 410 1893 exemtis
426 1835 459 1893 et
476 1849 538 1891 non
555 1829 722 1911 exemptis,
737 1824 975 1910 cisterciensis,
992 1827 1185 1895 Cluniacen-

67 1939 110 2019 sis,
135 1937 454 2014 Premonstratensis,
488 1936 757 2017 Camaldnlensis,
786 1935 980 2004 Sanctorum
1014 1937 1185 2003 Benedicti

65 2055 91 2110 et
111 2045 297 2131 Augustini,
323 2053 356 2110 et
381 2043 519 2110 aliorum
546 2045 716 2124 ordinum,
733 2066 771 2111 ac
786 2044 912 2110 Domus
939 2044 1059 2112 Sancte
1077 2045 1183 2112 Maria

70 2152 329 2220 l'beotonicorum
346 2151 600 2236 Prcccptoribus
616 2151 775 2216 dictorum
793 2153 980 2236 Regnorum
997 2153 1183 2237 imponendi

69 2263 257 2328 auctoritate
274 2269 387 2326 nostra
404 2282 462 2344 pro
479 2261 567 2325 dicta
577 2259 727 2326 Ecclesia
743 2269 774 2325 et
791 2263 1036 2346 supportatione
1053 2283 1185 2328 onerum

66 2369 248 2450 prelatorum
284 2370 440 2435 decimam
483 2369 656 2452 fructuum,
697 2367 879 2435 reddituum
911 2377 942 2435 et
974 2377 1182 2454 proventuum

66 2478 342 2543 ecclesiasticorum
362 2477 608 2543 consistentium
627 2477 659 2540 in
676 2477 755 2559 ipsis
772 2475 905 2559 Regnis,
923 2481 1018 2542 unius
1036 2478 1183 2544 videlicet

64 2588 129 2650 anui
146 2586 320 2653 inchoandi
337 2607 357 2652 a
374 2585 436 2666 die,
456 2608 552 2670 qnam
572 2584 612 2652 ad
631 2586 691 2651 hoc
717 2584 847 2652 duxeris
864 2586 1093 2670 prefigendam,
1112 2607 1182 2651 cum

68 2693 217 2775 clausulis,
242 2694 350 2762 modis
365 2705 398 2759 et
414 2692 525 2760 formis
542 2695 576 2758 in
592 2693 710 2761 talibus
727 2715 785 2778 per
801 2692 986 2760 Romanam
1002 2695 1183 2760 Ecclesiam

64 2807 212 2870 consuetis
239 2805 369 2890 apponi,
396 2803 562 2888 ipsamque
588 2803 748 2869 decimam
773 2825 832 2887 per
858 2810 891 2868 te
917 2804 965 2868 rel
993 2801 1091 2868 alium
1125 2821 1182 2868 seu

64 2910 134 2975 alim
151 2913 291 2996 petendi,
308 2909 457 2996 exigendi
475 2917 505 2976 et
525 2911 708 2996 recipiendi,
726 2917 755 2976 et
774 2911 812 2975 de
829 2913 971 2996 receptis
997 2910 1185 2976 absolvendi

63 3025 87 3082 ct
109 3020 255 3103 quitnudi
284 3019 457 3100 soluentes,
482 3019 741 3084 contradictores
767 3040 896 3102 quoque
928 3041 984 3103 per
1017 3038 1184 3083 censuram

63 3131 303 3196 ecclesiasticam
331 3151 370 3194 ac
394 3131 683 3212 sequestra-tionem
710 3129 895 3195 huiusmodi
922 3129 1097 3196 fructuum.
1114 3125 1185 3192 red-

62 3235 172 3304 dituum
200 3243 233 3304 et
256 3244 481 3321 proventuum,
497 3245 528 3301 et
544 3235 609 3301 alia
625 3243 786 3320 oportuna
814 3235 964 3318 remedia,
981 3234 1092 3300 eadem
1109 3254 1184 3300 auc·

61 3346 183 3412 britate
210 3343 432 3430 appellatione
458 3346 640 3428 postposita
666 3343 909 3428 compescendi3
936 3364 1001 3407 non
1027 3341 1184 3408 obstanti-

62 3449 189 3520 bustam
216 3453 322 3519 felicis
339 3452 574 3519 recordationis
599 3451 763 3518 Bonifacii
790 3453 882 3535 Papa
901 3450 1002 3518 VIII.
1019 3450 1183 3534 predeces-

62 3562 131 3626 soris
162 3563 278 3642 nostri,
313 3584 377 3644 qua
410 3567 542 3626 cavetur
575 3567 635 3625 etc.
668 3561 797 3644 plenam
829 3559 1036 3626 eotrcedimus
1068 3566 1182 3623 tenore

61 3674 251 3749 presentium
277 3670 478 3735 facultatem.
495 3669 618 3736 Datum
644 3667 746 3735 Rome
773 3668 860 3755 apud
877 3667 1031 3734 Sanctum
1049 3669 1183 3733 Petrum

64 3781 144 3843 nouis
161 3777 285 3847 Martii
303 3775 519 3842 Pontificatus
535 3777 641 3842 nostri
659 3797 743 3841 anno
760 3778 906 3861 septime.

156 3885 228 3970 IV)
245 3881 427 3969 Gregorius
444 3885 626 3967 Episcopus
637 3891 694 3949 eto.
712 3884 888 3951 venerabili
906 3883 1002 3948 fratri
1013 3879 1185 3948 Bernardo

63 3988 214 4080 Episcopo
247 3991 462 4073 Bononiensi,
487 3991 679 4076 Apostoliee
705 3991 797 4060 Sedis
824 3991 954 4058 Nuncio
972 3993 1111 4058 salutem
1128 3999 1186 4054 etc.

4 4052 6 4135 l
62 4095 141 4181 Cum,
168 4107 269 4187 prout
297 4101 460 4166 notorium
478 4109 536 4182 est,
553 4099 703 4166 Romana
729 4101 877 4166 Ecclesia
892 4122 953 4183 pro
970 4099 1186 4182 recuperatio·

4 4191 6 4246 3
63 4227 97 4271 ne
110 4211 339 4278 nonnullarum
366 4231 498 4276 suarum
514 4217 675 4275 terrarum
702 4231 721 4273 a
746 4209 897 4274 nonnulis
914 4209 981 4273 suis
997 4204 1136 4272 tirannis
1154 4214 1187 4271 et

4 4349 6 4398 1
66 4313 127 4380 aliis
155 4325 410 4403 occupatarum,
446 4339 484 4383 ac
519 4317 707 4383 defensione
747 4313 887 4383 aliarum
920 4323 1091 4394 terrarum,
1123 4335 1185 4396 que

4 4409 6 4497 l
68 4419 95 4486 in
117 4425 214 4509 ipsius
241 4425 390 4494 Ecclesie
417 4423 599 4490 obedientia
615 4432 851 4490 remanserunt.
877 4423 1002 4506 maguis
1018 4429 1186 4504 prematur

5 4559 7 4614 j
67 4533 204 4600 oneribus
230 4557 457 4618 expensarum,
474 4533 635 4617 quaterne
659 4555 722 4597 non
741 4539 859 4616 potest,
877 4533 939 4595 uisi
956 4531 1015 4594 viis
1031 4535 1063 4593 et
1078 4529 1184 4593 modis

5 4649 6 4656 ’
114 4665 171 4701 uos.
187 4669 270 4708 unsa.
285 4669 354 4706 amr.
370 4676 412 4688 —
429 4667 497 4703 acra
511 4669 571 4704 nur.
587 4669 624 4703 m.
1036 4643 1076 4700 10
