3214 5250
396 333 460 410 630
749 349 984 394 presentemur
1000 333 1164 392 suntuna.

396 509 533 588 mensis;
550 507 666 594 quibus
683 505 768 575 iuter
785 514 896 574 cetera
906 531 964 574 nos
973 507 1148 572 hortemini
1160 505 1204 571 ad
1216 510 1440 573 constantiam
1452 507 1523 572 fide-

394 617 499 683 litatis
515 616 625 683 debite
640 618 756 703 Regno
772 640 811 683 ae
827 616 929 684 Sacro
955 614 1145 683 Diademati
1161 614 1319 698 Ungarie‚
1346 613 1519 680 offerentes

392 747 450 790 vos
465 725 570 792 libero
587 727 697 792 animo
713 731 908 810 preparatos
927 724 1105 805 adomnia,
1121 744 1184 807 que
1200 721 1326 788 iaciunt
1350 745 1414 806 pro
1440 723 1523 788 bono

393 837 426 897 et
442 833 684 899 conservatione
701 839 808 900 status
823 833 926 899 nostri
944 831 986 898 ad
1003 834 1156 899 honorem
1174 851 1303 915 semper
1319 830 1523 896 Diadematis

394 940 556 1024 prelibati.
572 939 629 1006 Ad
645 962 708 1026 qne
724 941 926 1008 Excellentie
942 939 1062 1010 Vestro
1077 946 1185 1024 grates
1209 939 1387 1005 reddentes
1404 938 1523 1004 uberri-

394 1070 472 1129 mas,
483 1053 516 1113 et
531 1046 714 1114 oblationes
730 1053 854 1113 vestras
871 1048 995 1132 amplas
1012 1054 1045 1112 et
1060 1047 1231 1112 benevolas
1247 1051 1470 1130 acceptantes,
1479 1047 1524 1112 di-

393 1155 495 1222 cimus
520 1177 579 1222 nos
595 1177 664 1222 esse
689 1155 773 1222 firmi
800 1157 960 1241 propositi
985 1157 1105 1222 edicte
1131 1155 1300 1221 fidelitatis
1327 1156 1445 1239 stipite
1469 1177 1523 1220 nec

394 1269 497 1329 morte
514 1285 574 1329 nec
590 1263 701 1348 gladio
717 1266 872 1349 separari.
899 1266 965 1332 Pro
991 1266 1081 1330 cuius
1107 1265 1353 1330 conservatione
1370 1262 1467 1329 illesa
1482 1264 1524 1327 n·-

394 1369 485 1454 detis
501 1377 583 1455 quot
598 1374 794 1456 quantisque
811 1373 906 1438 malis
922 1373 1025 1457 pressi
1050 1394 1159 1438 sumus
1173 1377 1205 1437 et
1221 1370 1402 1456 premimur
1425 1371 1524 1440 inoes-

393 1483 512 1560 sauter,
529 1480 606 1562 qnia
622 1500 721 1563 grave
737 1487 787 1546 est
802 1481 899 1546 fidem
914 1480 1047 1563 fallere;
1071 1479 1244 1546 offerentes
1264 1499 1323 1544 nos
1340 1499 1438 1544 versa
1452 1479 1519 1544 vice

391 1585 485 1650 iuxta
500 1583 682 1652 decentiam
698 1593 823 1672 quanto
840 1587 940 1654 altior
954 1594 1007 1654 est
1023 1588 1123 1654 statui
1148 1594 1256 1653 vestro
1272 1587 1316 1652 ad
1331 1587 1444 1652 omnia
1458 1608 1523 1651 ves-

392 1699 446 1758 tra
470 1691 682 1779 beneplacita,
699 1703 884 1781 augmenta,
909 1697 1078 1764 commoda
1097 1702 1131 1764 et
1146 1697 1295 1774 honores,
1306 1691 1346 1761 ‘in
1363 1703 1520 1780 quantum

392 1823 561 1886 possumus
577 1825 649 1870 cum
666 1804 823 1871 fidelitate
839 1813 873 1872 et
891 1804 1015 1873 honore
1033 1807 1140 1892 Regni
1156 1812 1190 1872 et
1205 1805 1334 1874 Corone
1350 1805 1522 1889 Hungarie

392 1911 547 1994 predicte.
572 1910 648 1990 Non
664 1911 878 1996 attendentes,
894 1915 921 1979 si
937 1917 1019 1998 quie,
1036 1923 1072 1981 ut
1088 1914 1243 1997 scribitis,
1263 1914 1387 1979 semina
1412 1913 1522 1998 aliqua

392 2018 537 2084 scandali
554 2020 588 2084 in
602 2018 709 2086 medio
725 2023 923 2105 proiecisset,
949 2045 1011 2106 que
1029 2029 1117 2089 certe
1134 2044 1233 2107 supra
1250 2028 1378 2106 petram
1404 2020 1522 2086 eaden·

391 2126 439 2190 tie
464 2126 607 2192 radicem
624 2129 657 2193 in
673 2129 794 2194 nostris
810 2129 962 2196 cordibus
978 2153 1042 2196 non
1057 2131 1208 2198 fixerunt.
1233 2131 1324 2196 Data
1336 2129 1389 2196 die
1406 2129 1520 2194 ultimo

390 2235 510 2302 mensis
526 2232 664 2320 Aprilis,
680 2237 805 2303 decima
820 2238 1005 2304 indictione.

788 2348 922 2429 Rector,
936 2345 1072 2413 Jndices
1089 2353 1123 2412 et
1139 2346 1320 2414 Consilium
1337 2345 1473 2431 Spalati.

388 2488 424 2549 (Α
439 2488 540 2554 »Copia
553 2489 586 2539 de
599 2489 840 2543 Commemorialk
855 2492 945 2542 ezimtl
958 2492 1097 2544 velenezei
1112 2491 1297 2556 sillamkfrnyv
1321 2492 1397 2543 vm.
1411 2489 1517 2541 littete-

856 2581 902 2631 bel
913 2585 973 2632 298.
987 2583 1052 2644 lev.)

874 2743 1034 2756 unvano—Q

464 3030 494 3096 A
513 3033 665 3097 uclenczci
682 3032 962 3120 kdztdrsaea'pnak
981 3034 1073 3099 Trou
1089 3039 1185 3101 uiros
1200 3035 1337 3124 kdaae'qe.
1357 3040 1448 3103 1387.

411 3247 414 3252 .
494 3192 636 3258 Excelse
652 3200 686 3259 et
701 3192 838 3258 illustris
853 3189 932 3258 Dux
948 3198 982 3260 et
999 3201 1107 3261 noster
1122 3195 1224 3261 voluti
1243 3194 1384 3265 Domine
1409 3200 1513 3282 singu·

386 3299 574 3365 larrissime.
599 3300 931 3367 Reeommendatione
956 3304 1123 3386 premissa,
1154 3306 1294 3388 receptis
1318 3307 1436 3373 litteris
1449 3307 1511 3371 ux-

388 3406 471 3474 eelse
487 3405 731 3475 Dominationis
747 3405 867 3478 Vestre
890 3411 1060 3493 omniqua
1083 3412 1193 3478 decuit
1217 3416 1398 3480 reverentia
1422 3415 1511 3484 nobis

388 3513 560 3580 insinuatis
576 3535 635 3598 per
652 3515 868 3582 venerabilem
885 3525 917 3582 et
934 3517 1110 3584 discretum
1127 3519 1230 3586 virum
1247 3521 1413 3590 dominnm
1437 3524 1511 3591 frat·

387 3643 455 3686 rem
471 3621 686 3688 Benedictum
702 3620 870 3689 Abbatem
887 3623 1078 3692 Monasterii
1096 3625 1219 3694 Sancte
1239 3628 1347 3696 Maria
1371 3631 1411 3696 de
1428 3633 1509 3700 Pola

385 3732 487 3795 civem
504 3736 656 3808 vestrum,
670 3732 774 3815 gavisi
790 3731 910 3798 suimus
926 3734 1035 3818 amplo
1057 3736 1163 3816 corde,
1189 3737 1405 3806 consideratis
1422 3748 1455 3808 et
1468 3743 1513 3807 in·

386 3839 502 3920 spectis
518 3843 625 3905 vestra
641 3839 769 3905 sincera
785 3839 1009 3925 benivolentia,
1025 3863 1124 3924 quam
1141 3843 1229 3910 circa
1254 3845 1390 3914 Sacram
1418 3847 1513 3916 Coru-

385 3967 460 4012 nam
477 3945 649 4030 Hungarie
665 3948 778 4031 geritis
793 3948 979 4029 eordinlem,
994 3951 1247 4032 amonitionibus
1262 3955 1512 4023 hortationibus·

384 4076 446 4137 que
461 4055 564 4136 bonis,
580 4077 662 4139 quas
677 4053 834 4122 Vestrum
850 4056 1040 4124 Domininm
1056 4081 1115 4125 nos
1131 4061 1264 4126 instruit
1283 4068 1385 4147 atque
1396 4073 1513 4132 monet.

385 4161 437 4226 De
454 4162 572 4247 quibus
589 4184 654 4228 non
670 4186 779 4230 snmus
805 4166 898 4246 tanti,
919 4172 955 4231 ut
979 4189 1145 4250 possemus
1171 4167 1293 4236 Vestro
1320 4170 1512 4240 Celsitudini

387 4271 546 4354 premium
562 4273 715 4336 meritum
731 4271 874 4356 elargiri,
890 4272 947 4338 sed
962 4273 1018 4338 ille
1034 4275 1199 4359 pronubis
1211 4279 1513 4367 retribueredigne-

383 4385 446 4458 tnr,
462 4378 519 4461 qni
535 4388 760 4446 remunerator
777 4380 935 4448 bonorum
957 4385 1098 4449 omnium
1123 4393 1175 4450 est
1200 4391 1234 4451 et
1260 4385 1411 4472 largitor.
1439 4390 1511 4475 Qui·

387 4486 446 4549 bus
463 4485 583 4551 litteris
601 4486 813 4558 Celsilndinis
841 4491 961 4562 Vestro
978 4495 1025 4558 sic
1041 4514 1113 4558 cunr
1139 4495 1318 4564 subiectiva
1334 4501 1512 4569 reverentis
