3210 5252
416 409 457 470 74
767 419 1000 465 orrncusczmr
1017 405 1185 462 nunnioni.

413 583 549 668 singulis
564 582 761 646 tributorum
788 580 865 644 locis
882 576 1065 643 huiusmodi
1090 577 1217 642 carcine
1234 598 1290 641 seu
1306 597 1407 641 naues
1424 593 1541 657 magne

412 714 471 777 per
487 697 708 756 transuersum
725 689 757 754 iu
774 686 875 752 fundo
891 685 1071 752 earundem
1088 707 1161 749 cum
1177 685 1291 768 planta
1307 684 1401 768 pedis
1418 704 1542 747 mensu-

412 801 489 882 rari,
515 806 547 865 et
572 797 746 864 secundem
771 795 954 861 huiusmodi
973 800 1084 860 nostre
1110 792 1332 858 ordinacionis
1357 811 1541 857 mensuram

411 906 572 972 tributum
598 905 683 988 exigi
710 909 743 968 et
758 903 842 969 solui
858 901 1012 969 deberet:
1035 909 1148 966 tamen
1164 902 1241 985 quia
1258 923 1350 983 nuuc,
1367 905 1401 966 vt
1419 899 1542 965 intelle·

410 1016 525 1095 ximus,
550 1018 665 1080 contra
690 1011 931 1079 ordinacionem
957 1017 989 1074 et
1014 1015 1177 1075 maturam
1204 1009 1453 1094 disposicionem
1470 1030 1541 1074 nos·

410 1129 497 1188 tram
513 1121 701 1206 premissam
718 1139 773 1183 vos
791 1119 952 1184 nouitates
969 1124 1002 1183 et
1018 1116 1220 1201 calumpnias
1236 1117 1387 1184 inducere
1404 1122 1543 1201 attemp

412 1229 521 1310 tastis,
545 1234 681 1313 propter
707 1226 796 1312 quod
821 1232 1016 1292 mercatores
1041 1225 1084 1290 ad
1110 1225 1262 1310 Regnum
1297 1232 1445 1292 nostrum
1473 1245 1541 1290 cum

412 1337 480 1402 suis
506 1334 665 1402 mercibus
690 1335 799 1399 venire
815 1341 977 1414 verentur,
994 1331 1153 1419 nobisque
1170 1341 1202 1400 et
1219 1334 1395 1417 regnicolis
1421 1333 1542 1400 nostris

413 1444 557 1528 dampna
568 1442 716 1508 continue
727 1441 877 1507 eveniunt
889 1442 967 1506 satis
979 1462 1109 1524 magna,
1120 1463 1182 1525 que
1193 1441 1349 1508 tollerare
1369 1439 1461 1506 nullo
1479 1461 1542 1504 mo·

412 1551 454 1617 do
465 1548 622 1616 volumus.
632 1547 713 1614 Ideo
724 1547 765 1613 ad
777 1548 948 1614 euitandas
959 1547 1141 1613 huiusmodi
1153 1550 1324 1630 nouitates,
1340 1547 1542 1632 calumpnias

412 1665 511 1741 atque
537 1659 687 1741 dampna,
714 1655 879 1739 quoddam
906 1655 1027 1721 serrum
1051 1656 1289 1738 longitudinem
1320 1655 1407 1722 dicte
1432 1656 1541 1741 plante

411 1767 502 1851 pedis
528 1767 754 1846 continentem,
779 1771 811 1830 et
838 1765 964 1848 signum
997 1762 1102 1847 Clipei
1128 1767 1232 1833 nostri
1256 1765 1354 1850 Regii
1378 1764 1541 1848 sculptine

411 1873 593 1954 habentem,
605 1871 837 1938 mercatoribus
849 1870 1038 1940 deWienua
1047 1871 1196 1936 duximus
1206 1871 1540 1938 concedendumCum

412 2004 477 2068 quo
496 1979 585 2048 ferro
602 1980 671 2046 siue
687 2001 839 2045 mensura
855 1979 969 2064 plante
986 1987 1184 2045 memoratas
1202 1982 1348 2046 carrinns
1366 2001 1424 2046 seu
1442 2001 1540 2046 naues

411 2111 547 2173 magnas
563 2088 715 2172 deinceps
733 2109 804 2152 cum
821 2088 1041 2154 mercimoniis
1058 2088 1258 2171 superdicto
1284 2087 1385 2154 fluuio
1413 2088 1541 2154 descen·

412 2197 537 2264 deudas
553 2217 610 2280 per
619 2201 844 2262 transuersum
855 2196 889 2260 in
898 2195 1000 2261 fundo
1012 2217 1209 2280 mensurare,
1220 2203 1253 2262 et
1262 2197 1355 2262 iuxta
1374 2219 1540 2263 numerum

413 2306 497 2372 dicte
515 2303 626 2388 plante
642 2303 738 2370 modo
755 2303 837 2369 alias
854 2310 1017 2386 consueto,
1033 2310 1066 2369 et
1083 2324 1147 2369 non
1164 2305 1269 2386 aliter,
1286 2303 1449 2370 tributum
1466 2304 1540 2370 reci·

411 2433 489 2497 pere
513 2417 547 2477 et
572 2412 701 2495 exigere
727 2410 873 2476 debeatis
901 2409 941 2475 de
967 2412 1104 2476 cerrinis
1120 2417 1153 2476 et
1168 2411 1307 2478 nauibus
1324 2433 1363 2478 ac
1378 2413 1540 2478 mercimo

412 2521 474 2585 niis
490 2520 641 2603 repositis
658 2519 691 2584 in
708 2520 830 2584 eisdem
848 2521 1032 2586 annotatis:
1056 2521 1250 2587 mandamus
1268 2527 1376 2586 vestre
1392 2519 1542 2587 fidelitati

412 2629 596 2694 firmissimo
614 2627 720 2711 Regio
732 2629 791 2692 sub
804 2627 913 2694 edicto
930 2631 1062 2696 omnino
1078 2629 1229 2710 volentes,
1240 2637 1402 2716 quatenus
1419 2630 1459 2696 de
1476 2630 1541 2695 lon-

411 2735 559 2822 gitudine
577 2735 663 2801 dicte
680 2735 793 2820 plante
811 2737 971 2822 pedisper
988 2758 1046 2803 nos
1064 2739 1103 2803 de
1120 2761 1204 2804 nouo
1221 2739 1300 2804 data
1316 2740 1348 2802 iu
1367 2739 1455 2804 ferro
1472 2760 1541 2804 con·

411 2847 504 2927 tenti,
520 2851 721 2913 mercatores
731 2845 895 2930 quoslibet
911 2868 983 2913 cum
1000 2847 1067 2912 suis
1083 2848 1220 2912 carrinis
1231 2869 1287 2912 sen
1303 2845 1445 2912 nauibus
1456 2869 1540 2929 mag-

413 2955 464 3019 nis
488 2953 652 3019 intrantes
675 2953 718 3019 ad
744 2953 928 3018 breuiorem
954 2976 1139 3021 mensuram
1166 2956 1198 3019 in
1215 2977 1327 3020 eorum
1343 2955 1482 3021 caminis
1498 2953 1541 3018 la·

413 3061 560 3128 ciendam
576 3062 664 3126 nullo
685 3061 780 3128 modo
796 3061 999 3145 compellere,
1016 3083 1076 3127 nec
1091 3062 1250 3128 tributum
1266 3063 1449 3129 indebitum
1466 3083 1540 3148 qua-

413 3172 464 3237 uis
490 3171 658 3236 occasione
676 3170 717 3236 ab
733 3171 855 3238 eisdem
882 3172 1024 3254 recipere
1042 3192 1098 3236 seu
1115 3172 1245 3258 exigere
1269 3172 1472 3256 presumatis,
1487 3168 1541 3236 sed

413 3280 529 3346 sinatis
545 3279 731 3345 huiusmodi
751 3281 895 3346 carrinas
912 3302 967 3346 seu
986 3301 1085 3346 naues
1102 3303 1245 3365 magnas,
1262 3283 1378 3348 habita
1393 3301 1541 3348 mensura

412 3405 472 3468 per
486 3407 546 3451 nos
562 3387 650 3469 data,
666 3395 698 3452 et
713 3393 844 3471 recepto
861 3387 969 3454 debito
986 3395 1019 3453 et
1029 3395 1182 3454 consueto
1193 3389 1329 3472 tributo,
1347 3389 1470 3475 absque
1485 3390 1540 3454 im·

412 3492 599 3575 pedimentc
626 3497 767 3561 transire
793 3495 926 3580 pacifice
943 3503 976 3562 et
993 3497 1120 3580 quiete,
1146 3504 1308 3579 canentes,
1325 3519 1365 3564 ne
1392 3499 1542 3581 deinceps

415 3599 586 3686 quicquam
611 3603 767 3668 nouitatis
794 3603 919 3670 facietis
943 3605 977 3668 in
1002 3604 1177 3687 premissis.
1199 3602 1300 3670 Secns
1316 3607 1447 3687 etenim,
1463 3606 1543 3670 sicut

415 3707 674 3790 indignacionem
719 3711 856 3794 Regiam
883 3713 1008 3776 euitare
1039 3713 1167 3796 cupitis,
1198 3712 1308 3780 facere
1337 3736 1401 3780 non
1427 3715 1544 3780 ausuri.

414 3816 539 3883 Datum
565 3820 759 3904 wissegrad
784 3821 817 3885 in
845 3820 925 3886 sesto
943 3818 1121 3886 Beatcrum
1139 3821 1211 3888 Viti
1228 3828 1260 3888 et
1275 3822 1420 3888 Modesti
1435 3823 1546 3888 marti·

415 3946 487 3989 rum
512 3947 596 3990 anno
622 3925 755 3993 Domini
781 3925 1041 3993 M.CCO.LXX.
1068 3935 1195 4012 quarto.
1228 3928 1405 3996 Presentes
1436 3937 1545 3996 autem

415 4038 488 4116 post
514 4053 626 4097 eurum
654 4041 849 4118 oportunam
875 4037 1113 4119 inspeccicnem
1139 4037 1230 4101 reddi
1255 4037 1402 4104 volumus
1419 4059 1546 4123 presen-

414 4140 508 4206 tanti.
527 4139 652 4206 Detnm
669 4149 705 4207 ut
724 4164 833 4227 supra.

416 4281 555 4347 (Eredetis
569 4286 750 4352 borhdrtydu,
764 4288 940 4355 akirdlpnrak
953 4291 1171 4356 gydrdpecsetje
1184 4292 1274 4357 alatt;
1288 4291 1357 4341 Βόα
1371 4293 1452 4344 vdrcs
1467 4291 1547 4342 level·

913 4379 1052 4447 tdratbau.)

903 4543 1061 4552 ---...--.
