3172 5254
568 363 663 424 1379.
1117 370 1180 430 199

1 603 2 619 p
66 537 277 622 complacendo
303 545 336 604 et
361 538 535 614 serviendo
562 537 775 606 serenissimo
792 541 923 608 domino
941 544 1034 626 Regi.
1054 543 1120 610 Sed
1137 546 1179 608 si-

67 651 111 710 rut
123 648 179 731 ipsi
195 645 351 730 sciebant,
366 665 458 712 mora
475 653 546 712 eret
563 647 700 711 multum
717 649 903 732 periculosa
919 651 990 716 istis
1007 649 1122 732 factis;
1147 658 1180 717 et

65 755 138 838 quod
152 761 324 838 propterea
339 754 513 820 videbatur
529 754 633 840 nobis,
651 756 737 839 quod
754 757 816 840 ipsi
833 757 866 821 in
887 763 992 822 totum
1009 758 1177 840 pendenti·

1 911 3 957 t
65 863 115 928 bus
129 863 195 928 istis
211 861 408 929 tractatibus
435 862 577 929 scribere
604 863 759 930 deberent
785 865 890 948 galeis
906 866 971 930 suis
988 864 1029 931 de
1045 862 1180 931 Daimo-
1201 941 1207 952 ι

1 972 3 1058 ᾗ
64 972 113 1050 rie,
128 972 207 1054 qnod
224 971 313 1038 nullo
331 972 428 1038 modo
446 993 480 1037 se
496 978 664 1038 moverent
680 993 701 1037 a
718 972 839 1056 Olugia
855 973 924 1039 sine
935 994 994 1038 suo
1005 971 1180 1055 mandato;

1 1148 3 1155 ¹
64 1083 90 1141 et
103 1077 243 1144 similiter
257 1085 506 1163 procurreretur
521 1101 593 1145 eum
604 1077 630 1144 J
630 1081 827 1146 anneusibus
844 1088 877 1146 et
895 1080 1072 1163 Paduanis,
1089 1082 1177 1164 quod

63 1206 117 1250 uon
130 1187 313 1270 procedient
330 1188 372 1252 ad
388 1188 566 1254 novitatem
583 1189 652 1254 sine
678 1188 843 1272 presentia
860 1189 1005 1271 istorum,
1022 1189 1099 1272 quia
1115 1189 1178 1273 ipsi

62 1292 146 1357 etiam
169 1316 227 1378 pro
252 1295 375 1361 honore
398 1295 504 1379 Regio
528 1296 685 1362 interesse
712 1296 864 1362 volebant
890 1296 951 1377 his,
967 1318 1029 1380 que
1045 1297 1171 1363 fierent.

1 1414 3 1428 ’
61 1397 140 1466 Tunc
155 1423 228 1468 vero
237 1403 422 1488 Episcopus
432 1401 457 1468 J
458 1404 617 1470 auriensis
628 1405 746 1471 habuit
763 1404 869 1470 dicere
882 1430 888 1470 :
900 1405 1009 1470 »Dum
1027 1427 1088 1489 ego
1104 1406 1176 1472 nol·

60 1508 120 1590 lem,
134 1512 220 1594 quod
236 1517 372 1596 propter
388 1533 494 1578 meam
510 1515 700 1598 grossiciem
716 1534 773 1580 vos
789 1514 928 1597 possetis
945 1514 1075 1580 credere
1087 1515 1177 1581 aliud

60 1639 144 1701 quam
159 1627 244 1686 esset
269 1619 309 1686 de
336 1621 516 1686 intentione
539 1621 661 1688 domini
678 1622 740 1687 mei
756 1621 877 1688 Karoli
895 1628 927 1686 et
943 1623 1082 1688 istorum
1097 1622 1176 1690 alio-

1 1712 3 1769 ?
59 1747 118 1792 mm
147 1725 382 1811 Domiuorum;
406 1728 544 1796 intentio
574 1729 714 1794 istormn
739 1730 955 1796 Dominarum
979 1735 1030 1796 est
1055 1730 1176 1797 habere

59 1855 142 1900 unam
158 1836 198 1902 de
214 1838 315 1902 terris
326 1839 442 1903 vestris
458 1839 492 1903 in
504 1843 714 1922 perpetuum3
731 1845 765 1903 et
781 1837 869 1922 quod
886 1840 918 1903 in
936 1838 1097 1905 electione
1106 1838 1174 1904 Du·

58 1964 127 2025 cum,
150 1945 206 2028 qui
231 1967 292 2029 pro
317 1951 467 2030 tempora
491 1954 596 2030 erunt,
613 1953 764 2014 teneatur
780 1947 901 2034 aliquis
918 1948 1042 2030 modus,
1059 1948 1115 2032 qui
1132 1947 1175 2013 sit

57 2073 117 2118 cnm
131 2051 254 2120 honore
281 2053 403 2119 domini
421 2053 540 2137 Regis3
566 2061 598 2120 et
623 2055 701 2121 dare
726 2055 840 2139 aliqua
865 2055 1011 2138 capitula
1035 2075 1099 2139 que
1117 2076 1175 2122 vos

56 2160 225 2245 videbitne
246 2161 432 2248 dicensque,
449 2163 600 2230 domiuus
616 2163 689 2230 Rex
700 2163 746 2228 nil
763 2164 855 2230 aliud
870 2164 988 2248 querit,
1006 2183 1103 2246 quam
1120 2163 1175 2228 ho·

55 2290 161 2354 uorem,
178 2277 210 2337 et
227 2292 292 2336 non
308 2277 403 2337 curat
419 2271 459 2336 de
476 2272 630 2339 utilitate.
648 2274 692 2338 Et
708 2280 883 2358 propterea
893 2271 945 2338 his
955 2271 1086 2354 auditis,
1096 2279 1175 2338 tuno

55 2379 145 2461 magis
161 2380 309 2445 stetimus
326 2401 427 2464 supra
443 2401 511 2463 nos,
538 2388 571 2446 et
596 2380 711 2446 dautes
726 2381 791 2446 illis
806 2381 916 2448 verbis
932 2382 1175 2464 responsionem

56 2503 107 2566 que
122 2489 213 2555 nobis
230 2489 370 2554 honesta
396 2495 428 2554 et
451 2489 543 2572 justa
559 2491 629 2555 visa
646 2488 717 2570 fuit,
735 2489 882 2556 dominus
897 2489 1044 2556 Karolus
1059 2488 1176 2556 hebuit

1 2617 2 2620 ¹
54 2591 164 2662 dicere:
183 2597 348 2678 »Domini²
365 2617 423 2682 per
439 2619 496 2664 nos
522 2597 647 2664 factum
672 2605 721 2663 est
746 2599 833 2663 circa
847 2597 890 2680 id,
908 2597 995 2682 quod
1010 2597 1117 2664 dicitis
1135 2600 1174 2665 de

53 2703 183 2782 periculo
201 2726 302 2785 more,
320 2705 353 2770 id
371 2705 457 2790 quod
472 2707 638 2790 potuimus
655 2706 798 2772 honeste.
816 2704 883 2773 Sed
899 2727 959 2792 ego
970 2706 1174 2790 credo‚quod

53 2808 157 2878 bonum
174 2814 227 2896 sit,
251 2821 289 2878 nt
313 2813 376 2880 hoc
399 2814 522 2879 factum
549 2814 729 2882 deducatur
745 2815 788 2879 ad
804 2814 919 2896 finem3
937 2824 1002 2881 ‘nos
1018 2814 1173 2898 faciemus

52 2923 147 2986 notari
172 2923 286 3006 aliqua
311 2922 464 3006 capitula,
492 2923 669 2989 secundnm
693 2923 905 2989 intentionem
932 2922 1055 2989 domini
1072 2923 1173 3008 Regis

1 3015 2 3055 ³
51 3039 76 3092 et
89 3031 223 3098 istorum
240 3031 446 3102 dominorum
462 3031 648 3112 Beronum3
672 3038 705 3097 et
720 3031 754 3097 in
769 3031 912 3116 vesperis
928 3032 1093 3097 mittemus
1110 3054 1171 3117 pro

50 3136 137 3223 robis,
167 3140 274 3206 stilla
291 3141 449 3222 audietis3
473 3147 505 3205 et
520 3147 634 3224 postea
651 3141 829 3224 poterimus
853 3141 996 3223 aliquem
1012 3139 1107 3204 finem
1125 3140 1172 3206 ta-

11 3272 15 3281 ·
49 3249 404 3329 rcre;donecvene1·it
430 3249 573 3333 Magnus
600 3249 726 3331 Comes,
754 3251 809 3332 qui
836 3248 875 3313 de
902 3251 984 3315 hora
1006 3249 1038 3313 iu
1055 3249 1172 3314 horam

49 3362 239 3439 expectatur,
255 3359 327 3422 sine
343 3359 434 3442 cujus
452 3333 651 3423 conscientie
671 3356 818 3440 predicta
834 3378 898 3422 nou
915 3355 1171 3421 terminarentur

48 3462 74 3524 in
87 3468 207 3546 totum3
232 3471 266 3530 et
291 3465 395 3530 donee
420 3465 545 3531 venerit
570 3465 717 3530 dominus
736 3464 894 3545 Jambns,
910 3465 1003 3548 eujus
1018 3464 1171 3529 intentio·

48 3591 108 3637 ueni
124 3576 208 3640 satis
220 3575 304 3641 bene
324 3573 476 3642 seimus«.
492 3575 539 3640 Et
555 3572 597 3640 ab
614 3575 659 3639 eis
676 3574 866 3639 recessimus
884 3593 954 3639 euni
973 3572 1038 3638 illis
1056 3573 1171 3638 verbis.

47 3677 116 3745 Post
125 3682 301 3764 prandium
310 3683 392 3748 hora
401 3703 608 3766 vesperorum
619 3683 689 3766 ipse
702 3679 851 3746 dominns
861 3680 1008 3748 Karolus
1019 3681 1171 3764 misitpro

46 3787 136 3872 nobis,
146 3797 179 3856 et
189 3789 284 3857 nobis
295 3789 445 3874 legifeeit
457 3791 601 3876 capitula
612 3813 675 3875 que
687 3790 795 3856 notari
805 3789 960 3856 fecerant.
969 3787 1097 3873 Quibus
1117 3809 1168 3854 ca-

45 3893 112 3962 tulis
128 3897 253 3963 auditis
278 3899 415 3965 multum
441 3899 591 3966 tristatus
617 3899 679 3964 fuit
705 3898 832 3964 animus
849 3905 969 3979 noster,
985 3905 1019 3964 et
1035 3917 1170 3980 respou-

1 4012 2 4036 ¹
45 4023 113 4084 sum,
131 4007 220 4090 quod
237 4007 296 4074 illa
313 4028 379 4092 que
396 4009 590 4092 petebantur
616 4013 709 4076 erant
732 4007 814 4075 talia
830 4013 863 4072 et
879 4011 981 4087 tanta,
998 4005 1086 4091 quod
1103 4012 1170 4071 tres

1 4097 2 4182 i
45 4108 297 4184 Oommunitates
321 4138 387 4184 non
412 4116 520 4184 forent
546 4115 742 4186 sufficientes
758 4115 800 4182 ad
817 4113 1016 4200 implendum
1033 4134 1079 4179 ea
1103 4111 1168 4179 Sed

1 4249 3 4288 2
46 4223 243 4306 rogabamus,
270 4225 357 4308 quod
383 4225 541 4291 darentur
557 4225 651 4292 nobis
668 4227 700 4289 in
717 4222 856 4306 scriptis,
872 4227 909 4287 ut
925 4241 1093 4306 possemus
1109 4220 1169 4285 illa

46 4329 162 4399 mittere
187 4333 423 4400 Dominatioue
450 4334 579 4401 Vestre.
613 4333 681 4417 Ipsi
708 4332 870 4411 dixerunt,
886 4329 974 4414 quod
989 4328 1169 4394 faceremus

45 4435 94 4502 illa
108 4443 234 4524 copiari
260 4462 320 4524 per
345 4440 523 4508 Notarium
539 4446 698 4506 nostrum.
725 4437 813 4523 Quid
830 4438 1021 4503 ordinantes
1036 4437 1169 4502 recessi-

45 4568 106 4612 mus
129 4548 170 4616 ab
196 4549 287 4634 ipsis,
304 4557 337 4616 et
352 4552 517 4616 venientes
535 4548 577 4617 ad
593 4549 770 4636 hospitium
786 4553 944 4628 nostrum,
971 4542 1166 4630 Gulielmus,
