3172 5254
391 375 453 436 14o
742 391 976 436 arraonaczmr
994 377 1159 436 aurdanu.

385 552 449 616 lis:
472 553 543 634 quis
575 557 732 636 putasset.
763 573 835 616 enm
868 573 979 635 pacem
1013 575 1083 618 cum
1117 551 1301 617 hnmilitate
1334 553 1514 634 petendam,

386 660 590 725 tractandam
619 661 741 726 sincere
769 668 801 725 et
827 661 1082 728 concludendam
1118 682 1199 744 eque
1225 667 1255 724 ct
1281 659 1514 724 observandam

385 768 526 832 fideliter
543 767 763 850 negaturum?
788 768 853 834 Sed
871 776 998 836 tantmn
1016 771 1120 835 valuit
1137 771 1222 834 nrale
1241 768 1448 833 suadentium
1467 768 1515 831 de-

387 875 540 941 testanda
558 878 734 959 suggestio,
761 879 846 960 quod
872 877 1061 944 oratoribus
1078 879 1199 944 nostris
1216 876 1359 942 ludibrio
1376 881 1515 960 turpiter

386 983 506 1048 habitis
524 985 762 1068 inhumaneque
777 988 937 1066 tractatis
955 983 1019 1052 non
1037 989 1127 1070 prins
1142 984 1206 1051 fuit
1222 984 1391 1050 audientia
1408 985 1515 1068 preha-

387 1092 457 1158 bita
474 1114 569 1175 qnam
589 1093 729 1176 repulsa.
755 1093 852 1158 Prius
874 1099 981 1158 tamen
999 1094 1041 1158 ad
1058 1095 1306 1159 ostentationem
1323 1093 1415 1176 pacis
1433 1091 1515 1156 exhi·

386 1200 456 1266 bita
472 1199 603 1266 fuerunt
620 1200 775 1268 nonnulla
793 1202 946 1285 capitula,
958 1225 1021 1285 qne
1031 1202 1237 1284 presentibus
1253 1201 1407 1268 iussimus
1424 1201 1514 1264 inter·

386 1308 492 1388 cludi;
517 1316 550 1373 rt
576 1309 685 1376 rideat
701 1307 823 1376 Vestra
841 1307 1018 1392 Serenitas,
1044 1331 1082 1376 ea
1107 1308 1207 1376 fuisse
1233 1332 1296 1376 non
1322 1315 1513 1393 apparatum

387 1417 567 1498 concordie,
593 1418 650 1483 sed
676 1418 879 1485 manifestam
908 1418 1156 1502 denegationem
1186 1417 1461 1484 reconciliationis
1486 1423 1513 1479 et

387 1527 484 1609 pecie.
511 1523 599 1608 Quid
626 1528 711 1592 enim
736 1527 943 1594 ambitiosius
964 1534 1145 1612 peteretur,
1162 1525 1240 1612 quid
1257 1525 1513 1612 prese-liberetur

387 1635 544 1714 iniustius,
556 1636 582 1700 si
595 1640 696 1702 staret
706 1637 798 1702 nobis
808 1635 948 1703 aduersa
958 1637 1116 1702 fortuna?
1133 1640 1158 1701 si
1171 1635 1245 1702 urbi
1257 1640 1368 1700 nostre
1384 1635 1514 1700 circum-

386 1744 476 1810 fusus
487 1742 769 1808 exercitusmuros
780 1745 924 1810 ciuitatis
935 1745 1040 1820 ariete
1058 1740 1235 1828 fregisset?
1258 1751 1317 1808 ant
1326 1744 1354 1807 si
1366 1741 1471 1808 victor
1485 1743 1513 1804 in

386 1851 467 1917 urbe
484 1851 592 1917 media
603 1852 696 1935 signa
712 1853 925 1938 triumphalia
940 1852 1159 1920 collocasset?
1175 1852 1272 1918 Oerte
1289 1851 1453 1917 debuisset
1465 1873 1515 1935 po

387 1959 463 2042 pulo
490 1966 601 2025 nostro
612 1960 697 2026 ricto
714 1969 747 2027 et
764 1969 860 2047 capto
873 1963 1068 2046 justioribus
1084 1961 1326 2028 conditionibus
1343 1982 1409 2044 pax
1426 1957 1514 2027 olfer-

386 2070 424 2132 ri.
451 2067 661 2135 Concedatur
686 2079 755 2136 esto
781 2078 917 2156 propter
942 2071 1120 2139 Sacrorum
1155 2071 1324 2137 Canonnm
1358 2069 1514 2145 instituta,

387 2183 419 2242 et
436 2178 653 2243 reuerentiam
679 2177 903 2263 Apostolatus,
930 2179 1018 2264 quod
1034 2183 1065 2246 in
1083 2177 1286 2244 Consistom'o
1312 2176 1444 2260 publico
1461 2196 1514 2239 nos

387 2304 513 2351 errasse
539 2287 731 2352 conveniens
756 2289 795 2351 sit
821 2286 938 2368 fateri;
962 2289 1019 2354 sed
1046 2311 1087 2355 an
1115 2291 1146 2352 in
1172 2293 1365 2373 perpetuam
1383 2283 1514 2368 ignomi-

387 2392 474 2457 niam
492 2395 595 2458 nostri
612 2394 732 2477 populi,
759 2395 1043 2479 confusionemque
1060 2394 1166 2462 nostri
1183 2393 1384 2474 Communia,
1401 2399 1514 2456 eontra

386 2521 424 2564 ea
440 2521 502 2585 que
519 2499 638 2566 throno
664 2507 772 2567 restro
798 2510 832 2568 et
857 2502 968 2569 multis
994 2503 1105 2569 mundi
1128 2500 1337 2586 Principibus
1354 2499 1514 2566 verissime

387 2609 583 2691 scripsimus,
601 2631 640 2675 ac
651 2611 830 2694 justissime
857 2633 967 2680 sumne
989 2611 1108 2692 questi,
1124 2611 1292 2674 inhoneste
1309 2617 1338 2674 et
1357 2606 1515 2673 mendaci·

388 2725 437 2782 ter
454 2715 697 2783 scriberemus?
721 2716 833 2784 Nosne
850 2725 967 2785 contra
983 2717 1088 2801 fidem,
1104 2741 1202 2802 quam
1219 2717 1369 2783 dedimus
1386 2715 1514 2798 colliga-

387 2825 429 2888 tis
446 2830 479 2909 et
495 2826 589 2891 sociis
606 2826 727 2892 nostris
739 2825 876 2910 populis,
894 2827 949 2910 qui
966 2827 998 2891 in
1015 2827 1201 2894 libertatem
1213 2847 1246 2890 se
1258 2825 1514 2900 vendicaverunt,

387 2932 543 2998 fratribus
570 2934 690 2998 nostris
715 2932 835 2998 bellam
862 2932 1103 3001 indiceremus?
1130 2933 1232 3000 Estne
1261 2932 1405 3015 dignum.
1431 2930 1514 3015 qnod

387 3060 458 3104 carm
484 3039 638 3104 fuerimus
664 3041 815 3124 nequiter
839 3048 871 3106 et
896 3043 1013 3116 iniuste
1039 3041 1124 3107 bello
1149 3039 1310 3124 temptati.
1327 3040 1417 3124 quod
1432 3038 1514 3105 hosti

387 3149 580 3232 prouocanti
597 3146 720 3212 damna
742 3148 873 3213 reticere
901 3147 1102 3216 debeamus?
1126 3146 1184 3213 An
1200 3169 1264 3213 non
1280 3147 1394 3233 potins
1411 3147 1514 3212 decuit

386 3255 480 3321 nobis
497 3255 754 3322 emendationem
773 3255 975 3324 infinitorum
993 3263 1189 3342 sumptuum,
1207 3280 1289 3341 quos
1305 3258 1401 3324 buius
1412 3261 1514 3322 nostre

388 3363 584 3430 defensionis
601 3385 700 3429 carisa
718 3364 861 3446 fecimus
886 3365 1179 3448 r·ealitertie1i‚rel
1197 3369 1314 3433 saltem
1332 3365 1430 3431 rerba
1446 3385 1514 3449 pro
1582 3451 1584 3460 Ι

387 3469 485 3555 poni?
501 3467 571 3536 Nec
580 3479 671 3555 putet
683 3473 806 3539 Vestra
817 3474 974 3540 Maiestas
985 3497 1122 3560 paruum
1133 3477 1297 3561 negotium
1310 3482 1368 3541 ant
1378 3475 1446 3540 lere
1458 3469 1513 3537 sub
1582 3527 1584 3556 ἶ

386 3578 448 3644 hae
456 3578 626 3645 verborum
637 3583 854 3664 generalitate
864 3585 1011 3649 tractari.
1023 3584 1109 3650 Nam
1120 3607 1190 3650 cnm
1208 3587 1250 3650 ad
1267 3584 1514 3650 declarationem
1582 3583 1584 3640 ζ

388 3708 445 3772 per
479 3688 673 3772 colloquium
709 3691 881 3772 veniretur,
917 3713 979 3756 non
1015 3693 1132 3775 puduit
1156 3694 1221 3758 tria
1253 3693 1358 3759 millia
1383 3690 1512 3757 millium
1582 3711 1584 3774 ξ

388 3796 581 3862 florenorum
599 3804 750 3881 pretextu
766 3799 1003 3868 emendacionis
1013 3800 1197 3866 huiusmodi
1215 3801 1400 3885 postulare:
1424 3798 1513 3882 qnasi
1582 3867 1584 3882 ᾖ

387 3904 481 3970 nobis
499 3905 539 3969 de
556 3907 710 3971 memoria
736 3907 901 3988 exciderit,
927 3915 984 3974 ant
1011 3931 1073 3974 non
1094 3912 1134 3973 sit
1152 3911 1184 3974 in
1202 3910 1389 3993 pectoribus
1405 3913 1513 3973 nostra
1582 3971 1584 3994 J

386 4021 545 4098 perpetua
561 4035 632 4079 enm
650 4015 877 4082 recordatione
895 4020 1067 4102 sepultum,
1083 4018 1169 4103 qnod
1186 4041 1246 4083 nos
1263 4018 1305 4084 ad
1322 4017 1514 4100 redemptio·
1582 4033 1584 4092 ζ

388 4143 460 4188 nem
479 4120 624 4188 CXXX
641 4125 776 4189 millium
794 4125 988 4194 florenorum
1006 4132 1117 4209 gentes
1144 4127 1186 4194 ad
1211 4149 1321 4193 eornm
1340 4126 1514 4192 militantes

387 4231 552 4315 stipendia
577 4232 810 4316 compulerunt.
838 4233 901 4300 Sed
919 4236 996 4320 quid
1023 4236 1156 4301 ulterius
1173 4235 1224 4300 his
1241 4236 1393 4319 capitulis
1410 4236 1514 4299 immo·
1580 4265 1583 4334 3

387 4339 524 4406 ramur?
547 4339 632 4406 Nam
652 4341 805 4408 Summus
831 4343 984 4410 Pontifex
1011 4345 1092 4410 adeo
1110 4345 1245 4412 moleste
1261 4345 1335 4409 tnlit
1355 4343 1514 4408 modifica·
1578 4337 1583 4432 l

388 4451 492 4515 tiones
519 4451 688 4533 quamam,
715 4453 854 4535 quasin
882 4454 1012 4519 sinistro
1039 4456 1184 4538 margine
1211 4453 1380 4520 Serenitas
1397 4453 1511 4523 Vestra
1577 4441 1583 4532 l

388 4559 506 4624 sirlebit
524 4561 627 4625 factas
654 4585 710 4646 per
737 4561 886 4629 ‹lorninos
904 4563 1207 4631 Reuerernlissinros
1226 4565 1429 4631 cursitans.
1447 4565 1513 4646 qui-
