3226 5254
609 323 705 388 laao.
1156 331 1219 394 385

15 575 17 586 ἶ
99 497 134 562 de
149 501 213 564 iure
229 501 278 565 vel
296 500 334 564 de
349 499 445 578 facto,
463 500 522 565 sub
539 521 622 582 pena
639 502 729 566 etad
756 523 874 586 penam
891 503 981 586 dupli
1008 505 1094 570 dicte
1119 527 1220 588 quan-

15 587 17 670 ῗ
99 607 193 671 titatis
209 606 405 675 florenorum
431 609 651 692 quadraginta
676 609 802 674 milium
827 613 908 695 auri,
935 612 1149 696 stipulacione
1166 637 1219 682 so-

15 757 17 794 ,
98 713 184 779 lemni
199 715 359 798 premissa
374 737 432 799 per
448 716 571 780 dictum
598 715 763 782 dornirtum
789 719 814 785 J
816 718 976 786 ohannem
1003 721 1100 786 dietis
1116 723 1218 787 nomi·

15 863 17 880 .
98 821 180 888 nibus
195 829 228 888 et
242 823 410 908 legiptime
427 824 586 908 stipulata
602 845 660 908 per
686 823 791 891 dictos
818 823 1076 894 Ambaxiatores
1087 829 1126 892 'et
1147 829 1217 896 Sin·

97 927 176 994 dicos
192 930 287 996 dictis
304 930 410 996 modis
426 935 459 996 et
474 931 658 996 nominibus
669 934 703 996 in
719 934 855 1016 singulis
867 935 1018 1018 capitulis
1035 935 1131 1001 huius
1142 958 1217 1001 con-

97 1043 210 1102 tractus
226 1039 259 1103 in
276 1039 432 1120 solidum,
449 1058 511 1121 que
527 1061 613 1123 pena
630 1040 755 1104 tociens
772 1042 1007 1121 commictatur,
1033 1048 1067 1107 et
1092 1046 1160 1126 peti
1179 1052 1213 1109 et

97 1146 173 1226 exigi
187 1147 289 1229 possit
305 1167 378 1211 cum
395 1145 520 1227 effectu,
546 1149 703 1231 quociens
728 1149 965 1214 contrafactum
992 1149 1093 1215 suerit
1109 1157 1167 1217 aut
1183 1153 1216 1217 in

97 1252 196 1337 aliquo
227 1261 486 1336 contraventum,
503 1263 537 1321 et
552 1277 618 1338 qua
634 1278 717 1340 pena
746 1258 917 1323 commissa
933 1256 984 1323 vel
999 1278 1064 1322 non
1080 1265 1112 1323 et
1129 1260 1213 1323 solu-

15 1395 17 1430 ς
97 1365 135 1442 ta,
149 1369 261 1427 exacta
277 1363 328 1427 vel
343 1385 418 1446 non,
434 1363 662 1430 nichilominus
675 1364 821 1448 predicta
838 1371 871 1429 et
887 1365 1095 1449 infrascripta
1106 1368 1215 1432 omnia

97 1475 126 1532 et
140 1470 263 1555 singula
289 1471 385 1538 firma
400 1478 434 1538 et
459 1479 534 1538 reta
558 1480 711 1538 maneant
737 1478 769 1537 et
795 1473 978 1557 perdurent.
1006 1471 1073 1540 Pro
1099 1473 1216 1558 quibus

15 1589 16 1598 ’
95 1577 229 1644 omuibus
244 1587 277 1645 et
293 1578 428 1664 singulis
448 1573 669 1662 observandis
695 1581 797 1645 firmis
823 1583 973 1648 tenendis
990 1589 1023 1648 et
1047 1585 1213 1666 complen-

96 1685 146 1768 dis,
162 1695 192 1752 et
207 1711 268 1772 pro
285 1689 376 1753 dicta
391 1711 476 1774 peua
501 1689 664 1771 solvenda,
681 1691 709 1753 si
725 1691 897 1758 commissa
920 1691 1027 1771 luerit,
1053 1691 1214 1775 obligavit

93 1792 190 1860 dictus
214 1798 363 1862 dominus
380 1797 405 1862 J
407 1797 551 1865 ohannes
572 1793 667 1862 dictis
682 1795 974 1865 Ambaxiatoribus
1001 1807 1034 1864 et
1060 1797 1212 1878 Sindicis,

15 1985 17 1994 .
95 1903 266 1970 nominibus
294 1903 412 1988 quibus
439 1925 538 1988 supra
563 1903 682 1969 dictum
709 1912 758 1969 est
783 1906 1022 1989 recipientibus,
1050 1905 1213 1971 dominum

15 1995 17 2002 ’
92 2009 208 2094 Regem
225 2013 391 2096 prefatum
408 2020 441 2078 et
458 2013 615 2096 seipsum
632 2013 798 2078 dominum
818 2011 844 2077 J
845 2013 1013 2090 ohannem,
1030 2021 1063 2081 et
1079 2013 1214 2097 quemli-

93 2115 145 2182 bet
175 2141 286 2185 eorum
311 2122 345 2184 ia
371 2119 508 2186 solidum
535 2125 568 2184 et
593 2122 626 2184 in
652 2125 766 2202 totum,
790 2127 821 2184 et
847 2142 958 2187 eorum
984 2127 1018 2186 et
1042 2121 1214 2186 cuiuslibet

93 2247 196 2292 eorum
211 2229 245 2293 in
261 2228 402 2293 solidum
417 2234 450 2292 et
465 2229 498 2292 in
514 2234 620 2294 totum
646 2226 782 2292 heredes
807 2234 842 2292 et
860 2229 948 2294 bona
974 2229 1083 2294 omnia
1099 2235 1132 2294 et
1149 2230 1213 2294 sin-

15 2327 18 2342 ‘
92 2334 164 2414 gula
179 2337 313 2402 mobiba
329 2343 360 2400 et
376 2334 564 2415 immobilia,
581 2335 749 2418 presencia
765 2342 797 2400 et
812 2335 932 2402 futura.
959 2333 1029 2420 Que
1055 2335 1142 2402 bona
1158 2336 1213 2402 ob-

92 2441 188 2524 ligata
203 2444 310 2509 dictus
326 2444 477 2509 dominus
493 2444 518 2509 J
520 2443 672 2526 ohannes
697 2441 803 2508 modis
820 2450 854 2507 et
879 2442 1070 2526 nominibus,
1095 2444 1212 2527 quibus

15 2559 20 2644 }
91 2570 183 2634 supra
199 2552 322 2618 dietum
339 2559 398 2630 est,
416 2573 450 2616 se
466 2551 643 2634 obligando
658 2551 829 2616 constituit
844 2552 990 2634 precario
1008 2553 1134 2617 nomine
1150 2572 1210 2636 pro

15 2645 18 2662 '
91 2656 180 2725 dictis
196 2659 339 2727 Sindicis
366 2667 399 2724 et
424 2657 718 2724 Ambaxiatoribus
741 2657 836 2722 dictis
853 2659 1034 2724 nominibus
1051 2665 1163 2725 tenere
1179 2666 1211 2723 et

92 2767 268 2849 possidere,
302 2767 522 2833 renunciando
550 2766 656 2831 dictus
683 2765 832 2830 domiuus
856 2763 1025 2831 Johannes
1049 2766 1154 2830 modis
1179 2773 1211 2831 et

90 2877 266 2942 nominibus
288 2876 473 2956 antedictis,
489 2877 523 2939 in
538 2875 694 2959 predictis
720 2876 870 2940 omnibus
886 2880 919 2940 et
945 2874 1081 2963 singulis
1098 2896 1211 2958 excep·

90 2982 168 3048 cioni
183 2991 216 3050 et
232 2983 388 3049 beneficio
405 3005 468 3049 non
496 2989 678 3063 numerate,
694 2987 726 3047 et
742 3003 807 3046 non
833 2981 945 3062 solute,
962 2988 995 3046 et
1010 3003 1074 3046 non
1089 2981 1209 3062 habite,

89 3097 119 3154 et
133 3113 193 3157 aon
210 3099 342 3176 recepte
357 3093 443 3157 dicte
460 3091 657 3174 quantitatis
682 3088 879 3156 florenorum
906 3089 1129 3171 quadraginta
1152 3089 1209 3154 mi-

15 3259 17 3282 ,
88 3197 160 3266 lium
177 3203 259 3284 auri,
274 3223 355 3266 nove
371 3208 404 3266 et
420 3223 576 3267 novarum
602 3201 873 3266 constitutionum
900 3201 939 3265 de
966 3197 1209 3265 fideiussoribus

15 3299 17 3366 ἶ
88 3313 117 3371 et
132 3309 169 3374 de
185 3310 290 3392 pluris
306 3310 371 3375 reis
388 3308 545 3388 debendo,
560 3308 710 3392 Epistola
726 3307 803 3372 Divi
821 3305 970 3388 Adriani,
996 3306 1060 3370 fori
1077 3305 1208 3389 priuile-

86 3417 144 3497 gio,
159 3417 342 3501 excepeioni
368 3415 434 3482 doli
451 3416 538 3497 mali,
565 3415 765 3482 condiecioni
783 3415 850 3479 sine
876 3435 973 3479 causa
990 3420 1022 3478 et
1034 3435 1073 3477 ex
1090 3413 1209 3477 iniusta

15 3593 19 3614 μ
87 3545 186 3609 causa,
201 3527 236 3591 in
261 3525 385 3591 factum
402 3525 534 3607 accioni,
551 3531 582 3588 et
601 3524 688 3588 omni
714 3521 772 3588 alii
799 3521 920 3587 auxilio
937 3527 970 3585 et
996 3520 1160 3599 beneficio,
1177 3515 1209 3583 et

15 3645 23 3718 r
86 3627 145 3714 legi
160 3640 191 3698 et
202 3633 390 3718 juridicenti
407 3633 593 3716 generalem
608 3629 888 3696 renunciaeiouem
913 3649 978 3692 non
1005 3627 1123 3693 valere.
1158 3627 1203 3691 Elt

85 3737 196 3807 iurarit
212 3743 315 3808 eciam
341 3740 448 3806 dietus
473 3741 622 3806 dominus
647 3737 819 3803 Johannes
845 3738 943 3802 dictis
968 3736 1152 3802 nominibus
1174 3741 1206 3798 et

15 3919 17 3938 Ι
85 3849 226 3928 quolibet
243 3849 407 3915 dictorum
424 3849 591 3914 nominum
607 3845 649 3912 ad
667 3844 789 3911 Sancta
804 3845 869 3910 Dei
894 3844 1076 3928 Evangelia
1096 3864 1209 3927 corpo·

84 3954 191 4023 raliter
208 3981 310 4024 manu
326 3959 424 4023 tactis
441 3956 619 4040 scripturis,
629 3955 777 4038 predicta
793 3955 901 4019 omnia
917 3975 937 4017 a
954 3952 1083 4035 singula
1100 3958 1208 4017 acten-

84 4059 162 4148 dere,
179 4065 286 4132 facere
303 4071 337 4130 et
354 4067 535 4145 obseruare,
551 4070 585 4129 et
602 4068 718 4127 contra
734 4082 798 4126 non
823 4060 930 4126 facere
946 4061 997 4125 vel
1013 4059 1123 4125 venire
1147 4059 1205 4124 ali·

84 4175 297 4258 quaraeione,
314 4175 393 4254 iure,
410 4174 505 4239 modo
531 4171 581 4238 vel
608 4190 717 4249 causa,
733 4169 773 4234 de
798 4167 867 4234 iure
893 4167 1000 4232 uelde
1025 4166 1123 4233 sacto.
1142 4165 1204 4232 Oui

83 4280 205 4363 quidem
231 4283 362 4349 domino
387 4282 534 4348 Johanni
558 4280 664 4345 modis
687 4285 719 4343 et
747 4277 937 4354 nominibus,
965 4272 1081 4358 quibus
1108 4297 1207 4359 supra

83 4385 198 4455 dietum
215 4398 276 4472 est,
292 4391 444 4474 presenti,
468 4390 589 4454 volenti
607 4393 640 4452 et
655 4388 802 4470 predicta
828 4385 936 4449 omnia
952 4380 1119 4448 confitenti
1135 4405 1207 4466 pre·

84 4495 152 4577 cepi
176 4518 236 4580 ego
261 4498 415 4563 Ristorus
441 4495 600 4563 Notarius
632 4495 858 4577 infrascriptos
882 4514 942 4577 per
966 4490 1206 4575 guarentigiam

128 4632 188 4668 uon.
206 4636 288 4672 uaso.
304 4636 371 4673 urar.
389 4645 430 4656 -
447 4635 514 4670 aera
530 4635 590 4669 nxr.
607 4635 644 4668 ιιι.
1054 4603 1095 4666 25
