3214 5250
595 369 691 434 1387.
1141 368 1204 428 621

80 548 220 616 mundus
237 547 390 616 Marchio
407 545 718 630 Brandeburgcnsis,
734 546 826 612 Sacri
845 545 984 612 Romani
1003 545 1136 628 Imperii
1147 542 1212 608 Ar·

79 659 341 736 enieamerarius,
357 655 584 720 illustrissimo
601 654 767 738 Principis
783 660 815 719 et
832 654 970 720 Domine
995 653 1123 718 domine
1139 651 1212 718 Ma·

79 766 125 832 rie
142 766 270 851 Regina
287 763 460 847 Huugarie
477 784 609 829 consors
634 763 811 847 preclarus,
838 763 982 846 ejusdem
1007 762 1116 845 Regni
1143 761 1212 826 An-

79 881 220 940 tecessor
236 879 268 939 et
286 871 495 957 capitaneus,
510 872 632 939 bonnm
649 877 771 938 statum
797 871 897 938 Sacro
923 871 1061 953 Corone,
1086 878 1119 936 et
1140 892 1211 955 reg-

82 982 262 1047 nicolarum
279 979 452 1045 utilitatem
470 978 605 1045 sinceris
621 977 791 1045 affectibus
808 979 1065 1064 contemplando,
1083 981 1114 1044 in
1131 971 1210 1062 aug-

82 1097 227 1156 mentum
243 1086 402 1154 Culminis
419 1088 566 1172 predicte
584 1089 723 1170 Corone,
740 1088 782 1153 de
802 1090 947 1172 presenti
965 1087 998 1153 iu
1016 1089 1083 1154 suis
1100 1087 1209 1153 termi-

81 1201 133 1266 nis
150 1222 215 1265 uon
231 1199 391 1265 modicum
408 1197 573 1280 distracta,
591 1219 631 1263 ex
655 1197 832 1262 altitudine
850 1193 961 1262 Diviui
978 1196 1106 1263 consilii
1122 1217 1211 1279 mag-

81 1307 177 1374 nifice
192 1308 359 1374 intendere
375 1307 463 1390 velit,
489 1305 647 1389 nobisque
672 1305 830 1372 articulos
855 1304 1062 1389 infrasriptos
1087 1306 1121 1370 iu
1146 1304 1212 1370 suis

80 1415 222 1498 punctis,
239 1414 392 1481 clausulis
410 1417 443 1480 et
459 1412 615 1494 articulis,
639 1411 725 1496 quod
751 1433 862 1478 eorum
889 1418 1030 1478 mentem
1056 1418 1090 1476 et
1115 1411 1213 1478 verba

81 1523 256 1606 diligenter
272 1529 305 1588 et
321 1521 554 1587 iuviolabiliter
569 1520 608 1585 de
619 1527 709 1586 certa
726 1542 785 1586 sna
802 1520 937 1588 scientia
952 1521 1125 1587 observare
1139 1542 1212 1605 pro·

79 1631 217 1710 miserit,
234 1651 353 1715 eosque
385 1636 544 1696 eteorum
562 1628 748 1712 quemlibet
773 1627 903 1696 effectui
928 1629 1067 1695 sollicite
1093 1628 1214 1694 manci·

80 1761 170 1823 pare.
185 1738 232 1804 nt
246 1739 351 1822 primo
370 1763 377 1803 :
394 1737 490 1822 Quod
507 1758 616 1802 omnes
644 1744 676 1803 et
702 1737 847 1822 singulos
874 1737 1038 1821 Prelatos,
1062 1736 1210 1802 Baroues

82 1846 251 1928 proceres,
283 1844 422 1912 Nobiles
454 1867 493 1911 ac
519 1845 654 1911 alterius
682 1845 900 1930 cujuscunque
928 1851 1032 1910 status
1056 1844 1213 1925 homines,
1286 1901 1289 1908 .

80 1955 174 2021 nullo
190 1956 332 2040 dempto,
348 1957 381 2021 in
398 1956 547 2021 omuibus
563 1976 674 2020 eorum
693 1953 900 2019 libertatibus
920 1960 954 2018 et
969 1953 1063 2019 bonis
1083 1973 1213 2019 consue·

80 2063 262 2148 tudinibus,
278 2065 397 2146 quibus
414 2086 435 2131 a
450 2070 597 2148 tempore
620 2061 816 2130 Sanctorum
842 2061 969 2147 Regum
996 2062 1046 2128 rel
1074 2061 1215 2127 aliorum

77 2193 306 2264 successorum
323 2173 512 2238 eorumdem
529 2171 605 2236 freti
622 2177 698 2236 suut
715 2179 747 2236 et
763 2172 877 2253 gavisi,
888 2171 994 2237 salros
1011 2169 1215 2237 conservabit

80 2287 113 2346 et
146 2279 273 2346 tenebit
303 2280 469 2345 indemnes
502 2281 643 2346 novitate
676 2280 798 2362 absquo
829 2281 925 2344 omni.
950 2279 1036 2345 Item
1067 2280 1216 2362 promisit

80 2395 114 2454 et
131 2408 282 2471 expresse
300 2388 471 2472 consensit,
488 2386 575 2472 qnod
592 2388 722 2468 antiqui
733 2385 920 2454 Consilian'i
938 2389 989 2454 sni
1006 2409 1075 2454 esse
1093 2388 1213 2454 debent

80 2494 221 2576 Prelati,
238 2494 388 2562 Barones
404 2517 580 2578 eorumque
598 2515 799 2560 successores
817 2503 850 2560 et
875 2495 1043 2562 Beronum
1070 2495 1216 2579 heredes,

81 2625 167 2687 equos
184 2603 265 2670 alias
283 2604 429 2688 Ungarie
445 2603 556 2687 Reges
573 2625 632 2688 pro
649 2625 760 2668 eornm
787 2600 996 2671 Consiliariis
1022 2605 1216 2688 habueruut,

80 2719 114 2777 et
132 2713 309 2778 dumtaxat
324 2711 525 2796 ngaricam
542 2720 575 2777 et
590 2734 655 2777 non
671 2711 754 2778 alias
770 2713 920 2778 nationes
937 2714 971 2778 in
987 2716 1053 2779 suis
1064 2710 1217 2779 Consiliis

3 2833 5 2838 '
82 2828 116 2886 et
132 2842 194 2904 pro
212 2817 419 2886 Consiliariis
435 2826 555 2898 tenere,
579 2820 780 2905 temporibus
797 2819 905 2904 quoad
922 2821 1039 2886 vixerit
1054 2819 1214 2887 affuturis.

8 3001 11 3008 ¹
82 2928 170 2994 Item
198 2927 283 3010 quod
301 2950 359 2993 nec
374 2921 557 2994 bominibus
575 2927 809 3011 spiritualibus,
825 2934 937 3012 utpote
956 2929 1031 2994 viris
1049 2929 1216 2996 ecclesias·
1284 2996 1290 3005 ,

81 3037 170 3118 tisis,
185 3057 242 3102 seu
267 3037 365 3102 etiam
382 3039 527 3120 personis
554 3037 756 3102 secularibus
781 3037 1028 3120 quibuscunque
1055 3037 1169 3102 alienis
1185 3046 1218 3103 et

81 3146 249 3211 extraneis
265 3146 409 3211 nationis
426 3144 512 3231 (igy)
530 3146 655 3230 aliquas
665 3146 856 3231 dignitates,
872 3145 1028 3212 beneficia
1044 3146 1094 3214 rel
1110 3143 1217 3210 officia

82 3253 302 3338 possessiones
319 3254 368 3318 rel
384 3253 497 3338 aliqua
510 3255 588 3339 jura
612 3255 792 3320 immobilia
817 3256 948 3338 proprie
974 3255 1160 3320 (lanationis
1174 3254 1215 3318 ti-

82 3362 157 3428 tulo
173 3360 251 3426 dare
267 3361 374 3428 valeat
389 3370 488 3445 atque
504 3363 618 3446 possit,
635 3383 695 3427 nec
710 3383 769 3446 pro
787 3361 1014 3446 spiritualibus
1031 3360 1216 3429 obtinendis

82 3472 116 3535 in
135 3469 251 3551 Regno
269 3471 339 3554 ipso
355 3471 498 3537 Domino
514 3478 627 3537 nostro
643 3470 734 3554 Pape
746 3469 879 3537 Summo
896 3470 1047 3536 Pontifici
1063 3493 1122 3555 pro
1139 3471 1218 3536 alie·

82 3579 213 3661 nigenis
230 3580 423 3664 supplicare,
447 3580 504 3646 sed
521 3581 724 3646 solummodo
751 3581 897 3666 Ungarie
916 3581 1047 3646 natione
1063 3579 1212 3646 Prolatu-

83 3707 151 3770 ras,
177 3686 365 3772 dignitates,
390 3689 532 3755 bonores
556 3697 591 3755 et
614 3677 818 3772 officiala'tns,
844 3711 925 3772 quos
953 3690 987 3754 in
1004 3688 1120 3771 Regno
1147 3689 1216 3771 ipso

83 3816 147 3878 pro
165 3801 310 3878 tempore
325 3814 443 3863 vacare
469 3798 652 3880 contigerit,
668 3797 747 3862 dare
773 3796 893 3862 debeat
909 3803 941 3862 et
966 3797 1114 3864 conferre
1130 3803 1220 3861 tene·

86 3909 175 3968 atur.
192 3900 278 3967 Item
294 3903 383 3987 quod
399 3925 510 3970 omues
526 3910 700 3988 conceptus
716 3911 750 3970 et
768 3925 929 3986 rancores,
946 3905 1035 3988 quod
1060 3904 1218 3970 hactenus

85 4017 204 4077 contra
228 4017 262 4076 et
276 4012 431 4079 adversus
456 4012 616 4097 Prolatos,
640 4012 788 4080 Berones
815 4018 848 4078 et
864 3998 1012 4096 Nobiles,
1028 4035 1068 4079 ac
1083 4013 1218 4078 alterius

86 4120 310 4204 cujuscunque
327 4127 433 4189 status
450 4128 483 4186 et
499 4122 695 4188 conditionis
706 4121 854 4188 homines
870 4121 1138 4205 qualitercunque
1149 4141 1218 4205 ges·

86 4229 179 4308 serit,
197 4229 237 4294 de
253 4229 377 4295 intimis
393 4229 443 4295 sui
461 4230 569 4298 cordis
594 4231 725 4314 penitus
745 4230 872 4312 evellet,
899 4229 1086 4313 eisdemque
1111 4229 1217 4294 indul-

87 4343 153 4419 get,
169 4337 332 4420 predictos
358 4359 511 4404 rancores
536 4345 568 4404 et
594 4337 669 4404 odia
694 4360 753 4421 per
770 4337 879 4403 omnia
894 4336 1082 4416 relaxando,
1098 4343 1133 4402 et
1147 4358 1219 4421 pre-

87 4446 203 4510 sertim
219 4445 279 4527 bis,
297 4449 353 4529 qni
370 4467 425 4512 sue
440 4467 589 4531 persone,
606 4445 864 4530 dominabusque
890 4445 1037 4530 Reginis,
1063 4467 1120 4511 seu
1144 4466 1219 4510 cou-

87 4552 172 4616 sorti
188 4559 219 4616 et
236 4554 332 4618 matri
351 4577 407 4618 sue
425 4554 576 4638 precaris,
593 4553 786 4620 fidelitatem
803 4555 977 4620 observant
1004 4561 1037 4619 et
1052 4553 1219 4621 confirma·
