3210 5252
395 353 438 416 64
749 352 1170 416 onnonncnlnrnunlcnnn.

392 528 543 614 Vngerie
567 529 697 614 Regum
721 529 898 597 illustrium
923 531 957 594 in
981 527 1084 595 Curia
1110 533 1224 594 nostra
1249 525 1371 596 diutius
1396 546 1523 593 moram

392 639 504 722 traxit,
519 636 564 704 ad
579 639 777 722 presentiam
792 637 877 706 dicti
888 635 992 722 Regis
1008 635 1156 721 Vngarie
1172 634 1299 702 accedit
1314 633 1358 701 ad
1373 655 1527 719 presens3

394 747 459 814 sibi
474 749 693 832 imposuimus,
719 747 809 832 quod
832 748 965 832 negotia
989 745 1138 812 Romane
1162 743 1321 826 Ecclesie,
1339 764 1402 827 que
1418 764 1529 828 prose·

393 856 511 939 queris,
536 854 623 920 dicto
647 852 734 939 Regi
760 854 919 920 attentius
943 851 1189 920 recommendet
1216 851 1363 934 Ideoque
1387 873 1461 916 cum
1486 850 1528 916 de

346 1009 355 1023 .
399 964 500 1047 ipsius
517 961 638 1030 Militis
664 959 822 1028 fidelitate
839 980 878 1026 ec
893 960 1067 1045 prudentia
1083 958 1292 1042 confidamus,
1311 959 1376 1026 sibi
1389 957 1480 1025 iacta
1495 967 1529 1024 et

395 1073 520 1137 motiua
535 1077 649 1138 nostre
665 1069 864 1137 confidenter
880 1071 1103 1154 communices,
1112 1076 1212 1154 prout
1227 1067 1347 1135 videris
1364 1067 1529 1152 expedire.

394 1177 520 1244 Datum
537 1177 699 1244 Arinione
715 1177 795 1248 XV.
810 1176 966 1244 kalendas
991 1175 1176 1260 Februarii,
1193 1174 1409 1243 Pontificalus
1424 1177 1529 1242 nostri

394 1307 480 1352 anno
497 1291 623 1370 quarto.

718 1427 776 1488 (x1.
791 1428 914 1492 Gergely
927 1427 1000 1492 pdpa
1013 1426 1203 1507 regentdibol.)

879 1589 1039 1602 .----

934 1737 985 1800 61.

398 1898 544 1964 Visconti
559 1897 719 1964 Galeczaeo
743 1922 764 1962 a
788 1899 928 1964 melanos·
935 1892 1106 1982 sejedelem
1133 1897 1326 1964 testeis-ducit
1341 1923 1363 1964 a
1370 1897 1530 1986 floren-cci

786 2005 1005 2092 ledztdraasdp.
1031 2005 1125 2072 1374,

395 2311 438 2323 -
484 2311 528 2323 -
573 2315 617 2326 -
663 2275 730 2340 Per
754 2295 795 2339 ea
820 2295 882 2357 qua
899 2272 939 2339 de
954 2273 1028 2342 loco
1043 2274 1107 2340 fide
1133 2275 1232 2360 digno
1248 2277 1418 2360 sentimus,
1433 2283 1468 2342 et
1484 2276 1523 2342 de

394 2383 556 2450 Aninione
571 2384 633 2449 fuit
649 2381 742 2449 nobis
767 2383 984 2450 secretissime
1008 2385 1205 2462 nunciatum,
1222 2385 1256 2448 in
1271 2389 1419 2453 tractatu
1436 2386 1526 2469 pacis

395 2491 522 2557 iniende
537 2512 610 2557 oum
627 2489 806 2575 Magnifice
821 2490 926 2557 fratre
944 2497 1057 2576 vestro,
1076 2492 1196 2558 scimus
1212 2513 1271 2576 per
1287 2492 1526 2560 ecclesiasticos

393 2597 492 2665 verba
516 2599 598 2665 deri.
623 2597 710 2666 Nem
736 2598 865 2666 Ciuitas
889 2595 1118 2666 Vercellarum
1144 2605 1178 2666 et
1203 2599 1266 2666 alie
1282 2606 1379 2680 terre,
1395 2623 1478 2685 ques
1493 2603 1525 2667 iu

395 2705 596 2774 Lombardie
610 2711 700 2772 tenet
714 2706 874 2789 Ecclesia,
897 2705 1078 2773 offeruntur
1098 2706 1184 2792 Regi
1199 2704 1347 2792 Vngarie
1363 2710 1397 2773 in
1413 2711 1526 2777 nidum

394 2814 482 2896 belli,
497 2819 611 2881 contra
627 2816 733 2898 ipsum
749 2816 783 2880 in
799 2816 866 2880 suis
880 2813 998 2882 finibus
1024 2815 1128 2881 multa
1143 2815 1236 2883 clade
1253 2821 1287 2882 et
1302 2817 1526 2901 oportunitate

395 2925 537 3008 gerendi.
555 2921 618 2989 Cui
633 2922 719 3008 Regi
734 2925 836 2989 eciam
854 2925 965 2990 uotiua
980 2923 1155 3008 disposicio
1171 2923 1212 2989 de
1226 2923 1324 2991 luctis
1342 2924 1455 3010 Regni
1469 2946 1525 3010 per

394 3029 531 3115 Papam,
546 3031 633 3115 quod
659 3029 818 3096 hactenus
844 3031 957 3114 noluit,
982 3033 1194 3097 consentitur.
1218 3032 1265 3098 Et
1280 3033 1398 3097 scimus
1414 3033 1527 3099 Domi·

394 3160 470 3204 num
491 3138 685 3206 Paduanum
712 3140 843 3222 iturum,
868 3145 927 3204 aut
953 3137 1210 3208 Ambexictores
1234 3140 1395 3206 solemnes
1419 3147 1527 3208 trans·

394 3249 566 3313 missurum
591 3248 634 3314 ad
660 3247 796 3331 Regem,
812 3252 845 3312 vt
861 3245 1080 3314 defensionem
1096 3248 1241 3315 Ecclesia
1257 3249 1292 3314 iu
1307 3247 1413 3316 Italia
1427 3253 1526 3316 susci-

394 3355 474 3439 piat,
491 3363 525 3421 et
541 3357 574 3420 iu
589 3356 718 3439 potenti
733 3354 869 3421 brachio
885 3355 955 3422 sine
970 3376 1064 3422 mora
1079 3354 1263 3422 descendet.
1284 3355 1329 3421 Et
1345 3357 1386 3423 de
1402 3356 1465 3422 hoc
1480 3358 1526 3423 vi·

395 3463 492 3529 detur
515 3484 574 3548 per
598 3461 775 3529 Dominum
799 3462 995 3529 Paduanum
1010 3463 1103 3547 Pape
1119 3464 1300 3530 certissima
1314 3484 1387 3548 spes
1404 3464 1526 3532 offerri.

395 3607 440 3619 -
459 3607 504 3619 -
527 3605 571 3618 —
595 3607 638 3618 -
660 3568 753 3636 Data
767 3569 935 3636 Florcnlie
951 3571 1004 3637 die
1019 3567 1139 3638 VIIII.
1156 3571 1281 3638 Martii.

394 3713 430 3779 (A
446 3714 582 3779 »signos-i,
596 3715 743 3781 Ourteggie
764 3716 887 3780 Miaslve,
910 3717 1033 3784 Regiatri
1046 3715 1121 3768 della
1134 3717 1324 3768 Cancellariat
1338 3717 1400 3770 XV.
1413 3719 1526 3785 nonge-

621 3806 674 3856 ben
688 3809 731 3860 tt.
743 3822 781 3859 sn.
793 3822 827 3869 n,
841 3822 858 3857 a
870 3807 1000 3859 florenczi
1013 3821 1086 3873 nagy
1100 3807 1296 3871 levelttrbsn.)

880 4073 1038 4086 nh,.—-—m·
