3182 5252
406 349 469 406 512
758 361 987 406 nranouscmar
1007 349 1170 404 curasan.

403 531 508 589 tentes
534 523 613 588 dicti
641 522 796 603 genitoris
812 521 926 602 nostri,
946 520 1061 585 maiori
1078 525 1112 583 ct
1127 519 1240 586 altimo
1258 521 1369 606 sigillo
1385 521 1519 588 eiusdem

403 633 567 696 autentico
584 630 802 713 consignatas,
818 636 948 693 tenores
965 627 1168 710 quarmrdam
1184 627 1368 694 litterarum
1385 629 1523 695 eiusdem
1586 623 1587 628 ¹

286 755 288 759 ’
402 739 560 822 genitoris
585 739 689 802 nostri
716 737 981 820 priuilegialium,
1007 756 1065 800 nec
1091 756 1155 828 non
1182 736 1387 817 quarundam
1403 738 1525 804 littera·
1586 809 1589 820 .

404 869 476 912 rum
501 845 638 912 condam
665 841 869 910 Serenisaimi
896 843 1060 927 Principis
1082 842 1205 908 domini
1220 843 1342 910 Karoli
1359 844 1459 930 Regis
1474 867 1525 928 pa·

402 957 546 1021 tencium
573 956 628 1020 ani
653 954 757 1018 nostri
785 952 946 1018 karissimi
972 950 1076 1017 salicis
1092 953 1256 1034 memorie,
1272 973 1369 1036 super
1387 953 1525 1020 modera

402 1067 487 1130 mine
514 1062 691 1127 solutionis
715 1061 913 1126 tributorum
932 1059 1204 1126 amercatoribus
1228 1061 1394 1126 extraneis
1417 1060 1527 1144 Regno

402 1179 514 1237 nostro
531 1171 765 1254 exigendorum
782 1174 1016 1238 emanatarum.
1027 1169 1060 1233 in
1077 1189 1112 1233 se
1126 1166 1353 1233 confirmatius
1363 1167 1528 1249 habentes,

403 1289 552 1345 tenorum
579 1287 612 1344 et
637 1278 913 1344 continenciarum
929 1299 987 1361 per
1003 1277 1112 1342 omnia
1132 1275 1436 1360 infrascriptum,
1460 1299 1528 1360 anp-

403 1391 529 1473 plicans
547 1388 660 1454 exinde
677 1386 861 1452 nominibus
877 1387 996 1470 quibus
1012 1405 1112 1468 supra
1137 1381 1171 1448 N
1173 1391 1259 1449 ostre
1275 1385 1445 1450 humiliter
1461 1385 1528 1450 Ma-

402 1499 524 1579 iestati,
540 1505 574 1562 vt
591 1495 722 1562 easdem
749 1493 957 1578 presentibus
974 1494 1015 1559 de
1031 1492 1131 1558 uerbo
1157 1492 1199 1558 ad
1224 1491 1359 1557 uerbum
1385 1493 1485 1559 inseri
1499 1499 1530 1558 et

403 1607 594 1672 transscribi
611 1605 762 1671 faciendo
778 1611 961 1687 acceptare,
979 1602 1172 1688 approbare,
1189 1600 1366 1683 rectificare,
1376 1609 1412 1666 et
1422 1611 1530 1668 nostro

403 1715 613 1797 dignaremur
638 1712 811 1795 priuilegio
841 1717 1002 1796 perpetuo
1032 1709 1232 1775 confirmare.
1265 1707 1413 1792 Quarum
1440 1718 1531 1776 tenor
1589 1799 1590 1804 γ

404 1823 482 1888 tahs
499 1829 696 1994 eillulonious
712 1926 753 1992 Ι).
771 1950 819 2011 gr.
838 1926 1010 2010 Hungarie
1034 1895 1096 1991 stb.
1112 1924 1185 1989 Rex
1202 1923 1263 1990 stb.
1279 1924 1491 2008 (ktvetlrezik
1506 1927 1530 1992 l.

403 2038 502 2122 Lajos
532 2036 704 2120 kiralynak
731 2035 865 2100 1364-ki
891 2039 1087 2117 megertsltil
1112 2033 1284 2117 okmtnya,
1311 2036 1394 2100 mint
1411 2039 1531 2120 gytljte

403 2145 563 2230 menyllnlr
579 2144 626 2208 Π.
642 2143 818 2208 kbteteben
836 2147 909 2206 617.
926 2142 946 2206 l.
962 2145 1038 2208 455.
1050 2165 1093 2206 sa.
1108 2143 1153 2226 a.)

510 2249 580 2316 Nos
596 2251 706 2333 itaque
723 2250 886 2333 premissis
904 2247 1199 2333 supplicacionibus
1216 2249 1296 2314 dicti
1313 2252 1433 2318 erici
1453 2251 1532 2336 Epa·

404 2359 493 2442 sogol
519 2359 702 2425 nominibus
728 2358 847 2442 quibus
873 2379 972 2440 snpra
997 2357 1118 2421 Nostra
1143 2379 1201 2441 per
1225 2357 1331 2441 ipsum
1365 2359 1533 2425 humiliter

403 2469 562 2550 porrectis
580 2467 750 2532 Maiestati
765 2465 940 2530 fauorabili
965 2466 1088 2548 pietate
1115 2464 1280 2546 inclina-te,
1295 2473 1469 2549 protectas
1483 2469 1534 2534 lit-

402 2583 492 2640 teras
508 2583 660 2658 patentes
685 2576 787 2658 ipsius
812 2575 969 2656 genitoris
994 2574 1097 2638 nostri
1115 2574 1319 2657 presentibus
1337 2577 1532 2642 verbotenus

403 2684 553 2761 insertas,
570 2683 666 2747 simul
692 2703 763 2746 cum
789 2681 885 2745 dictis
910 2681 1058 2746 articulis
1084 2682 1117 2745 in
1143 2682 1313 2746 tenoribus
1328 2704 1443 2750 earum
1460 2707 1532 2750 con·

402 2790 502 2856 tentis
519 2797 552 2854 et
567 2791 735 2873 expressis,
752 2789 860 2871 quoad
878 2809 989 2852 omnes
1006 2810 1117 2852 earum
1137 2788 1299 2855 clausulas
1315 2797 1350 2854 et
1365 2794 1533 2858 continen-

403 2901 469 2964 oias
491 2905 707 2982 acceptamus,
733 2897 960 2980 approbamus,
986 2896 1188 2978 roboramus,
1213 2898 1427 2975 ratificamus,
1444 2910 1533 2966 etex

401 3015 493 3072 certa
517 3014 630 3072 nostra
656 3008 804 3087 sciencia,
822 3005 861 3070 de
886 3026 1044 3069 consensu
1070 3012 1103 3069 et
1126 3005 1335 3089 beneplacita
1351 3007 1532 3088 voluntate,

404 3115 616 3181 Serenissime
644 3116 806 3198 Principis
831 3115 960 3178 domine
985 3113 1159 3178 Elisabeth
1184 3114 1246 3179 Dei
1273 3117 1387 3197 gracia
1403 3116 1532 3200 Regina

403 3225 586 3306 Hungarie,
604 3223 750 3303 Polonie,
767 3221 934 3288 Dalmacie
951 3227 1011 3285 etc.
1029 3222 1196 3303 genitricis
1223 3205 1334 3286 nostre
1351 3223 1534 3302 karissime,

403 3332 675 3414 Prelatornmque
701 3337 733 3396 et
751 3331 919 3395 Baronum
934 3329 1040 3412 Regni
1058 3330 1162 3394 nostri
1179 3331 1314 3394 consilio
1332 3339 1533 3414 prematnro,

403 3463 461 3524 pro
478 3441 598 3506 eisdem
615 3439 762 3523 prouidis
786 3439 865 3502 viris
884 3435 1120 3502 mercatoribus
1138 3438 1177 3502 de
1194 3437 1227 3502 N
1229 3440 1425 3524 eurnmberg
1441 3448 1478 3505 et
1493 3442 1532 3505 de

403 3549 524 3632 Praga,
540 3569 715 3630 corumque
741 3546 917 3612 heredibus
944 3552 1056 3610 nostro
1083 3546 1256 3628 priuilegio
1279 3555 1437 3632 perpetuo
1456 3551 1532 3615 vali-

404 3665 478 3721 turo
497 3657 732 3722 confirmamus.
748 3657 788 3720 In
806 3657 897 3720 cuins
913 3655 961 3719 rei
977 3656 1164 3719 memoriam
1192 3655 1444 3739 firmitatemque
1462 3679 1532 3742 per·

402 3771 535 3848 petuam
555 3772 721 3848 presentes
747 3765 964 3829 concessimus
989 3764 1119 3827 litteras
1151 3769 1277 3828 nostras
1310 3765 1530 3847 priuilegiales

403 3874 576 3958 pendentis
587 3881 620 3937 et
631 3875 790 3939 autentici
802 3872 903 3954 sigilli
913 3873 1015 3936 nostri
1027 3871 1204 3936 munimine
1214 3870 1396 3936 roboratas.
1406 3873 1528 3940 Datum

400 4004 458 4064 per
474 4003 588 4045 manns
604 3981 880 4046 Reuercndissimi
898 3981 931 4044 in
950 3978 1081 4043 Christo
1100 3976 1211 4042 Patris
1227 3984 1262 4042 et
1278 3977 1413 4043 Domini
1428 3979 1530 4046 domi-

400 4092 433 4153 ni
461 4087 623 4154 Demetrii
647 4092 861 4154 miseracione
887 4088 1011 4152 Diuina
1038 4087 1128 4151 tituli
1156 4085 1352 4152 Sanctorum
1378 4085 1529 4171 Quatnor

401 4197 639 4262 Coronatorum
666 4195 881 4262 Sacrosancte
906 4194 1055 4260 Romane
1078 4195 1225 4259 Ecclesia
1241 4193 1434 4278 Presbyteri
1452 4196 1530 4262 Can

401 4307 529 4386 (linaiis,
546 4304 666 4370 Sancte
684 4305 917 4388 Strigoniensis
933 4302 1079 4367 Ecclesie
1097 4299 1338 4368 Gubernatoris
1366 4302 1529 4386 Perpetui,

400 4416 526 4497 locique
553 4416 696 4482 <ciusdem
725 4415 861 4478 Comitis
888 4409 1038 4475 similiter
1065 4410 1233 4493 Perpetui,
1259 4419 1294 4476 et
1315 4410 1403 4476 Aule
1421 4421 1529 4478 nostre

400 4524 507 4588 fidelis
533 4522 727 4605 Cancellarij
755 4543 841 4586 anno
866 4517 1000 4585 Domini
1028 4519 1198 4584 millesimo
1217 4515 1313 4584 OOC.
1331 4521 1529 4602 octogesimo
