3172 5254
390 359 452 424 tae
744 377 975 425 menouararai
995 357 1160 424 suntuna.

389 562 516 621 cunque
543 540 581 601 sit
610 546 640 601 et
673 541 889 621 spiritualiter
906 548 937 604 et
955 537 1178 622 ternporalitcr
1205 537 1355 620 potencia
1373 535 1515 600 lieelesie

387 657 499 711 nostra
525 645 709 711 hnmilitate
735 649 899 730 arrperior3
922 669 994 711 curn
1008 647 1133 727 ‚neritia
1152 647 1192 709 sit
1212 667 1271 726 pro
1289 642 1392 726 nonis,
1408 665 1499 726 spere

386 776 521 835 musque
548 755 577 816 in
604 754 664 817 linc
681 777 700 817 a
716 752 838 820 Vestra
864 755 1064 818 tlelsitudine
1082 775 1144 816 nou
1161 752 1298 833 reliqni;
1324 753 1358 815 in
1374 751 1514 817 Domino

387 885 476 946 spem
502 861 668 941 habe-nnus,
686 863 772 944 (rerinl
789 866 933 925 nestram
955 863 1171 944 innocentiam
1198 860 1344 924 tuebitur
1362 867 1390 922 et
1409 859 1516 923 delen·

387 971 449 1034 det.
468 971 619 1035 t'eterrun
638 971 723 1052 qirrrd
741 971 817 1035 velit
835 971 954 1038 Vestra
974 971 1116 1048 gloriosa
1133 969 1294 1035 Maiestas
1311 991 1369 1050 pro
1387 989 1514 1033 concor·

387 1080 442 1143 dia
459 1081 545 1143 inter
562 1101 620 1142 nos
637 1085 669 1142 et
686 1077 839 1142 Sanctam
857 1080 998 1144 Matrem
1028 1079 1207 1142 lleclesiam
1224 1077 1434 1142 intercedere..
1451 1097 1513 1139 mo·

387 1187 435 1250 dia
462 1187 610 1250 omnibns
636 1173 881 1266 contentamur·;
907 1187 1060 1268 qrrrrniam
1077 1188 1204 1265 scimus,
1226 1207 1284 1268 per
1305 1184 1421 1248 Veslre
1439 1183 1515 1262 Dig-

387 1296 527 1357 nationis¹
545 1317 658 1357 manus
675 1316 734 1358 nos
745 1295 786 1357 ad
803 1317 916 1376 pacem
933 1293 1059 1358 nonnisi
1078 1299 1182 1358 tutam
1198 1301 1229 1355 et
1246 1293 1425 1355 carituram
1442 1292 1514 1354 insi·

388 1402 460 1481 diis,
485 1401 707 1466 honorabilem
733 1409 831 1484 atque
857 1405 1026 1479 sinceram,
1043 1410 1076 1466 et
1092 1424 1151 1483 per
1172 1423 1269 1484 quam
1296 1400 1401 1478 tidem,
1419 1421 1513 1482 quarn

387 1510 550 1592 colligatis
569 1511 689 1574 nostris
716 1509 872 1588 dedimus,
890 1534 952 1575 non
979 1511 1136 1588 ledanms.
1152 1510 1340 1575 nullatenus
1356 1509 1515 1590 requiren-

388 1620 454 1682 dos,
481 1617 550 1681 Nec
575 1625 683 1702 posset
707 1618 799 1682 nobis
826 1641 877 1682 res
894 1621 1019 1701 gratior
1047 1625 1105 1682 aut
1122 1618 1226 1700 magis
1243 1623 1377 1700 accepta
1394 1617 1516 1680 contin-

388 1747 474 1806 gere,
500 1747 596 1808 quam
624 1727 778 1789 correctis
795 1727 960 1791 erroribus
977 1728 1009 1790 in
1027 1727 1231 1790 devotionern
1251 1725 1380 1789 solitam
1398 1722 1515 1788 Sancte

388 1831 507 1900 Matris
532 1834 677 1898 Ecclesie
703 1834 906 1915 reintegrari.
947 1835 997 1898 De
1034 1837 1174 1916 negotiis
1209 1841 1319 1898 autem
1345 1830 1513 1914 lllagnitiri

388 1941 505 2006 Militis
530 1941 649 2006 domini
676 1942 815 2020 'friuola
840 1949 870 2004 et
900 1942 1038 2006 (toi-radi
1057 1943 1104 2006 sui
1131 1944 1287 2024 germani,
1314 1942 1515 2022 ultraquam

387 2047 470 2115 alias
486 2071 543 2132 per
560 2057 689 2114 nostras
700 2052 921 2131 suggessinnrs
937 2051 1076 2131 litteras,
1092 2074 1155 2115 non
1172 2049 1303 2133 exiredit
1313 2049 1515 2133 respondere.

389 2157 496 2222 Vnum
524 2165 635 2222 autem
661 2167 771 2222 nostra
797 2159 926 2223 deuotio
953 2181 1017 2222 non
1044 2159 1182 2236 omittet,
1208 2157 1294 2240 qnod
1311 2169 1419 2222 tamen
1447 2176 1515 2219 curn

390 2265 508 2328 rubore
524 2271 622 2348 atque
633 2267 827 2330 verecundia
839 2287 1042 2329 recensentur
1059 2289 1065 2344 ;
1090 2265 1177 2347 quod
1196 2263 1348 2329 Summus
1365 2262 1515 2328 Pontifex

390 2372 421 2435 in
439 2376 695 2456 persecutionem
721 2381 939 2438 mercatorum
967 2381 1151 2438 rimam-um
1170 2381 1202 2437 ct
1218 2374 1357 2437 aliorum
1386 2373 1416 2434 in
1436 2369 1514 2434 runri

390 2481 472 2544 duas
498 2481 608 2562 galeas
634 2482 677 2546 ad
702 2482 914 2546 exercendam
941 2483 1132 2565 pirratieam
1158 2483 1338 2566 deputant,
1363 2487 1396 2544 et
1414 2497 1516 2562 nuper

388 2609 485 2653 unam
512 2589 620 2652 nanim
645 2589 736 2653 iuxta
761 2597 889 2671 portum
920 2589 1077 2654 Pisanum
1094 2590 1293 2672 iniquissime
1309 2588 1517 2652 derobarunt.

389 2695 460 2778 Qne
477 2697 658 2778 1·es,vidore
676 2696 796 2761 scilicet
814 2695 940 2761 Christi
956 2697 1112 2762 vicarium
1130 2697 1364 2778 nauigantibus
1380 2697 1517 2760 insidias

390 2805 602 2884 instr·uere‚et
613 2805 744 2886 rapinas
762 2805 998 2870 mercatoribus
1018 2827 1203 2889 preparare,
1214 2811 1346 2870 cunctos
1358 2804 1518 2868 (llrrist-ia·

388 2931 446 2975 nos
457 2914 489 2976 in
501 2913 747 2978 admirationem
759 2914 869 2977 erexit.
882 2912 945 2978 Sed
958 2915 1066 2978 omnia
1077 2935 1243 2996 speramus
1260 2911 1380 2979 Vestre
1392 2911 1518 2976 Sereni-

390 3021 467 3085 tatis
477 3019 759 3085 intercessionibus
769 3021 1102 3103 reparari'l'lrronnm
1114 3028 1256 3085 restrum
1267 3043 1338 3085 cum
1350 3021 1457 3104 gloria
1469 3043 1519 3084 ex-

390 3130 469 3192 altet
490 3126 713 3212 Omnipotens,
725 3151 796 3193 cnm
817 3137 923 3194 status
935 3132 1032 3194 vestri
1043 3129 1190 3194 felicibus
1202 3131 1418 3194 incrementis,
1429 3129 1518 3193 Data

389 3237 557 3301 Florentie
574 3237 624 3300 die
641 3236 799 3302 XXVII.
810 3237 891 3302 Maii
903 3237 1025 3303 XIIII.
1036 3237 1211 3302 indictione
1221 3235 1518 3301 Mecenxxvt.

390 3381 511 3441 (Ererleti
527 3383 765 3446 logalmazvrtnya
779 3383 915 3447 »signori
931 3383 1084 3446 corregere,
1099 3383 1226 3432 Miaaive«.
1240 3385 1291 3431 atti.
1306 3383 1395 3431 eainrtt
1410 3383 1517 3444 osatdly

508 3472 596 3521 XVII.
616 3472 769 3534 kilteaeben
786 3480 826 3522 17.
841 3472 878 3522 az.¹
891 3489 916 3523 a.
931 3489 953 3524 a.
970 3473 1097 3523 tior-eueni
1112 3487 1186 3535 utigr
1202 3472 1396 3532 lereltr'nbnn.)

916 3781 986 3844 lta.

508 3939 650 4028 Periuria
667 3940 832 4006 edrornal·
850 3967 869 4004 a
880 3941 1033 4026 florenezi
1049 3943 1269 4027 lailatdraasrlq.
1296 3949 1392 4008 isim.

496 4104 671 4170 Perusinia.

497 4213 633 4278 Fratres
651 4211 823 4277 karissimi.
839 4209 1002 4296 Requisiti
1019 4233 1076 4295 per
1093 4207 1221 4277 littera-s
1236 4219 1269 4277 et
1286 4211 1447 4278 Oratores
1463 4211 1519 4280 Se·

389 4323 548 4385 renissimi
566 4321 728 4405 Principis
745 4319 867 4385 domini
884 4321 985 4402 Regia
1012 4319 1192 4403 Hungarie,
1209 4319 1456 4388 fraternitatem
1471 4347 1520 4388 re·

389 4437 490 4493 atram
516 4429 781 4494 atl'cct-nosissime
808 4429 1030 4512 deprecamur,
1057 4436 1218 4511 quatenns
1244 4429 1284 4492 ob
1301 4436 1518 4496 reuerentiam

388 4537 512 4618 pretate
534 4537 634 4612 Regia
658 4536 844 4602 Maiestatis
871 4539 1047 4620 dignemini
1076 4537 1286 4619 Magnificum
1305 4537 1447 4604 Militem
1466 4535 1520 4604 do·
