3182 5252
363 415 444 476 5662
717 431 950 477 nnnonnczrnr
966 418 1134 476 nasses.

363 590 537 673 Proposito
564 585 727 671 Cipsiensi
753 588 840 654 Aule
864 589 968 674 Regio
995 587 1208 670 Cancellsrio,
1233 589 1366 653 domino
1392 585 1497 654 fratre

362 696 402 762 de
418 695 593 762 Hedcrusr
610 695 775 778 Magistro
786 697 1031 762 cruciferorum
1047 697 1089 761 de
1106 695 1233 761 Calidis
1244 696 1353 780 Aquis
1363 695 1496 761 Buden-

363 804 452 869 sibus
469 826 508 868 nc
525 802 828 870 Vico-Cancellsrio
855 804 1018 889 Roginsli,
1034 805 1165 870 domino
1183 803 1353 888 Stephano
1369 803 1496 886 Prepo-

363 913 426 978 sito
443 911 697 994 Vesprimiensi3
722 935 760 976 nc
785 912 971 996 Magnificis
998 919 1031 977 et
1058 912 1243 995 potentibus
1263 911 1342 975 viris
1358 909 1498 976 dominis

365 1017 505 1084 Nicolso
522 1017 561 1083 de
578 1017 672 1084 Gsrs
688 1019 795 1103 Regni
822 1020 996 1104 Hungsric
1012 1019 1175 1100 Palatino,
1192 1015 1336 1101 Georgio
1352 1017 1498 1097 Bebech,

362 1127 513 1192 Emerico
539 1125 672 1192 Bebech
699 1127 860 1211 Voyuods
886 1129 1015 1210 nussia,
1036 1125 1206 1211 Stephano
1222 1127 1318 1192 Bsno
1335 1127 1375 1191 de
1391 1124 1499 1204 Mose,

362 1257 401 1300 cc
417 1233 565 1319 pluribus
581 1235 654 1300 aliis
671 1235 867 1315 Beronibus,
890 1235 1062 1312 Militibus,
1080 1233 1255 1300 Nobilibus
1270 1241 1307 1299 ct
1322 1234 1497 1300 clientibus

361 1342 440 1408 dicti
456 1342 566 1426 Regni
581 1341 755 1426 Hungurio
770 1342 910 1408 testibus
927 1343 970 1408 sd
987 1343 1311 1427 supradictamrem
1322 1343 1498 1424 etrogstis

903 1451 975 1534 ugo
991 1449 1148 1516 Nicolcns
1168 1450 1332 1534 qnondam
1350 1449 1499 1515 Christo·

793 1556 855 1622 fori
881 1556 921 1622 de
945 1557 1085 1623 Rodeno
1111 1559 1164 1623 de'
1178 1557 1351 1638 Cremona,
1377 1556 1498 1622 Archi-

793 1664 949 1730 diaconus
975 1665 1015 1730 de
1040 1663 1179 1744 Veloho,
1203 1685 1241 1728 so
1272 1663 1498 1730 Cancellerius

792 1753 826 1836 in
842 1771 994 1838 Ecclesia
1014 1771 1394 1856 Quinque-Ecclesiensi,
1411 1771 1499 1836 Pub·

794 1878 876 1944 licus
902 1878 1098 1964 Apostolics
1113 1887 1146 1944 et
1162 1879 1332 1962 Imperisli
1355 1879 1498 1944 auctori·

792 1973 861 2052 tate
888 1987 1050 2053 Notarius
1074 1989 1224 2055 omnibus
1239 1995 1272 2052 et
1289 1987 1426 2070 singulis
1445 2007 1498 2050 su·

793 2095 995 2178 prescriptis,
1011 2095 1161 2161 videlicet
1176 2096 1374 2178 expositioni
1391 2095 1491 2160 dicta·

796 2226 867 2268 rum
878 2205 1127 2287 promissionum
1139 2210 1172 2267 et
1182 2203 1430 2286 obligationum,
1438 2223 1498 2268 neo

432 2310 583 2394 (chynr'ii
596 2312 696 2396 jegy.)
787 2334 851 2377 non
866 2321 1038 2396 pactorum
1055 2319 1087 2378 et
1101 2319 1334 2380 conventorum
1360 2313 1496 2396 inscrip-

794 2423 847 2502 tis,
873 2441 1021 2486 necnon
1048 2421 1260 2486 ratificationi
1286 2426 1320 2485 et
1335 2420 1496 2505 approba·

796 2527 879 2592 tioni
895 2549 1016 2607 eorum,
1032 2550 1071 2593 ac
1093 2526 1281 2610 juramento
1297 2531 1436 2610 prestito
1452 2528 1493 2592 de

798 2635 1026 2702 observatione
1042 2636 1205 2702 dictorum
1222 2642 1404 2720 pectorum,
1418 2637 1495 2702 duur

796 2746 843 2809 sic
869 2751 1046 2827 agerentur
1061 2752 1095 2811 ct
1111 2745 1235 2824 fierent,
1251 2766 1317 2809 une
1334 2767 1407 2810 oum
1424 2766 1496 2828 pre-

795 2850 891 2917 dictis
907 2853 1047 2919 testibus
1064 2874 1199 2936 presens
1215 2852 1361 2934 interfui,
1372 2852 1496 2936 predio-

796 2966 848 3025 tes
876 2981 988 3026 omnes
1013 2962 1254 3044 promissiones,
1278 2959 1496 3043 obligationes

795 3075 894 3151 pects
918 3075 952 3132 et
978 3075 1146 3149 convente,
1168 3071 1281 3151 ‘prout
1307 3069 1340 3132 in
1365 3067 1494 3152 scriptis

797 3157 899 3238 michi
926 3174 1059 3240 luerunt
1090 3175 1252 3255 exhibits3
1291 3177 1426 3259 insuper
1463 3185 1496 3239 et

366 3274 546 3358 predictum
563 3279 810 3345 instrumentum
833 3283 1071 3363 procurationis
1099 3282 1139 3346 de
1163 3281 1262 3347 verbo
1288 3283 1332 3348 ed
1357 3284 1495 3361 verbum,

364 3383 411 3448 nil
437 3383 560 3449 addens
589 3384 637 3450 rel
670 3387 818 3452 minuens
844 3388 931 3472 quod
960 3395 1063 3455 mutet
1095 3391 1288 3455 sententiam
1321 3392 1373 3456 rel
1396 3391 1494 3456 veriet

364 3491 574 3575 intellectum,
597 3493 673 3559 huic
697 3495 827 3578 publico
853 3499 1068 3564 instrumento
1093 3497 1232 3562 fideliter
1262 3497 1435 3565 interserui
1461 3505 1493 3561 et

364 3597 518 3665 srrnotsri
534 3622 574 3664 sc
598 3600 639 3665 de
660 3601 810 3667 omnibus
835 3611 868 3670 et
894 3605 1030 3688 singulis
1046 3605 1226 3688 prenotatis
1243 3612 1379 3688 rogetus
1396 3604 1493 3688 scrip

365 3709 391 3772 si
410 3713 444 3774 et
459 3709 631 3792 publicari,
646 3733 685 3775 ec
700 3719 853 3779 consueto
870 3714 962 3797 signo
988 3713 1239 3780 stollionatus
1256 3715 1320 3779 mei
1335 3713 1492 3780 roborari.

902 3824 950 3889 nt
966 3823 1038 3906 Ego
1050 3822 1170 3888 Petrus
1180 3821 1310 3888 Nicolsi
1324 3821 1364 3888 tle
1375 3821 1490 3888 Zenlb·
1583 3909 1585 3922 Ι

794 3951 887 4011 ywcn
923 3928 1071 3994 Clericus
1111 3928 1345 4012 Zegrcbiensis
1376 3927 1490 3994 Diore-
1583 3935 1585 3958 ¹

796 4038 848 4116 sie,
880 4035 1035 4102 Publicus
1066 4035 1259 4118 Apostolioa
1298 4037 1490 4102 anctoritate
1582 4099 1584 4122 p

438 4137 476 4214 (J
479 4143 589 4224 egyzbi
603 4142 705 4227 jegy.)
797 4141 968 4220 Notarius,
992 4142 1056 4226 bijs
1072 4141 1221 4208 omnibus
1238 4149 1271 4206 et
1288 4143 1423 4228 singulis
1438 4165 1488 4206 su·

796 4249 953 4334 predictis
989 4271 1121 4333 presens
1152 4247 1295 4330 interfui,
1327 4271 1393 4314 unu
1423 4270 1488 4314 oum

796 4357 1031 4440 prenominatis
1050 4357 1189 4423 testibus
1205 4364 1239 4422 et
1254 4358 1404 4439 Notario,
1422 4377 1487 4431 cunr

796 4485 862 4546 quo
878 4463 1018 4530 Notario
1044 4464 1187 4546 capitula
1204 4462 1366 4528 dictorum
1383 4471 1483 4547 pecto·

366 4587 448 4650 rum,
464 4577 497 4632 et
513 4568 763 4635 instrumentum
795 4571 1032 4658 procurationis
1049 4571 1193 4657 presenti
1220 4572 1432 4640 instrumento
1446 4570 1486 4634 in·
