3190 5252
605 362 699 425 1381.
1146 360 1210 422 457

1 563 2 566 ’
88 541 247 606 curatorio
264 541 391 606 nomine
407 538 529 623 prefati
546 539 669 605 domini
684 537 788 622 Regis
805 560 843 604 cx
860 558 926 602 una
942 543 1055 622 parte,
1076 546 1110 604 et
1125 537 1215 603 nobi·

86 649 131 715 les
147 671 184 714 ac
202 650 363 733 sapientes
380 649 467 714 viros
484 647 684 714 Zachariam
713 645 908 728 Centareno,
925 645 1115 713 Johannem
1131 643 1215 713 Gra·

87 757 200 826 donico
216 766 250 823 et
265 757 460 822 Michaelem
476 757 689 837 Mauroceno,
700 756 953 822 Procuraturem
967 754 1115 820 Ecclesia
1134 752 1214 820 San·

85 868 127 934 cti
137 867 256 948 Marci,
266 867 411 933 honorab
421 866 481 931 iles
493 865 754 948 AmbaniatoreS,
771 862 929 949 Syndicos
940 868 973 929 et
984 870 1213 947 procuratores

84 976 212 1042 Excelsi
223 983 256 1041 et
266 974 409 1041 Illustris
420 973 553 1040 Domini
564 973 685 1039 domini
697 972 831 1038 Andree
849 972 1047 1056 Oontaren0,
1063 971 1126 1038 Dei
1136 992 1210 1056 gra-

84 1063 133 1148 cia
147 1084 251 1149 Ducis
268 1080 463 1150 Veneciarm
480 1087 540 1148 etc.
559 1087 592 1147 et
608 1078 797 1146 Communis
823 1079 1047 1164 Veneria-rum,
1064 1079 1211 1166 syndica-

84 1191 130 1255 rio
148 1197 181 1255 et
197 1190 426 1274 procuratorio
443 1189 572 1254 nomine
590 1188 734 1275 ejusdem
755 1187 877 1284 domini
893 1188 996 1254 Ducis
1012 1193 1044 1253 et
1061 1187 1211 1254 Commu·

83 1299 129 1363 nis
145 1295 365 1365 Veneciarum
381 1319 420 1363 ex
435 1299 544 1363 altera
560 1303 663 1382 parte,
673 1297 757 1362 inter
774 1303 883 1362 cetera
900 1298 1114 1378 contineatur,
1125 1298 1213 1381 qnod

82 1405 202 1472 dictum
219 1403 397 1472 Commune
414 1405 631 1472 veneciarum
642 1403 722 1471 dare
733 1412 765 1469 et
782 1405 910 1471 soluere
921 1404 1041 1470 debeat
1057 1407 1144 1470 dieto
1156 1403 1212 1470 Se·

84 1513 252 1580 renissimo
269 1513 399 1580 domino
416 1512 502 1596 Regi
518 1519 551 1578 et
577 1512 645 1596 ejus
661 1512 898 1580 successoribus
918 1513 952 1578 in
970 1513 1085 1597 Regno
1102 1521 1135 1581 et
1151 1511 1212 1580 Oo-

82 1644 167 1705 rona,
186 1629 220 1687 et
236 1623 299 1707 ipsi
316 1621 447 1688 Corone
463 1621 703 1705 representanti
723 1622 884 1706 Regnum,
911 1627 945 1687 et
970 1622 1212 1706 presidentibus

83 1751 140 1813 pro
156 1733 233 1814 ipsa
258 1727 389 1797 Corona
405 1730 439 1796 in
456 1736 648 1814 perpetuum
676 1730 845 1795 annuatim
871 1729 1064 1796 ducatorum
1088 1737 1210 1815 septem

82 1839 183 1904 millia
200 1838 278 1904 boni
296 1840 368 1903 auri
384 1845 416 1903 et
432 1838 467 1904 in
483 1859 573 1918 auro,
589 1843 622 1901 et
637 1836 716 1902 boni
733 1844 766 1902 et
780 1837 860 1922 justi
877 1838 1039 1920 ponderiS,
1056 1839 1212 1904 solvenda

83 1947 169 2013 dicto
187 1946 320 2012 domino
336 1946 423 2030 Regi
439 1953 473 2012 et
489 1947 558 2012 eius
585 1944 823 2011 successoribus
840 1953 874 2011 et
899 1945 1037 2027 Corone,
1063 1954 1095 2013 et
1111 1946 1212 2031 presi-

81 2053 232 2120 dentibus
263 2053 420 2138 predictis
451 2054 503 2119 rel
535 2052 730 2118 thesaurariis
754 2053 908 2136 ipsorum,
934 2059 968 2118 et
992 2053 1128 2119 cuilibet
1153 2055 1211 2120 alii

81 2161 215 2228 habenti
230 2163 391 2247 ydoneam
407 2167 604 2246 potestatem
621 2160 799 2245 recipiendi
825 2161 1024 2227 solucionem
1050 2162 1210 2247 predicto-

78 2293 148 2337 rum
164 2277 290 2355 septem
306 2269 442 2336 millium
458 2268 663 2352 ducatorum,
680 2273 712 2333 et
729 2270 768 2334 de
795 2270 868 2353 ipsa
895 2270 1059 2338 solucione
1087 2273 1211 2354 quieta·

79 2380 213 2460 cionem,
238 2376 477 2444 absolucionem
504 2383 536 2442 et
560 2377 793 2443 liberacicnem
817 2375 962 2443 debitam
987 2377 1126 2444 faciendi
1152 2402 1210 2465 per

79 2494 324 2571 procuratorem
341 2508 397 2552 seu
415 2486 583 2571 syndicum
609 2487 694 2552 dicti·
721 2483 909 2553 Communis
934 2487 1069 2555 infesto
1095 2487 1209 2556 Sancti

1 2649 2 2654 ,
77 2592 177 2680 Regis
196 2593 355 2679 Stephani
371 2596 525 2679 vigesimo
542 2595 594 2660 die
611 2593 756 2679 Augusti
772 2595 947 2662 cuiuslibet
962 2596 1048 2678 anni,
1064 2599 1114 2664 vel
1132 2604 1208 2666 ante

1 2691 2 2695 ¹
78 2701 202 2770 dictum
218 2703 354 2784 festum,
371 2725 437 2787 qua
453 2701 615 2769 solucione
628 2702 727 2781 sacta,
739 2704 976 2787 quietacionem
993 2712 1026 2772 et
1041 2706 1208 2773 liberacic-

78 2831 149 2876 nem
166 2812 208 2877 de
224 2811 362 2896 receptis
378 2812 485 2877 facere
500 2817 674 2878 teneantur
690 2819 722 2876 ct
748 2812 890 2880 debeant
916 2820 1034 2882 nuncio
1051 2822 1082 2880 et
1099 2817 1207 2900 syndi-

76 2917 341 2987 eoVenetorum.
359 2918 483 2985 Verum
500 2919 540 2986 de
557 2919 763 3003 prestacione
791 2920 952 2989 dictorum
969 2928 1094 3006 septem
1110 2922 1208 2990 milli·

76 3049 126 3091 nm
144 3027 340 3093 ducatorum
355 3026 464 3095 fienda
480 3027 606 3111 prelato
624 3029 754 3097 domino
771 3029 856 3113 Regi
872 3052 934 3115 pro
950 3052 1036 3097 anno
1052 3035 1207 3114 presenti,

76 3135 150 3217 quia
165 3140 304 3219 propter
320 3136 477 3224 temporis
494 3135 688 3201 breuitatem
705 3157 771 3202 non
796 3144 926 3221 poterat
941 3137 1012 3202 fieri
1039 3139 1081 3204 ad
1097 3141 1207 3205 termi-

75 3263 147 3308 num
164 3243 360 3324 ordinatum,
376 3250 569 3308 conventum
584 3250 617 3308 et
636 3251 857 3311 contentaturn
877 3245 940 3311 fnit
954 3268 1012 3331 per
1031 3252 1204 3331 utramque

74 3357 211 3432 partem,
228 3348 315 3434 quod
331 3349 511 3433 prelibatus
528 3351 677 3417 dominus
693 3351 810 3418 Comes
829 3351 995 3420 Sabaudie
1014 3353 1054 3419 de
1068 3357 1206 3420 termino

78 3456 162 3523 dicte
178 3457 515 3542 prestacionis·fiende
531 3467 642 3544 posset
667 3465 811 3526 statuere
828 3463 914 3528 sicut
928 3462 1044 3545 vellet3
1070 3465 1125 3546 qui
1151 3462 1205 3528 do-

74 3566 177 3631 minus
189 3561 306 3630 Comes
316 3567 434 3630 statuit
450 3572 483 3632 et
499 3567 672 3652 ordinavit,
690 3569 777 3654 quod
793 3569 881 3635 dicta
898 3569 1021 3636 solucio
1037 3571 1133 3654 primi
1149 3591 1205 3635 an-

76 3673 108 3737 ni
121 3673 219 3740 fieret
233 3675 268 3738 in
285 3672 366 3739 festo
383 3673 578 3742 Natiuitatis
595 3677 731 3743 Domini
748 3679 895 3760 proximo
912 3679 964 3744 vel
980 3685 1065 3760 ante,
1081 3679 1107 3744 si
1134 3679 1205 3743 fieri
1309 3735 1314 3749 .

77 3789 198 3864 posset,
216 3780 276 3847 sub
294 3783 399 3848 modis
417 3790 450 3847 et
467 3783 582 3849 formis
593 3786 755 3851 contentis
771 3785 804 3850 in
821 3787 964 3868 capitulo
976 3787 1061 3852 dicte
1072 3787 1206 3852 solucio-

74 3892 131 3958 nis
148 3890 278 3956 Idcirco
294 3893 442 3977 prefatus
460 3891 694 3960 Serenissimus
711 3894 861 3960 dominns
877 3894 949 3961 Rex
965 3918 1023 3980 pro
1040 3917 1073 3960 se
1089 3903 1122 3962 et
1131 3897 1205 3962 Ma·

72 3998 192 4082 jestate
208 4021 268 4064 sua
282 3998 390 4083 Regia
407 4007 439 4066 et
457 4002 697 4068 successoribus
719 4003 785 4070 suis
802 4008 837 4068 et
853 4010 967 4088 sponte
984 4024 1022 4068 ex
1039 4009 1130 4068 certa
1147 4003 1205 4068 sci·

75 4109 165 4173 encia
190 4108 253 4173 fuit
279 4108 454 4190 confessus,
481 4117 652 4176 contentus
678 4118 711 4176 et
736 4111 938 4193 manifestus,
963 4133 996 4178 se
1025 4119 1057 4176 et
1083 4111 1205 4176 dictam

75 4213 283 4300 Maiestatem
301 4240 392 4284 suam
418 4219 569 4284 habuisse
595 4227 628 4284 et
652 4221 821 4305 recepisse,
846 4227 879 4285 et
902 4219 1082 4305 Magnifico
1108 4219 1204 4283 militi

75 4320 202 4389 domino
219 4323 357 4390 Nicolao
373 4326 500 4392 Zambo
517 4326 728 4393 thesaurario
745 4334 777 4392 et
794 4327 910 4391 nuncio
924 4347 980 4392 suo
1000 4328 1087 4411 data,
1098 4326 1205 4394 soluta

75 4435 105 4494 et
119 4439 290 4498 numerata
306 4434 433 4519 integre
448 4435 547 4501 fuisse
564 4443 688 4518 septem
704 4435 809 4501 millia
825 4435 1019 4500 ducatorum
1035 4435 1111 4500 boni
1128 4435 1205 4500 auri

76 4545 107 4604 et
121 4539 155 4604 in
166 4561 255 4624 auro,
267 4547 300 4608 et
315 4541 412 4612 bonni
424 4548 456 4608 et
463 4543 546 4632 justi
557 4545 719 4634 ponderis,
737 4543 935 4616 anobilibus
952 4549 984 4608 et
1001 4542 1203 4636 sapientibus
