3134 5254
470 389 472 396 ,
573 333 665 394 1379.
1107 329 1171 394 233

1 542 2 545 ¹
60 511 131 574 lauro
146 512 214 594 ipsi,
231 511 335 596 quiin
352 495 501 594 partibus
517 509 616 575 ltalie
633 510 904 592 representabant
928 509 1091 576 denrinurn
1109 509 1171 575 ltc-

1 649 2 680 1
59 641 128 702 gem,
142 639 205 684 non
221 624 374 702 poterant
400 642 471 686 cum
497 619 613 684 minori
631 617 748 700 faeere,
765 640 863 702 quam
880 617 1056 684 reformare
1073 624 1106 683 et
1121 640 1170 684 re·

1 709 2 788 ι
59 728 161 793 ducere
185 729 274 811 ipsas
299 729 474 812 petitiones
501 727 547 792 sio
579 749 727 793 enormes
751 727 795 793 ad
821 749 873 792 res
898 726 1112 794 rationabiles
1137 733 1171 792 et

57 836 212 919 honestas3
236 842 270 902 et
295 857 359 902 non
385 835 624 916 dubitabamus,
650 835 738 920 qued
764 837 791 901 si
816 836 935 902 vellent
966 843 1077 902 tenere
1093 835 1167 902 illos

56 946 154 1012 nod0s
179 949 213 1012 et
237 947 317 1028 vias,
342 945 428 1028 quod
453 951 594 1029 possent,
620 943 832 1010 consideratis
857 944 937 1030 ipsis
956 943 1170 1029 petitionibus

1 1075 2 1122 ι
55 1053 279 1138 colligatorum,
294 1054 328 1118 in
345 1059 506 1138 quantum
531 1059 623 1118 erant
642 1053 801 1118 excessivo
818 1059 851 1120 et
866 1074 1021 1136 enormes
1036 1052 1098 1137 ipsi
1116 1073 1170 1119 ees

1 1157 2 1188 ³
56 1163 234 1229 reducerent
249 1162 293 1228 ad
310 1162 481 1228 volendum
497 1182 544 1241 ea,
560 1182 622 1244 que
633 1167 742 1226 essent
752 1161 965 1229 raticnadiba
976 1161 1172 1243 ethonesta3

54 1278 84 1336 ut
97 1270 275 1337 sciebamus
301 1269 389 1354 quod
414 1276 486 1336 erat
510 1276 543 1336 et
569 1290 694 1353 semper
719 1268 782 1335 fuit
808 1268 847 1334 de
873 1269 1052 1336 intentione
1068 1269 1170 1352 Regio

54 1379 239 1464 Majestatis.
254 1379 303 1445 Et
318 1379 448 1462 quando
465 1379 650 1444 Januenses
666 1377 728 1444 hoc
742 1377 866 1444 nollent
890 1378 1009 1462 facere,
1032 1400 1095 1445 non
1113 1377 1169 1444 du·

53 1488 189 1572 bitamus,
206 1488 294 1572 quod
310 1486 472 1553 Dominus
483 1486 606 1568 Padue,
623 1493 656 1552 et
668 1486 817 1554 dominus
834 1485 1029 1554 Patriareba
1045 1487 1105 1552 hoe
1122 1486 1168 1551 sa-

54 1603 159 1676 cerent,
184 1618 245 1663 nec
271 1597 429 1663 auderent
451 1595 520 1661 ullo
546 1595 643 1662 modo
668 1594 820 1662 recedere
836 1619 856 1662 a
872 1595 1040 1663 voluntate
1056 1595 1169 1678 Regia,

53 1703 216 1770 secundum
241 1705 330 1788 qued
356 1704 425 1788 ipse
449 1702 609 1770 Dominus
636 1702 751 1769 Padue
768 1725 892 1789 semper
908 1705 1000 1785 dixit,
1017 1711 1049 1770 et
1063 1703 1169 1790 pridie

54 1812 80 1876 in
109 1813 247 1898 collegio
281 1813 423 1880 omnium
454 1811 682 1896 colligatorum
723 1833 873 1896 expresse
914 1811 1043 1879 dixerat
1081 1813 1167 1879 tilius

52 1921 118 1987 dicti
148 1922 284 1988 Domini
300 1921 415 1988 Padus
431 1942 490 2005 pro
506 1926 601 2005 parte
621 1921 691 2006 ejus
708 1923 822 2006 patris.
839 1922 887 1988 Et
902 1922 1002 1987 etiam
1018 1923 1080 2006 ipsi
1097 1941 1162 1987 orn·

51 2049 98 2094 nes
120 2031 269 2097 Barones
294 2030 389 2097 nobis
415 2031 476 2096 hoc
501 2028 661 2112 dixerant,
686 2037 719 2096 et
736 2030 920 2114 specialiter·
945 2031 1094 2097 dominus
1109 2028 1168 2095 Ja-

50 2137 135 2204 cobus
153 2139 296 2223 Ispanus
321 2146 354 2204 et
379 2139 491 2205 Bauus
518 2137 725 2220 Benedictus,
750 2138 882 2222 quando
907 2160 968 2224 ego
993 2138 1166 2206 Johannes

52 2241 228 2314 Gradonioo
244 2247 317 2312 seni
334 2247 508 2327 Venetias;
531 2253 565 2312 ct
580 2246 669 2330 qued
685 2246 754 2330 ipse
771 2245 920 2313 dominus
938 2244 1086 2312 Karolus
1102 2269 1166 2312 nen

50 2356 136 2420 semel
152 2354 213 2422 scd
229 2355 350 2438 pluries
375 2375 432 2421 ore
458 2354 591 2439 proprio
617 2353 712 2420 nobis
738 2352 876 2436 dixerat,
902 2356 990 2439 quod
1006 2355 1167 2421 Dominus

50 2459 147 2530 Padue
160 2464 324 2530 modicam
346 2464 513 2548 justitiam
537 2463 683 2530 habebat
706 2470 823 2530 contra
838 2487 905 2530 nes.
931 2465 970 2530 ln
988 2487 1065 2531 casu
1080 2487 1166 2545 vere,

50 2573 124 2653 quod
140 2574 204 2659 ipsi
223 2573 373 2639 domiuus
398 2571 598 2639 Patriaroha
623 2579 656 2638 et
675 2572 836 2639 Dominus
853 2574 966 2640 Padus
983 2575 1108 2641 nollent
1124 2575 1165 2640 ael

49 2679 183 2761 predicta
199 2679 581 2762 condescenderemus
607 2679 790 2762 ridebatur,
808 2681 895 2767 quod
911 2682 1101 2748 veniendum
1118 2706 1165 2748 es·

50 2796 89 2854 set
103 2790 144 2855 ad
160 2790 237 2856 illas
254 2790 336 2855 duas
353 2787 585 2870 conclusiones,
602 2787 644 2854 ad
660 2811 742 2873 quas
758 2789 810 2856 die
826 2790 1013 2876 precedenti
1039 2791 1166 2856 ‹leveni-

49 2919 124 2978 mus3
147 2897 281 2978 scilicet,
308 2897 394 2982 quod
421 2897 481 2982 ipsi
514 2895 661 2963 Barones
693 2898 841 2964 riderent
871 2906 904 2964 et
933 2900 1164 2978 examinarent,

2 3091 3 3096 ἵ
48 3006 113 3088 quid
138 3006 185 3072 eis
207 3007 335 3092 justum
361 3012 394 3070 et
418 3005 611 3072 conveniens
629 3006 804 3088 videretur,
819 3005 898 3090 quid
915 3007 1022 3073 facem
1039 3007 1167 3074 debere·

7 3201 8 3212 ἵ
47 3135 108 3179 nus
123 3115 299 3197 uuicuique
326 3113 574 3200 colligatorum
599 3122 631 3181 et
646 3115 742 3182 nobis
758 3117 975 3201 exprimerent
989 3118 1165 3201 particula·

47 3224 117 3289 riter
131 3233 163 3291 et
181 3225 348 3291 distincte.
367 3222 439 3309 Qus
456 3225 586 3310 quidem
604 3227 631 3290 si
650 3233 758 3291 essent
770 3225 989 3307 rationabilia,
1005 3234 1040 3291 ut
1057 3248 1165 3310 spera·

47 3331 155 3416 bamus,
181 3340 434 3419 acceptarentur
459 3355 517 3418 per
542 3333 622 3418 Vos,
647 3356 717 3400 cum
744 3333 893 3419 dispositi
914 3357 1042 3401 eramus
1058 3334 1165 3400 facere

46 3461 114 3524 erga
137 3443 228 3528 ipsos
253 3442 425 3526 colligatos
441 3465 489 3526 ea,
505 3465 566 3527 que
598 3451 705 3510 essent
730 3445 940 3512 rationabilia
956 3453 990 3511 et
1006 3445 1165 3528 lronesta;

45 3550 151 3632 quibus
178 3552 391 3637 petitionibus
409 3553 456 3618 sio
471 3551 666 3618 modificatis
683 3574 742 3637 per
757 3555 844 3637 ipsos
861 3561 893 3619 et
908 3555 1087 3639 acceptatis
1106 3575 1164 3637 per

46 3679 103 3738 nos,
118 3661 180 3744 ipsi
198 3660 346 3726 Berones
363 3660 491 3725 nomine
516 3660 620 3744 Regio
642 3659 736 3726 nobis
762 3663 999 3746 promitterent,
1016 3662 1104 3745 quod
1121 3659 1164 3726 ad

46 3776 158 3834 eertum
175 3771 353 3835 terminum
379 3769 585 3835 statuendum
601 3791 660 3852 per
678 3791 741 3852 eos,
764 3771 912 3836 omnibus
939 3771 1040 3836 modis
1056 3777 1088 3835 et
1103 3770 1163 3854 rije

47 3877 153 3958 quibus
179 3885 323 3963 possent,
348 3875 540 3943 reducerent
563 3878 652 3961 ipsos
676 3877 847 3962 colligatos
865 3879 907 3944 ad
938 3879 1114 3962 petitiones
1131 3887 1164 3943 et

47 3987 295 4052 modificationes
310 3986 493 4069 predictas3
517 3992 550 4052 et
565 3986 598 4050 in
615 4006 692 4052 casu
709 4006 773 4070 quc
790 3986 833 4052 ad
849 3987 972 4054 dictum
991 3987 1163 4053 terminum

47 4093 243 4160 statuendum
269 4116 327 4179 per
353 4115 406 4160 cos
432 4093 493 4160 hoe
518 4094 625 4160 facere
643 4115 708 4159 non
724 4101 865 4179 possent,
882 4095 969 4180 quod
986 4093 1076 4160 nulla
1090 4117 1165 4178 pre·

47 4201 145 4268 missio
160 4201 213 4268 rel
229 4203 387 4286 obligatio
412 4224 468 4268 seu
484 4201 595 4286 aliqua
612 4201 780 4287 subjecti0,
797 4223 894 4285 quarn
911 4204 1099 4271 fecissemus
1116 4204 1162 4287 ip-

48 4305 84 4373 sis
99 4312 225 4376 nomine
241 4312 352 4394 Regis,
369 4311 401 4374 in
417 4310 527 4395 alique
544 4310 676 4392 valeret,
693 4311 756 4376 irnc
774 4312 894 4376 nullius
905 4319 989 4377 esset
999 4311 1163 4392 momenti,

48 4422 74 4478 rt
89 4418 131 4483 sio
148 4441 260 4487 omnes
277 4421 509 4505 promissiones
527 4442 606 4504 quas
623 4420 683 4505 ipsi
701 4418 794 4486 nobis
811 4421 940 4487 nomine
949 4422 1055 4506 Regio
1071 4419 1164 4486 fecis·

49 4532 120 4610 sent,
136 4537 244 4596 essent
260 4530 358 4598 etiam
376 4528 473 4610 nulle,
499 4549 595 4609 casse,
613 4535 646 4596 et
660 4528 784 4597 inanes.
804 4530 869 4595 Per
884 4530 980 4595 istum
997 4530 1081 4596 enirn
1097 4551 1163 4596 mo·
