<?xml version="1.0" encoding="UTF-8"?>
<!DOCTYPE html PUBLIC "-//W3C//DTD XHTML 1.0 Transitional//EN"
    "http://www.w3.org/TR/xhtml1/DTD/xhtml1-transitional.dtd">
<html xmlns="http://www.w3.org/1999/xhtml" xml:lang="en" lang="en">
 <head>
  <title>
</title>
<meta http-equiv="Content-Type" content="text/html;charset=utf-8" />
  <meta name='ocr-system' content='tesseract 3.04.00' />
  <meta name='ocr-capabilities' content='ocr_page ocr_carea ocr_par ocr_line ocrx_word'/>
</head>
<body>
  <div class='ocr_page' id='page_1' title='image "./magyardiplomacz00wenzgoog_0526.png"; bbox 0 0 3182 5252; ppageno 0'>
   <div class='ocr_carea' id='block_1_1' title="bbox 1321 8 1590 179">
    <p class='ocr_par' dir='ltr' id='par_1_1' title="bbox 1321 8 1590 179">
     <span class='ocr_line' id='line_1_1' title="bbox 1321 8 1590 179; baseline 0 0"><span class='ocrx_word' id='word_1_1' title='bbox 1321 8 1590 179; x_wconf 58' lang='lat'><strong>”¹¹¹</strong></span> 
     </span>
    </p>
   </div>
   <div class='ocr_carea' id='block_1_2' title="bbox 403 308 1169 370">
    <p class='ocr_par' dir='ltr' id='par_1_2' title="bbox 403 308 1169 370">
     <span class='ocr_line' id='line_1_2' title="bbox 403 308 1169 370; baseline 0 -2"><span class='ocrx_word' id='word_1_2' title='bbox 403 308 467 369; x_wconf 82' lang='lat'><strong>506</strong></span> <span class='ocrx_word' id='word_1_3' title='bbox 752 323 986 370; x_wconf 81' lang='lat' dir='ltr'><strong>nrrnormozmr</strong></span> <span class='ocrx_word' id='word_1_4' title='bbox 1002 311 1169 370; x_wconf 70' lang='lat' dir='ltr'><strong>nutum</strong></span> 
     </span>
    </p>
   </div>
   <div class='ocr_carea' id='block_1_3' title="bbox 927 615 1001 676">
    <p class='ocr_par' dir='ltr' id='par_1_3' title="bbox 927 615 1001 676">
     <span class='ocr_line' id='line_1_3' title="bbox 927 615 1001 676; baseline -0.014 -1"><span class='ocrx_word' id='word_1_5' title='bbox 927 615 1001 676; x_wconf 79' lang='lat'><strong>272.</strong></span> 
     </span>
    </p>
   </div>
   <div class='ocr_carea' id='block_1_4' title="bbox 401 773 1526 968">
    <p class='ocr_par' dir='ltr' id='par_1_4' title="bbox 401 773 1526 968">
     <span class='ocr_line' id='line_1_4' title="bbox 401 773 1526 861; baseline -0.003 -20"><span class='ocrx_word' id='word_1_6' title='bbox 401 773 599 841; x_wconf 78' lang='lat' dir='ltr'><strong>Avolenczer&#39;</strong></span> <span class='ocrx_word' id='word_1_7' title='bbox 614 775 825 860; x_wconf 75' lang='lat' dir='ltr'><strong>kdztdroosdp</strong></span> <span class='ocrx_word' id='word_1_8' title='bbox 838 775 1008 860; x_wconf 71' lang='lat' dir='ltr'><strong>elfopodja</strong></span> <span class='ocrx_word' id='word_1_9' title='bbox 1024 799 1046 839; x_wconf 87' lang='lat' dir='ltr'><strong><em>a</em></strong></span> <span class='ocrx_word' id='word_1_10' title='bbox 1065 797 1204 860; x_wconf 72' lang='lat' dir='ltr'><strong>mappae·</strong></span> <span class='ocrx_word' id='word_1_11' title='bbox 1230 775 1526 861; x_wconf 63' lang='lat' dir='ltr'><strong>kirdlyne&#39;noksut·</strong></span> 
     </span>
     <span class='ocr_line' id='line_1_5' title="bbox 678 881 1251 968; baseline 0 -25"><span class='ocrx_word' id='word_1_12' title='bbox 678 883 808 968; x_wconf 67' lang='lat' dir='ltr'><strong>oetetpet</strong></span> <span class='ocrx_word' id='word_1_13' title='bbox 823 881 941 968; x_wconf 76' lang='lat' dir='ltr'><strong>ojdnlo&#39;</strong></span> <span class='ocrx_word' id='word_1_14' title='bbox 956 883 1137 946; x_wconf 77' lang='lat' dir='ltr'><strong>kiodnatcit.</strong></span> <span class='ocrx_word' id='word_1_15' title='bbox 1155 885 1251 947; x_wconf 82' lang='lat'><strong><em>1383.</em></strong></span> 
     </span>
    </p>
   </div>
   <div class='ocr_carea' id='block_1_5' title="bbox 400 1039 1590 3074">
    <p class='ocr_par' dir='ltr' id='par_1_5' title="bbox 400 1039 1590 3074">
     <span class='ocr_line' id='line_1_6' title="bbox 508 1039 1526 1126; baseline 0 -20"><span class='ocrx_word' id='word_1_16' title='bbox 508 1040 607 1108; x_wconf 88' lang='lat' dir='ltr'><strong>Anno</strong></span> <span class='ocrx_word' id='word_1_17' title='bbox 624 1039 958 1108; x_wconf 83' lang='lat' dir='ltr'>MCCOLXXXIH.</span> <span class='ocrx_word' id='word_1_18' title='bbox 974 1041 1152 1108; x_wconf 81' lang='lat' dir='ltr'><strong>indictione</strong></span> <span class='ocrx_word' id='word_1_19' title='bbox 1167 1040 1228 1108; x_wconf 82' lang='lat' dir='ltr'><strong>VL</strong></span> <span class='ocrx_word' id='word_1_20' title='bbox 1242 1043 1295 1107; x_wconf 89' lang='lat' dir='ltr'><strong>die</strong></span> <span class='ocrx_word' id='word_1_21' title='bbox 1311 1047 1430 1126; x_wconf 73' lang='lat' dir='ltr'><strong>quarto</strong></span> <span class='ocrx_word' id='word_1_22' title='bbox 1440 1062 1526 1106; x_wconf 86' lang='lat' dir='ltr'><strong>men·</strong></span> 
     </span>
     <span class='ocr_line' id='line_1_7' title="bbox 401 1148 1526 1234; baseline -0.001 -19"><span class='ocrx_word' id='word_1_23' title='bbox 401 1153 444 1216; x_wconf 84' lang='lat' dir='ltr'><strong>sis</strong></span> <span class='ocrx_word' id='word_1_24' title='bbox 455 1149 547 1216; x_wconf 83' lang='lat' dir='ltr'><strong>Maii.</strong></span> <span class='ocrx_word' id='word_1_25' title='bbox 563 1149 704 1234; x_wconf 77' lang='lat' dir='ltr'><strong>Capta</strong></span> <span class='ocrx_word' id='word_1_26' title='bbox 720 1177 727 1214; x_wconf 74' lang='grc' dir='ltr'>ε</span> <span class='ocrx_word' id='word_1_27' title='bbox 745 1151 828 1217; x_wconf 84' lang='lat' dir='ltr'><strong>Cum</strong></span> <span class='ocrx_word' id='word_1_28' title='bbox 846 1148 1089 1216; x_wconf 82' lang='lat' dir='ltr'><strong>Ambaxetores</strong></span> <span class='ocrx_word' id='word_1_29' title='bbox 1106 1153 1218 1230; x_wconf 82' lang='lat' dir='ltr'><strong>nostri,</strong></span> <span class='ocrx_word' id='word_1_30' title='bbox 1235 1153 1290 1234; x_wconf 92' lang='lat' dir='ltr'><strong>qui</strong></span> <span class='ocrx_word' id='word_1_31' title='bbox 1307 1172 1411 1234; x_wconf 84' lang='lat' dir='ltr'><strong>nuper</strong></span> <span class='ocrx_word' id='word_1_32' title='bbox 1427 1149 1526 1214; x_wconf 86' lang='lat' dir='ltr'><strong>redie-</strong></span> 
     </span>
     <span class='ocr_line' id='line_1_8' title="bbox 401 1257 1524 1342; baseline -0.002 -18"><span class='ocrx_word' id='word_1_33' title='bbox 401 1265 478 1324; x_wconf 83' lang='lat' dir='ltr'><strong>runt</strong></span> <span class='ocrx_word' id='word_1_34' title='bbox 502 1260 542 1324; x_wconf 86' lang='lat' dir='ltr'><strong>de</strong></span> <span class='ocrx_word' id='word_1_35' title='bbox 566 1257 714 1342; x_wconf 85' lang='lat' dir='ltr'><strong>pertibus</strong></span> <span class='ocrx_word' id='word_1_36' title='bbox 739 1257 921 1339; x_wconf 85' lang='lat' dir='ltr'><strong>Hungarie,</strong></span> <span class='ocrx_word' id='word_1_37' title='bbox 948 1259 1036 1324; x_wconf 83' lang='lat' dir='ltr'><strong>inter</strong></span> <span class='ocrx_word' id='word_1_38' title='bbox 1061 1257 1128 1324; x_wconf 83' lang='lat' dir='ltr'><strong>elie</strong></span> <span class='ocrx_word' id='word_1_39' title='bbox 1153 1259 1296 1324; x_wconf 84' lang='lat' dir='ltr'><strong>dixerint</strong></span> <span class='ocrx_word' id='word_1_40' title='bbox 1321 1258 1423 1336; x_wconf 84' lang='lat' dir='ltr'><strong>nobis,</strong></span> <span class='ocrx_word' id='word_1_41' title='bbox 1440 1257 1524 1340; x_wconf 92' lang='lat' dir='ltr'><strong>qnod</strong></span> 
     </span>
     <span class='ocr_line' id='line_1_9' title="bbox 400 1364 1525 1450; baseline -0.001 -20"><span class='ocrx_word' id='word_1_42' title='bbox 400 1367 549 1433; x_wconf 89' lang='lat' dir='ltr'><strong>dominos</strong></span> <span class='ocrx_word' id='word_1_43' title='bbox 564 1367 744 1450; x_wconf 80' lang='lat' dir='ltr'><strong>Episcopus</strong></span> <span class='ocrx_word' id='word_1_44' title='bbox 761 1365 876 1450; x_wconf 84' lang='lat' dir='ltr'><strong>Segne,</strong></span> <span class='ocrx_word' id='word_1_45' title='bbox 893 1368 1039 1448; x_wconf 84' lang='lat' dir='ltr'><strong>Magnus</strong></span> <span class='ocrx_word' id='word_1_46' title='bbox 1055 1364 1181 1449; x_wconf 82' lang='lat' dir='ltr'><strong>Comes,</strong></span> <span class='ocrx_word' id='word_1_47' title='bbox 1198 1375 1230 1432; x_wconf 88' lang='lat' dir='ltr'><strong>et</strong></span> <span class='ocrx_word' id='word_1_48' title='bbox 1245 1365 1395 1434; x_wconf 81' lang='lat' dir='ltr'><strong>Voirods</strong></span> <span class='ocrx_word' id='word_1_49' title='bbox 1407 1366 1525 1432; x_wconf 78' lang='lat' dir='ltr'><strong>hebue-</strong></span> 
     </span>
     <span class='ocr_line' id='line_1_10' title="bbox 400 1473 1521 1560; baseline -0.003 -20"><span class='ocrx_word' id='word_1_50' title='bbox 400 1481 478 1540; x_wconf 83' lang='lat' dir='ltr'><strong>runt</strong></span> <span class='ocrx_word' id='word_1_51' title='bbox 501 1475 548 1539; x_wconf 89' lang='lat' dir='ltr'><strong>eis</strong></span> <span class='ocrx_word' id='word_1_52' title='bbox 572 1473 679 1539; x_wconf 85' lang='lat' dir='ltr'><strong>fecere</strong></span> <span class='ocrx_word' id='word_1_53' title='bbox 704 1477 899 1540; x_wconf 83' lang='lat' dir='ltr'><strong>mentionem</strong></span> <span class='ocrx_word' id='word_1_54' title='bbox 915 1474 955 1541; x_wconf 92' lang='lat' dir='ltr'><strong>de</strong></span> <span class='ocrx_word' id='word_1_55' title='bbox 971 1474 1048 1558; x_wconf 84' lang='lat' dir='ltr'><strong>lige,</strong></span> <span class='ocrx_word' id='word_1_56' title='bbox 1065 1495 1128 1558; x_wconf 91' lang='lat' dir='ltr'><strong>que</strong></span> <span class='ocrx_word' id='word_1_57' title='bbox 1144 1477 1281 1542; x_wconf 88' lang='lat' dir='ltr'><strong>multum</strong></span> <span class='ocrx_word' id='word_1_58' title='bbox 1307 1477 1452 1560; x_wconf 73' lang='lat' dir='ltr'><strong>placeret</strong></span> <span class='ocrx_word' id='word_1_59' title='bbox 1467 1474 1521 1553; x_wconf 72' lang='lat' dir='ltr'><strong>eis</strong></span> 
     </span>
     <span class='ocr_line' id='line_1_11' title="bbox 401 1583 1523 1668; baseline -0.001 -21"><span class='ocrx_word' id='word_1_60' title='bbox 401 1583 487 1648; x_wconf 88' lang='lat' dir='ltr'><strong>inter</strong></span> <span class='ocrx_word' id='word_1_61' title='bbox 512 1583 708 1667; x_wconf 84' lang='lat' dir='ltr'><strong>Reginelem</strong></span> <span class='ocrx_word' id='word_1_62' title='bbox 725 1584 936 1668; x_wconf 84' lang='lat' dir='ltr'><strong>Mejestetem</strong></span> <span class='ocrx_word' id='word_1_63' title='bbox 960 1583 1143 1666; x_wconf 83' lang='lat' dir='ltr'><strong>Hongerie,</strong></span> <span class='ocrx_word' id='word_1_64' title='bbox 1166 1591 1200 1650; x_wconf 84' lang='lat' dir='ltr'><strong>et</strong></span> <span class='ocrx_word' id='word_1_65' title='bbox 1223 1605 1281 1650; x_wconf 86' lang='lat' dir='ltr'><strong>nos</strong></span> <span class='ocrx_word' id='word_1_66' title='bbox 1296 1591 1331 1650; x_wconf 86' lang='lat' dir='ltr'><strong>et</strong></span> <span class='ocrx_word' id='word_1_67' title='bbox 1345 1584 1523 1650; x_wconf 85' lang='lat' dir='ltr'><strong>Commune</strong></span> 
     </span>
     <span class='ocr_line' id='line_1_12' title="bbox 403 1689 1521 1774; baseline 0 -18"><span class='ocrx_word' id='word_1_68' title='bbox 403 1697 558 1772; x_wconf 88' lang='lat' dir='ltr'><strong>nostrum,</strong></span> <span class='ocrx_word' id='word_1_69' title='bbox 584 1692 702 1774; x_wconf 88' lang='lat' dir='ltr'><strong>quibus</strong></span> <span class='ocrx_word' id='word_1_70' title='bbox 727 1691 864 1756; x_wconf 90' lang='lat' dir='ltr'><strong>dominis</strong></span> <span class='ocrx_word' id='word_1_71' title='bbox 892 1693 995 1757; x_wconf 92' lang='lat' dir='ltr'><strong>nostri</strong></span> <span class='ocrx_word' id='word_1_72' title='bbox 1015 1689 1270 1758; x_wconf 80' lang='lat' dir='ltr'><strong>Ambexietorcs</strong></span> <span class='ocrx_word' id='word_1_73' title='bbox 1285 1693 1432 1758; x_wconf 85' lang='lat' dir='ltr'><strong>fecerunt</strong></span> <span class='ocrx_word' id='word_1_74' title='bbox 1457 1713 1521 1756; x_wconf 75' lang='lat' dir='ltr'><strong>res·</strong></span> 
     </span>
     <span class='ocr_line' id='line_1_13' title="bbox 401 1799 1524 1885; baseline -0.001 -20"><span class='ocrx_word' id='word_1_75' title='bbox 401 1800 600 1885; x_wconf 87' lang='lat' dir='ltr'><strong>pensionem,</strong></span> <span class='ocrx_word' id='word_1_76' title='bbox 616 1799 703 1882; x_wconf 89' lang='lat' dir='ltr'><strong>qnod</strong></span> <span class='ocrx_word' id='word_1_77' title='bbox 723 1821 785 1865; x_wconf 92' lang='lat' dir='ltr'><strong>non</strong></span> <span class='ocrx_word' id='word_1_78' title='bbox 812 1799 979 1865; x_wconf 82' lang='lat' dir='ltr'><strong>hebebant</strong></span> <span class='ocrx_word' id='word_1_79' title='bbox 1005 1799 1195 1866; x_wconf 80' lang='lat' dir='ltr'><strong>mandatnm</strong></span> <span class='ocrx_word' id='word_1_80' title='bbox 1221 1821 1278 1870; x_wconf 86' lang='lat' dir='ltr'><strong>nec</strong></span> <span class='ocrx_word' id='word_1_81' title='bbox 1303 1799 1524 1866; x_wconf 76' lang='lat' dir='ltr'><strong>libertateme</strong></span> 
     </span>
     <span class='ocr_line' id='line_1_14' title="bbox 403 1906 1523 1992; baseline -0.001 -19"><span class='ocrx_word' id='word_1_82' title='bbox 403 1908 494 1974; x_wconf 86' lang='lat' dir='ltr'><strong>nobis</strong></span> <span class='ocrx_word' id='word_1_83' title='bbox 534 1930 632 1992; x_wconf 90' lang='lat' dir='ltr'><strong>super</strong></span> <span class='ocrx_word' id='word_1_84' title='bbox 672 1908 760 1973; x_wconf 93' lang='lat' dir='ltr'><strong>dicto</strong></span> <span class='ocrx_word' id='word_1_85' title='bbox 790 1907 887 1990; x_wconf 86' lang='lat' dir='ltr'><strong>fecto,</strong></span> <span class='ocrx_word' id='word_1_86' title='bbox 920 1906 977 1974; x_wconf 90' lang='lat' dir='ltr'><strong>sed</strong></span> <span class='ocrx_word' id='word_1_87' title='bbox 1009 1908 1095 1992; x_wconf 92' lang='lat' dir='ltr'><strong>quod</strong></span> <span class='ocrx_word' id='word_1_88' title='bbox 1129 1908 1211 1974; x_wconf 86' lang='lat' dir='ltr'><strong>bene</strong></span> <span class='ocrx_word' id='word_1_89' title='bbox 1242 1910 1336 1976; x_wconf 89' lang='lat' dir='ltr'><strong>nobis</strong></span> <span class='ocrx_word' id='word_1_90' title='bbox 1367 1908 1523 1974; x_wconf 81' lang='lat' dir='ltr'><strong>referrent</strong></span> 
     </span>
     <span class='ocr_line' id='line_1_15' title="bbox 402 2015 1525 2101; baseline 0 -21"><span class='ocrx_word' id='word_1_91' title='bbox 402 2016 500 2082; x_wconf 85' lang='lat' dir='ltr'><strong>verbe</strong></span> <span class='ocrx_word' id='word_1_92' title='bbox 526 2017 692 2101; x_wconf 80' lang='lat' dir='ltr'><strong>predictn3</strong></span> <span class='ocrx_word' id='word_1_93' title='bbox 710 2023 742 2082; x_wconf 91' lang='lat' dir='ltr'><strong>et</strong></span> <span class='ocrx_word' id='word_1_94' title='bbox 757 2037 818 2100; x_wconf 91' lang='lat' dir='ltr'><strong>pro</strong></span> <span class='ocrx_word' id='word_1_95' title='bbox 834 2015 958 2081; x_wconf 91' lang='lat' dir='ltr'><strong>honore</strong></span> <span class='ocrx_word' id='word_1_96' title='bbox 975 2022 1007 2081; x_wconf 91' lang='lat' dir='ltr'><strong>et</strong></span> <span class='ocrx_word' id='word_1_97' title='bbox 1023 2023 1110 2081; x_wconf 84' lang='lat' dir='ltr'><strong>stetu</strong></span> <span class='ocrx_word' id='word_1_98' title='bbox 1126 2017 1231 2082; x_wconf 86' lang='lat' dir='ltr'><strong>nostri</strong></span> <span class='ocrx_word' id='word_1_99' title='bbox 1255 2016 1399 2086; x_wconf 90' lang='lat' dir='ltr'><strong>Dominii</strong></span> <span class='ocrx_word' id='word_1_100' title='bbox 1426 2016 1525 2081; x_wconf 79' lang='lat' dir='ltr'><strong>saciat</strong></span> 
     </span>
     <span class='ocr_line' id='line_1_16' title="bbox 401 2123 1524 2208; baseline -0.001 -20"><span class='ocrx_word' id='word_1_101' title='bbox 401 2147 463 2189; x_wconf 89' lang='lat' dir='ltr'><strong>non</strong></span> <span class='ocrx_word' id='word_1_102' title='bbox 475 2123 640 2207; x_wconf 86' lang='lat' dir='ltr'><strong>despicere</strong></span> <span class='ocrx_word' id='word_1_103' title='bbox 657 2123 720 2190; x_wconf 86' lang='lat' dir='ltr'><strong>iste</strong></span> <span class='ocrx_word' id='word_1_104' title='bbox 737 2123 856 2189; x_wconf 84' lang='lat' dir='ltr'><strong>verbe:</strong></span> <span class='ocrx_word' id='word_1_105' title='bbox 880 2123 969 2190; x_wconf 77' lang='lat' dir='ltr'><strong>radit</strong></span> <span class='ocrx_word' id='word_1_106' title='bbox 978 2145 1065 2208; x_wconf 87' lang='lat' dir='ltr'><strong>pers,</strong></span> <span class='ocrx_word' id='word_1_107' title='bbox 1076 2126 1163 2208; x_wconf 91' lang='lat' dir='ltr'><strong>quod</strong></span> <span class='ocrx_word' id='word_1_108' title='bbox 1173 2128 1397 2194; x_wconf 87' lang='lat' dir='ltr'><strong>committetur</strong></span> <span class='ocrx_word' id='word_1_109' title='bbox 1407 2125 1524 2190; x_wconf 82' lang='lat' dir='ltr'><strong>nostris</strong></span> 
     </span>
     <span class='ocr_line' id='line_1_17' title="bbox 401 2231 1525 2318; baseline -0.002 -20"><span class='ocrx_word' id='word_1_110' title='bbox 401 2231 701 2313; x_wconf 85' lang='lat' dir='ltr'><strong>Ambexintnribns,</strong></span> <span class='ocrx_word' id='word_1_111' title='bbox 719 2232 807 2315; x_wconf 89' lang='lat' dir='ltr'><strong>qood</strong></span> <span class='ocrx_word' id='word_1_112' title='bbox 823 2231 963 2298; x_wconf 83' lang='lat' dir='ltr'><strong>debeant</strong></span> <span class='ocrx_word' id='word_1_113' title='bbox 979 2231 1083 2299; x_wconf 91' lang='lat' dir='ltr'><strong>solum</strong></span> <span class='ocrx_word' id='word_1_114' title='bbox 1104 2256 1143 2298; x_wconf 82' lang='lat' dir='ltr'><strong>ex</strong></span> <span class='ocrx_word' id='word_1_115' title='bbox 1159 2241 1253 2318; x_wconf 81' lang='lat' dir='ltr'><strong>perte</strong></span> <span class='ocrx_word' id='word_1_116' title='bbox 1279 2255 1346 2315; x_wconf 84' lang='lat' dir='ltr'><strong>sne,</strong></span> <span class='ocrx_word' id='word_1_117' title='bbox 1372 2240 1404 2298; x_wconf 84' lang='lat' dir='ltr'><strong>et</strong></span> <span class='ocrx_word' id='word_1_118' title='bbox 1420 2253 1525 2298; x_wconf 91' lang='lat' dir='ltr'><strong>mons·</strong></span> 
     </span>
     <span class='ocr_line' id='line_1_18' title="bbox 402 2338 1590 2427; baseline 0.001 -22"><span class='ocrx_word' id='word_1_119' title='bbox 402 2341 530 2422; x_wconf 88' lang='lat' dir='ltr'><strong>trendo,</strong></span> <span class='ocrx_word' id='word_1_120' title='bbox 546 2338 632 2423; x_wconf 92' lang='lat' dir='ltr'><strong>qnod</strong></span> <span class='ocrx_word' id='word_1_121' title='bbox 649 2339 794 2405; x_wconf 83' lang='lat' dir='ltr'><strong>scribent</strong></span> <span class='ocrx_word' id='word_1_122' title='bbox 809 2363 829 2406; x_wconf 86' lang='lat' dir='ltr'><strong>n</strong></span> <span class='ocrx_word' id='word_1_123' title='bbox 845 2362 878 2406; x_wconf 89' lang='lat' dir='ltr'><strong>se</strong></span> <span class='ocrx_word' id='word_1_124' title='bbox 894 2343 982 2425; x_wconf 86' lang='lat' dir='ltr'><strong>ipsis,</strong></span> <span class='ocrx_word' id='word_1_125' title='bbox 998 2345 1192 2426; x_wconf 83' lang='lat' dir='ltr'><strong>respondere</strong></span> <span class='ocrx_word' id='word_1_126' title='bbox 1217 2341 1372 2427; x_wconf 78' lang='lat' dir='ltr'><strong>predictis</strong></span> <span class='ocrx_word' id='word_1_127' title='bbox 1397 2341 1524 2407; x_wconf 91' lang='lat' dir='ltr'><strong>domino</strong></span> <span class='ocrx_word' id='word_1_128' title='bbox 1589 2371 1590 2376; x_wconf 43' lang='lat'>¹</span> 
     </span>
     <span class='ocr_line' id='line_1_19' title="bbox 401 2447 1590 2533; baseline 0 -19"><span class='ocrx_word' id='word_1_129' title='bbox 401 2448 564 2532; x_wconf 80' lang='lat' dir='ltr'><strong>Episcopo</strong></span> <span class='ocrx_word' id='word_1_130' title='bbox 582 2447 710 2532; x_wconf 84' lang='lat' dir='ltr'><strong>Segnie,</strong></span> <span class='ocrx_word' id='word_1_131' title='bbox 725 2447 851 2532; x_wconf 80' lang='lat' dir='ltr'><strong>Magno</strong></span> <span class='ocrx_word' id='word_1_132' title='bbox 871 2447 991 2515; x_wconf 81' lang='lat' dir='ltr'><strong>Comiti</strong></span> <span class='ocrx_word' id='word_1_133' title='bbox 1006 2457 1039 2515; x_wconf 89' lang='lat' dir='ltr'><strong>et</strong></span> <span class='ocrx_word' id='word_1_134' title='bbox 1056 2450 1210 2531; x_wconf 86' lang='lat' dir='ltr'><strong>Voivode,</strong></span> <span class='ocrx_word' id='word_1_135' title='bbox 1237 2451 1326 2533; x_wconf 89' lang='lat' dir='ltr'><strong>qnod</strong></span> <span class='ocrx_word' id='word_1_136' title='bbox 1352 2449 1524 2533; x_wconf 82' lang='lat' dir='ltr'><strong>applicetis</strong></span> <span class='ocrx_word' id='word_1_137' title='bbox 1589 2475 1590 2478; x_wconf 42' lang='lat'>¹</span> 
     </span>
     <span class='ocr_line' id='line_1_20' title="bbox 401 2543 1523 2642; baseline 0.001 -21"><span class='ocrx_word' id='word_1_138' title='bbox 401 2557 481 2640; x_wconf 87' lang='lat' dir='ltr'><strong>ipsis</strong></span> <span class='ocrx_word' id='word_1_139' title='bbox 498 2559 529 2622; x_wconf 93' lang='lat' dir='ltr'><strong>in</strong></span> <span class='ocrx_word' id='word_1_140' title='bbox 546 2554 715 2638; x_wconf 82' lang='lat' dir='ltr'><strong>Venecies,</strong></span> <span class='ocrx_word' id='word_1_141' title='bbox 730 2556 860 2621; x_wconf 83' lang='lat' dir='ltr'><strong>fuerunt</strong></span> <span class='ocrx_word' id='word_1_142' title='bbox 884 2557 927 2622; x_wconf 86' lang='lat' dir='ltr'><strong>ed</strong></span> <span class='ocrx_word' id='word_1_143' title='bbox 953 2543 1159 2642; x_wconf 79' lang='lat' dir='ltr'><strong>conspectum</strong></span> <span class='ocrx_word' id='word_1_144' title='bbox 1184 2559 1288 2624; x_wconf 87' lang='lat' dir='ltr'><strong>nostri</strong></span> <span class='ocrx_word' id='word_1_145' title='bbox 1312 2557 1469 2638; x_wconf 90' lang='lat' dir='ltr'><strong>Dominii,</strong></span> <span class='ocrx_word' id='word_1_146' title='bbox 1495 2563 1523 2622; x_wconf 88' lang='lat' dir='ltr'><strong>et</strong></span> 
     </span>
     <span class='ocr_line' id='line_1_21' title="bbox 401 2663 1523 2752; baseline 0 -21"><span class='ocrx_word' id='word_1_147' title='bbox 401 2671 620 2750; x_wconf 86' lang='lat' dir='ltr'><strong>exposuerunt</strong></span> <span class='ocrx_word' id='word_1_148' title='bbox 634 2663 728 2729; x_wconf 88' lang='lat' dir='ltr'><strong>nobis</strong></span> <span class='ocrx_word' id='word_1_149' title='bbox 744 2665 845 2730; x_wconf 82' lang='lat' dir='ltr'><strong>verbo</strong></span> <span class='ocrx_word' id='word_1_150' title='bbox 861 2665 1008 2749; x_wconf 85' lang='lat' dir='ltr'><strong>predicte</strong></span> <span class='ocrx_word' id='word_1_151' title='bbox 1025 2666 1070 2733; x_wconf 85' lang='lat' dir='ltr'><strong>eie</strong></span> <span class='ocrx_word' id='word_1_152' title='bbox 1089 2667 1180 2733; x_wconf 84' lang='lat' dir='ltr'><strong>dicte</strong></span> <span class='ocrx_word' id='word_1_153' title='bbox 1204 2691 1264 2752; x_wconf 91' lang='lat' dir='ltr'><strong>per</strong></span> <span class='ocrx_word' id='word_1_154' title='bbox 1289 2688 1353 2749; x_wconf 85' lang='lat' dir='ltr'><strong>eos,</strong></span> <span class='ocrx_word' id='word_1_155' title='bbox 1378 2673 1412 2732; x_wconf 84' lang='lat' dir='ltr'><strong>et</strong></span> <span class='ocrx_word' id='word_1_156' title='bbox 1439 2663 1523 2749; x_wconf 87' lang='lat' dir='ltr'><strong>qnod</strong></span> 
     </span>
     <span class='ocr_line' id='line_1_22' title="bbox 401 2771 1523 2860; baseline -0.002 -20"><span class='ocrx_word' id='word_1_157' title='bbox 401 2773 589 2840; x_wconf 85' lang='lat' dir='ltr'><strong>Dominetio</strong></span> <span class='ocrx_word' id='word_1_158' title='bbox 605 2779 719 2837; x_wconf 83' lang='lat' dir='ltr'><strong>nostre</strong></span> <span class='ocrx_word' id='word_1_159' title='bbox 733 2794 772 2838; x_wconf 87' lang='lat' dir='ltr'><strong>ee</strong></span> <span class='ocrx_word' id='word_1_160' title='bbox 797 2771 923 2837; x_wconf 81' lang='lat' dir='ltr'><strong>audivit</strong></span> <span class='ocrx_word' id='word_1_161' title='bbox 947 2773 1144 2857; x_wconf 80' lang='lat' dir='ltr'><strong>placibiliter</strong></span> <span class='ocrx_word' id='word_1_162' title='bbox 1160 2782 1193 2841; x_wconf 89' lang='lat' dir='ltr'><strong>et</strong></span> <span class='ocrx_word' id='word_1_163' title='bbox 1206 2776 1354 2860; x_wconf 87' lang='lat' dir='ltr'><strong>benigne,</strong></span> <span class='ocrx_word' id='word_1_164' title='bbox 1378 2780 1413 2838; x_wconf 82' lang='lat' dir='ltr'><strong>et</strong></span> <span class='ocrx_word' id='word_1_165' title='bbox 1439 2771 1523 2858; x_wconf 92' lang='lat' dir='ltr'><strong>qnod</strong></span> 
     </span>
     <span class='ocr_line' id='line_1_23' title="bbox 402 2880 1523 2966; baseline 0 -22"><span class='ocrx_word' id='word_1_166' title='bbox 402 2902 459 2964; x_wconf 91' lang='lat' dir='ltr'><strong>per</strong></span> <span class='ocrx_word' id='word_1_167' title='bbox 476 2901 525 2962; x_wconf 88' lang='lat' dir='ltr'><strong>ee,</strong></span> <span class='ocrx_word' id='word_1_168' title='bbox 542 2902 605 2963; x_wconf 91' lang='lat' dir='ltr'><strong>qne</strong></span> <span class='ocrx_word' id='word_1_169' title='bbox 631 2887 768 2963; x_wconf 86' lang='lat' dir='ltr'><strong>possunt</strong></span> <span class='ocrx_word' id='word_1_170' title='bbox 800 2880 1041 2965; x_wconf 88' lang='lat' dir='ltr'><strong>comprendere,</strong></span> <span class='ocrx_word' id='word_1_171' title='bbox 1065 2891 1176 2965; x_wconf 86' lang='lat' dir='ltr'><strong>posset</strong></span> <span class='ocrx_word' id='word_1_172' title='bbox 1200 2884 1302 2949; x_wconf 82' lang='lat' dir='ltr'><strong>teneri</strong></span> <span class='ocrx_word' id='word_1_173' title='bbox 1327 2881 1452 2962; x_wconf 86' lang='lat' dir='ltr'><strong>modus,</strong></span> <span class='ocrx_word' id='word_1_174' title='bbox 1471 2881 1523 2966; x_wconf 92' lang='lat' dir='ltr'><strong>qni</strong></span> 
     </span>
     <span class='ocr_line' id='line_1_24' title="bbox 401 2986 1172 3074; baseline 0.004 -21"><span class='ocrx_word' id='word_1_175' title='bbox 401 2995 487 3054; x_wconf 86' lang='lat' dir='ltr'><strong>esset</strong></span> <span class='ocrx_word' id='word_1_176' title='bbox 503 3009 601 3054; x_wconf 81' lang='lat' dir='ltr'><strong>canen</strong></span> <span class='ocrx_word' id='word_1_177' title='bbox 617 2986 699 3054; x_wconf 90' lang='lat' dir='ltr'><strong>bone</strong></span> <span class='ocrx_word' id='word_1_178' title='bbox 716 2987 934 3054; x_wconf 79' lang='lat' dir='ltr'><strong>fraternitatis</strong></span> <span class='ocrx_word' id='word_1_179' title='bbox 950 2991 1035 3054; x_wconf 89' lang='lat' dir='ltr'><strong>inter</strong></span> <span class='ocrx_word' id='word_1_180' title='bbox 1050 2996 1172 3074; x_wconf 84' lang='lat' dir='ltr'><strong>portes.</strong></span> 
     </span>
    </p>
   </div>
   <div class='ocr_carea' id='block_1_6' title="bbox 473 3133 1452 3199">
    <p class='ocr_par' dir='ltr' id='par_1_6' title="bbox 473 3133 1452 3199">
     <span class='ocr_line' id='line_1_25' title="bbox 473 3133 1452 3199; baseline -0.002 -13"><span class='ocrx_word' id='word_1_181' title='bbox 473 3133 509 3198; x_wconf 79' lang='lat' dir='ltr'><strong>(A</strong></span> <span class='ocrx_word' id='word_1_182' title='bbox 524 3133 632 3183; x_wconf 70' lang='lat' dir='ltr'><strong>›Missi‹</strong></span> <span class='ocrx_word' id='word_1_183' title='bbox 646 3134 736 3182; x_wconf 82' lang='lat' dir='ltr'><strong>czimtt</strong></span> <span class='ocrx_word' id='word_1_184' title='bbox 748 3133 887 3185; x_wconf 84' lang='lat' dir='ltr'><strong>velenozei</strong></span> <span class='ocrx_word' id='word_1_185' title='bbox 898 3135 1128 3199; x_wconf 74' lang='lat' dir='ltr'><strong>dilemkdnyvbdl</strong></span> <span class='ocrx_word' id='word_1_186' title='bbox 1138 3136 1294 3186; x_wconf 83' lang='lat' dir='ltr'>XXXVIII.</span> <span class='ocrx_word' id='word_1_187' title='bbox 1308 3137 1365 3190; x_wconf 76' lang='lat' dir='ltr'><strong>lrdt.</strong></span> <span class='ocrx_word' id='word_1_188' title='bbox 1375 3139 1419 3185; x_wconf 85' lang='lat'><strong>45.</strong></span> <span class='ocrx_word' id='word_1_189' title='bbox 1435 3135 1452 3185; x_wconf 89' lang='lat'><strong>1.</strong></span> 
     </span>
    </p>
   </div>
   <div class='ocr_carea' id='block_1_7' title="bbox 884 3295 1042 3303">
    <p class='ocr_par' dir='ltr' id='par_1_7' title="bbox 884 3295 1042 3303">
     <span class='ocr_line' id='line_1_26' title="bbox 884 3295 1042 3303; baseline 0 -1"><span class='ocrx_word' id='word_1_190' title='bbox 884 3295 1042 3303; x_wconf 70' lang='grc'><em>...----</em></span> 
     </span>
    </p>
   </div>
   <div class='ocr_carea' id='block_1_8' title="bbox 401 3583 1522 3887">
    <p class='ocr_par' dir='ltr' id='par_1_8' title="bbox 401 3583 1522 3887">
     <span class='ocr_line' id='line_1_27' title="bbox 401 3583 1522 3672; baseline -0.004 -24"><span class='ocrx_word' id='word_1_191' title='bbox 401 3583 432 3648; x_wconf 88' lang='grc' dir='ltr'><strong><em>Α</em></strong></span> <span class='ocrx_word' id='word_1_192' title='bbox 449 3585 599 3650; x_wconf 80' lang='lat' dir='ltr'><strong>velenczec&#39;</strong></span> <span class='ocrx_word' id='word_1_193' title='bbox 615 3587 691 3672; x_wconf 73' lang='lat' dir='ltr'><strong>depe</strong></span> <span class='ocrx_word' id='word_1_194' title='bbox 707 3587 739 3649; x_wconf 73' lang='lat' dir='ltr'><strong>ie</strong></span> <span class='ocrx_word' id='word_1_195' title='bbox 756 3587 871 3650; x_wconf 77' lang='lat' dir='ltr'><strong>annale</strong></span> <span class='ocrx_word' id='word_1_196' title='bbox 887 3589 1023 3650; x_wconf 82' lang='lat' dir='ltr'><strong>tandcea</strong></span> <span class='ocrx_word' id='word_1_197' title='bbox 1039 3588 1156 3652; x_wconf 79' lang='lat' dir='ltr'><strong>Mdric</strong></span> <span class='ocrx_word' id='word_1_198' title='bbox 1172 3587 1205 3650; x_wconf 80' lang='lat' dir='ltr'><strong>e&#39;o</strong></span> <span class='ocrx_word' id='word_1_199' title='bbox 1220 3585 1368 3650; x_wconf 72' lang='lat' dir='ltr'><strong>Ernodbet</strong></span> <span class='ocrx_word' id='word_1_200' title='bbox 1384 3605 1522 3671; x_wconf 72' lang='lat' dir='ltr'><strong>mopyor</strong></span> 
     </span>
     <span class='ocr_line' id='line_1_28' title="bbox 401 3689 1522 3779; baseline -0.002 -25"><span class='ocrx_word' id='word_1_201' title='bbox 401 3693 577 3779; x_wconf 79' lang='lat' dir='ltr'><strong>kirolyoe&#39;k</strong></span> <span class='ocrx_word' id='word_1_202' title='bbox 602 3695 769 3758; x_wconf 77' lang='lat' dir='ltr'><strong>kdoete&#39;oele</strong></span> <span class='ocrx_word' id='word_1_203' title='bbox 786 3693 995 3777; x_wconf 82' lang='lat' dir='ltr'><strong>jelenle&#39;te‘hen</strong></span> <span class='ocrx_word' id='word_1_204' title='bbox 1021 3717 1043 3756; x_wconf 85' lang='lat' dir='ltr'><strong>c</strong></span> <span class='ocrx_word' id='word_1_205' title='bbox 1068 3694 1175 3756; x_wconf 80' lang='lat' dir='ltr'><strong>turini</strong></span> <span class='ocrx_word' id='word_1_206' title='bbox 1205 3694 1376 3778; x_wconf 75' lang='lat' dir='ltr'><strong>de&#39;keeoe&#39;pet</strong></span> <span class='ocrx_word' id='word_1_207' title='bbox 1400 3689 1522 3756; x_wconf 75' lang='lat' dir='ltr'><strong>eekiicei</strong></span> 
     </span>
     <span class='ocr_line' id='line_1_29' title="bbox 800 3801 1139 3887; baseline 0.006 -23"><span class='ocrx_word' id='word_1_208' title='bbox 800 3801 933 3866; x_wconf 80' lang='lat' dir='ltr'><strong>erdeitik</strong></span> <span class='ocrx_word' id='word_1_209' title='bbox 948 3825 1024 3887; x_wconf 77' lang='lat' dir='ltr'><strong>orep.</strong></span> <span class='ocrx_word' id='word_1_210' title='bbox 1046 3803 1139 3866; x_wconf 79' lang='lat'><strong><em>1383.</em></strong></span> 
     </span>
    </p>
   </div>
   <div class='ocr_carea' id='block_1_9' title="bbox 401 3957 1582 4590">
    <p class='ocr_par' dir='ltr' id='par_1_9' title="bbox 401 3957 1582 4590">
     <span class='ocr_line' id='line_1_30' title="bbox 508 3957 1520 4046; baseline -0.005 -19"><span class='ocrx_word' id='word_1_211' title='bbox 508 3963 548 4027; x_wconf 90' lang='lat' dir='ltr'><strong>In</strong></span> <span class='ocrx_word' id='word_1_212' title='bbox 565 3961 687 4029; x_wconf 83' lang='lat' dir='ltr'><strong>Christi</strong></span> <span class='ocrx_word' id='word_1_213' title='bbox 704 3962 831 4026; x_wconf 90' lang='lat' dir='ltr'><strong>nomine</strong></span> <span class='ocrx_word' id='word_1_214' title='bbox 849 3962 965 4026; x_wconf 82' lang='lat' dir='ltr'><strong>Amen.</strong></span> <span class='ocrx_word' id='word_1_215' title='bbox 977 3958 1073 4027; x_wconf 86' lang='lat' dir='ltr'><strong>Anno</strong></span> <span class='ocrx_word' id='word_1_216' title='bbox 1084 3959 1279 4026; x_wconf 81' lang='lat' dir='ltr'><strong>Notivitetis</strong></span> <span class='ocrx_word' id='word_1_217' title='bbox 1294 3959 1440 4046; x_wconf 85' lang='lat' dir='ltr'><strong>ejusdem</strong></span> <span class='ocrx_word' id='word_1_218' title='bbox 1455 3957 1520 4023; x_wconf 90' lang='lat' dir='ltr'><strong>mil·</strong></span> 
     </span>
     <span class='ocr_line' id='line_1_31' title="bbox 401 4065 1519 4154; baseline -0.008 -16"><span class='ocrx_word' id='word_1_219' title='bbox 401 4072 514 4138; x_wconf 87' lang='lat' dir='ltr'><strong>lesimo</strong></span> <span class='ocrx_word' id='word_1_220' title='bbox 530 4072 755 4136; x_wconf 84' lang='lat' dir='ltr'><strong>tercentesimo</strong></span> <span class='ocrx_word' id='word_1_221' title='bbox 774 4072 995 4154; x_wconf 80' lang='lat' dir='ltr'><strong>octuagesimo</strong></span> <span class='ocrx_word' id='word_1_222' title='bbox 1020 4070 1122 4134; x_wconf 84' lang='lat' dir='ltr'><strong>tercio</strong></span> <span class='ocrx_word' id='word_1_223' title='bbox 1148 4069 1329 4135; x_wconf 90' lang='lat' dir='ltr'><strong>indiccione</strong></span> <span class='ocrx_word' id='word_1_224' title='bbox 1354 4075 1456 4147; x_wconf 82' lang='lat' dir='ltr'><strong>sexta,</strong></span> <span class='ocrx_word' id='word_1_225' title='bbox 1472 4065 1519 4130; x_wconf 84' lang='lat' dir='ltr'><strong>dic</strong></span> 
     </span>
     <span class='ocr_line' id='line_1_32' title="bbox 403 4177 1520 4263; baseline -0.004 -19"><span class='ocrx_word' id='word_1_226' title='bbox 403 4182 520 4263; x_wconf 83' lang='lat' dir='ltr'><strong>quinto</strong></span> <span class='ocrx_word' id='word_1_227' title='bbox 532 4179 658 4245; x_wconf 83' lang='lat' dir='ltr'><strong>decime</strong></span> <span class='ocrx_word' id='word_1_228' title='bbox 673 4180 792 4245; x_wconf 86' lang='lat' dir='ltr'><strong>mensis</strong></span> <span class='ocrx_word' id='word_1_229' title='bbox 809 4180 901 4262; x_wconf 82' lang='lat' dir='ltr'><strong>Mnji.</strong></span> <span class='ocrx_word' id='word_1_230' title='bbox 919 4177 1001 4244; x_wconf 84' lang='lat' dir='ltr'><strong>Cum</strong></span> <span class='ocrx_word' id='word_1_231' title='bbox 1020 4179 1053 4242; x_wconf 90' lang='lat' dir='ltr'><strong>in</strong></span> <span class='ocrx_word' id='word_1_232' title='bbox 1070 4179 1287 4243; x_wconf 86' lang='lat' dir='ltr'><strong>instrumento</strong></span> <span class='ocrx_word' id='word_1_233' title='bbox 1302 4179 1400 4260; x_wconf 79' lang='lat' dir='ltr'><strong>pecie,</strong></span> <span class='ocrx_word' id='word_1_234' title='bbox 1415 4183 1520 4260; x_wconf 78' lang='lat' dir='ltr'><strong>pecto</strong></span> 
     </span>
     <span class='ocr_line' id='line_1_33' title="bbox 402 4282 1517 4369; baseline -0.007 -17"><span class='ocrx_word' id='word_1_235' title='bbox 402 4309 472 4353; x_wconf 92' lang='lat' dir='ltr'><strong>rum</strong></span> <span class='ocrx_word' id='word_1_236' title='bbox 484 4295 517 4353; x_wconf 89' lang='lat' dir='ltr'><strong>et</strong></span> <span class='ocrx_word' id='word_1_237' title='bbox 532 4289 780 4354; x_wconf 80' lang='lat' dir='ltr'><strong>convencionum</strong></span> <span class='ocrx_word' id='word_1_238' title='bbox 798 4286 957 4352; x_wconf 80' lang='lat' dir='ltr'><strong>factorum</strong></span> <span class='ocrx_word' id='word_1_239' title='bbox 976 4293 1007 4351; x_wconf 88' lang='lat' dir='ltr'><strong>et</strong></span> <span class='ocrx_word' id='word_1_240' title='bbox 1023 4285 1223 4350; x_wconf 85' lang='lat' dir='ltr'><strong>firmatorum</strong></span> <span class='ocrx_word' id='word_1_241' title='bbox 1241 4307 1299 4369; x_wconf 92' lang='lat' dir='ltr'><strong>per</strong></span> <span class='ocrx_word' id='word_1_242' title='bbox 1314 4282 1517 4351; x_wconf 83' lang='lat' dir='ltr'><strong>Reverendos</strong></span> 
     </span>
     <span class='ocr_line' id='line_1_34' title="bbox 401 4391 1517 4478; baseline -0.004 -21"><span class='ocrx_word' id='word_1_243' title='bbox 401 4395 434 4458; x_wconf 88' lang='lat' dir='ltr'><strong>in</strong></span> <span class='ocrx_word' id='word_1_244' title='bbox 446 4395 577 4462; x_wconf 78' lang='lat' dir='ltr'><strong>Christo</strong></span> <span class='ocrx_word' id='word_1_245' title='bbox 590 4394 705 4461; x_wconf 81' lang='lat' dir='ltr'><strong>Patres</strong></span> <span class='ocrx_word' id='word_1_246' title='bbox 725 4396 889 4462; x_wconf 91' lang='lat' dir='ltr'><strong>dominnm</strong></span> <span class='ocrx_word' id='word_1_247' title='bbox 906 4394 1116 4463; x_wconf 80' lang='lat' dir='ltr'><strong>Valentinum</strong></span> <span class='ocrx_word' id='word_1_248' title='bbox 1137 4391 1517 4478; x_wconf 69' lang='lat' dir='ltr'><strong>Quinque-Ecclesiam</strong></span> 
     </span>
     <span class='ocr_line' id='line_1_35' title="bbox 403 4501 1582 4590; baseline -0.006 -22"><span class='ocrx_word' id='word_1_249' title='bbox 403 4501 618 4570; x_wconf 83' lang='lat' dir='ltr'><strong>Decrctorum</strong></span> <span class='ocrx_word' id='word_1_250' title='bbox 635 4505 820 4586; x_wconf 82' lang='lat' dir='ltr'><strong>Doctorcm,</strong></span> <span class='ocrx_word' id='word_1_251' title='bbox 843 4511 875 4569; x_wconf 89' lang='lat' dir='ltr'><strong>et</strong></span> <span class='ocrx_word' id='word_1_252' title='bbox 892 4504 1032 4572; x_wconf 80' lang='lat' dir='ltr'><strong>Paolum</strong></span> <span class='ocrx_word' id='word_1_253' title='bbox 1052 4503 1305 4590; x_wconf 83' lang='lat' dir='ltr'><strong>Zegrebiensem</strong></span> <span class='ocrx_word' id='word_1_254' title='bbox 1332 4501 1514 4586; x_wconf 69' lang='lat' dir='ltr'><strong>Episcopos</strong></span> <span class='ocrx_word' id='word_1_255' title='bbox 1580 4533 1582 4582; x_wconf 56' lang='lat' dir='ltr'><strong>r</strong></span> 
     </span>
    </p>
   </div>
   <div class='ocr_carea' id='block_1_10' title="bbox 0 0 1596 5252">
    <p class='ocr_par' dir='ltr' id='par_1_10' title="bbox 0 0 1596 5252">
     <span class='ocr_line' id='line_1_36' title="bbox 0 0 1596 5252; baseline 0 0"><span class='ocrx_word' id='word_1_256' title='bbox 0 0 1596 5252; x_wconf 95' lang='lat' dir='ltr'><strong> </strong></span> 
     </span>
    </p>
   </div>
  </div>
 </body>
</html>
