3248 5242
409 337 472 408 tls
763 348 997 408 brebonaczrar
1015 332 1182 407 nnrihss'rt.

406 543 478 586 rum
489 520 653 586 Dalmatis
664 525 696 584 et
713 518 847 586 Oroatis
865 523 966 597 Reno,
979 520 1183 606 Consiliarijs
1195 527 1227 585 et
1243 519 1396 586 fidelibus
1412 521 1528 586 nostris

408 629 536 696 dilectis
551 630 694 713 gratiam
711 635 744 694 et
760 631 878 696 honam
903 630 1113 696 voluntatem.
1140 629 1354 695 Intendentes
1378 651 1469 695 more
1493 629 1534 714 pij

409 739 514 823 patris
531 744 563 801 et
579 737 713 802 Domini
729 737 872 822 singulos
888 737 1022 804 rebelles
1039 744 1070 802 et
1085 737 1310 804 inobedientes
1327 737 1406 802 dieti
1430 736 1533 821 Regni

409 847 515 912 nostri
531 844 705 928 Hungarie
722 851 755 910 et
770 844 908 912 aliorum
933 845 1124 928 Regnorum
1148 844 1253 911 eidem
1278 866 1480 910 annexorum
1496 844 1536 910 ad

409 952 629 1019 obedientiam
646 960 679 1018 et
690 952 881 1019 fidelitatem
901 959 1048 1018 nostram
1064 953 1226 1037 reducere,
1242 944 1389 1036 ipsisque
1406 954 1532 1018 misera-

409 1064 508 1128 tionis
518 1067 629 1127 nostre
637 1062 781 1146 januam,
793 1082 858 1144 qua
869 1062 1052 1146 promptius
1065 1083 1098 1128 se
1109 1085 1130 1128 a
1140 1061 1236 1128 deuio
1247 1063 1429 1143 retrahant,
1440 1062 1539 1146 aperi·

409 1191 465 1251 re,
481 1190 540 1234 neo
558 1171 661 1234 minus
677 1176 849 1253 operantes
866 1192 924 1253 per
942 1176 1033 1234 actus
1049 1171 1244 1254 prouisionis
1270 1172 1332 1237 riri
1364 1169 1538 1237 laudabilis

411 1279 541 1343 solertis
568 1279 689 1362 ingenij
716 1277 951 1362 perspicaciam
978 1285 1010 1344 et
1035 1277 1110 1343 fidei
1135 1299 1213 1362 erga
1239 1300 1298 1344 nos
1318 1279 1539 1343 sinceritatem

410 1386 594 1470 probatam,
610 1386 728 1469 quibus
745 1408 810 1451 non
837 1386 990 1471 inmerito
1007 1386 1048 1451 de
1065 1387 1127 1471 hijs
1145 1393 1177 1451 et
1196 1387 1375 1472 majoribus
1395 1385 1540 1451 inherere

412 1497 445 1558 in
464 1494 615 1578 operibus
648 1495 914 1561 commendabilis
942 1501 1065 1560 rorstre
1092 1496 1222 1560 virtutis
1248 1494 1451 1576 confidendo,
1475 1515 1542 1578 pre·

412 1605 603 1686 stringimus
619 1611 765 1669 nostrum
782 1611 815 1669 et
831 1604 991 1669 dictorum
1007 1605 1198 1686 Regnorum
1219 1607 1340 1669 statum
1356 1603 1541 1687 pertingere

411 1712 566 1776 terminos
582 1716 694 1796 optate
711 1712 962 1795 tranquillitatis
978 1717 1011 1776 et
1026 1712 1133 1795 pacis3
1149 1708 1254 1778 Vobis
1270 1711 1386 1776 harum
1405 1712 1489 1776 serie
1504 1709 1540 1774 de

412 1825 502 1884 certa
518 1825 631 1884 nostra
651 1819 795 1902 scientia,
811 1839 849 1884 ac
865 1841 936 1884 cum
953 1840 1109 1883 consensu
1126 1825 1158 1884 et
1174 1819 1375 1884 auctoritate
1402 1817 1541 1885 Sereuis·

411 1928 491 1992 sime
507 1927 646 1993 Domine
663 1927 790 1993 domine
806 1927 991 2009 Margaritc
1007 1926 1071 1992 Dei
1088 1927 1196 2010 gratia
1206 1926 1403 2011 Regnorum
1418 1926 1542 2011 predic·

413 2041 522 2099 torum
538 2036 672 2120 Regino,
698 2036 875 2101 reuerende
903 2035 1068 2118 genitricis
1085 2041 1118 2100 et
1143 2033 1238 2100 Balie
1264 2042 1388 2116 nostre,
1414 2037 1540 2118 plenam

415 2142 530 2208 damus
546 2143 720 2221 licentiam,
731 2149 765 2207 et
776 2142 994 2208 omnimodam
1011 2143 1217 2208 concedimus
1233 2149 1443 2226 potestatem,
1460 2143 1542 2226 quod

414 2251 546 2334 possitis
564 2255 596 2315 et
608 2251 743 2315 valeatis
758 2256 826 2316 tam
845 2249 1088 2317 Vniuersitates
1105 2255 1138 2315 et
1163 2251 1306 2315 homines
1331 2257 1495 2316 terrarum
1511 2256 1541 2314 et

413 2355 557 2423 locorum
576 2356 653 2421 dicti
670 2359 774 2421 nostri
790 2355 896 2441 Regni
913 2357 1084 2440 Hungarie
1101 2364 1135 2422 et
1159 2357 1297 2422 aliorum
1324 2359 1541 2442 predictorum

413 2465 603 2548 Regnorum
620 2464 680 2529 sibi
698 2486 907 2546 annexorum,
919 2486 1016 2548 quam
1033 2465 1115 2530 alios
1127 2486 1337 2549 quoscunque
1353 2465 1539 2550 Regnorum

413 2575 596 2640 eorumdem
614 2575 799 2656 Magnetes,
816 2574 982 2656 Proceres,
999 2571 1153 2654 Comites,
1170 2572 1326 2656 Berones,
1337 2595 1494 2658 personas
1511 2580 1541 2638 et

413 2683 559 2747 homiues
576 2683 712 2748 rebelles
728 2690 857 2747 nostros
874 2705 912 2747 ac
929 2681 1162 2763 inobedientes,
1179 2689 1212 2747 et
1231 2683 1397 2748 rnaleficos
1412 2683 1542 2767 quosuis

413 2791 496 2856 alios
513 2771 730 2872 cuiuscunque
747 2791 867 2873 gradus
884 2796 989 2855 status
1007 2797 1040 2854 et
1055 2790 1251 2856 conditionis
1268 2793 1420 2872 existant,
1438 2790 1480 2855 ad
1496 2791 1536 2855 si-

413 2919 488 2962 num
506 2899 611 2980 gratie
627 2903 736 2962 nostre
753 2900 908 2981 recipere,
924 2899 1035 2980 eisque
1052 2904 1085 2962 et
1100 2899 1244 2984 ipsorum
1269 2898 1405 2964 cuilibet
1432 2919 1540 2963 omnes

413 3011 446 3069 et
460 3004 604 3088 singulos
620 3025 779 3086 excessus,
795 3005 938 3085 crimina,
958 3005 1203 3089 destructiones,
1213 3006 1474 3090 depredationes,
1491 3008 1540 3072 io·

415 3112 538 3196 cendia,
555 3114 709 3196 currales,
725 3115 827 3196 cedes,
844 3114 1028 3194 homicidis,
1044 3114 1283 3180 disrobationes
1300 3121 1334 3180 et
1358 3114 1450 3181 furta
1466 3115 1542 3199 pub·

412 3221 477 3286 lica
493 3227 525 3285 et
542 3222 681 3304 priuata,
699 3228 731 3286 et
747 3223 815 3287 alia
831 3243 1032 3305 quecumque
1048 3222 1169 3288 delicta
1196 3244 1391 3306 quocunque
1415 3225 1543 3287 nomine

415 3336 617 3412 censeantur,
633 3352 690 3414 per
706 3332 794 3414 ipsos
813 3337 845 3395 et
863 3351 974 3395 eorum
992 3331 1177 3413 quemlibet,
1195 3338 1252 3396 aut
1271 3331 1371 3396 alium
1389 3333 1438 3396 vel
1463 3331 1544 3397 alios

413 3440 566 3522 ipsorum,
583 3460 642 3522 pro
657 3439 822 3522 preteritis
838 3438 1039 3522 temporibus
1055 3446 1089 3504 et
1113 3460 1215 3524 usque
1240 3441 1274 3505 in
1300 3440 1383 3505 diem
1409 3440 1545 3505 redduc-

415 3548 512 3612 tionis
530 3549 673 3630 ipsorum
690 3548 732 3613 ad
764 3547 1007 3613 hohedientiam
1024 3555 1057 3612 et
1081 3545 1273 3613 fidelitatem
1297 3554 1455 3630 nostram,
1479 3548 1544 3613 rbi-

414 3675 548 3737 cunque,
566 3653 855 3738 quomodocunque
873 3660 905 3720 et
932 3654 1200 3738 qualitercunque
1227 3657 1416 3721 commissas
1444 3663 1544 3739 stque

415 3763 597 3842 commissa,
614 3769 725 3828 notam
754 3765 885 3847 insuper
909 3763 1096 3830 rebellionis
1112 3771 1145 3829 ot
1172 3765 1293 3830 crimen
1318 3764 1392 3848 lese
1409 3772 1544 3849 paterno

414 3869 517 3952 Regie
534 3877 567 3934 et
583 3869 705 3935 Nostre
723 3871 918 3955 MajestatiS,
935 3893 1032 3955 quam
1049 3879 1083 3939 et
1097 3872 1184 3956 quod
1199 3873 1345 3958 parendo
1362 3873 1544 3939 assistendo

415 3977 557 4043 fauendo
574 3983 607 4043 et
623 3977 808 4044 adherendo
825 3980 1011 4064 Marchionj
1029 3981 1319 4065 Brandeburgensi
1335 3988 1369 4047 et
1386 3981 1457 4064 ejus
1473 4003 1546 4047 con·

415 4087 496 4150 sorti
513 4084 659 4150 hostibus
676 4087 807 4168 nostris,
824 4109 879 4152 seu
896 4088 967 4172 alijs
985 4090 1234 4174 quibuscunque
1258 4088 1375 4173 Regiis
1400 4090 1546 4173 paternis

415 4192 468 4258 uel
484 4196 604 4259 nostris
621 4193 781 4259 dictorum
800 4185 989 4279 Regnorum
1006 4197 1120 4264 emulis
1138 4204 1169 4264 et
1185 4197 1363 4263 rebellibus
1381 4197 1476 4262 alteri
1495 4197 1543 4262 rel

414 4298 489 4384 alijs
505 4321 624 4384 eornm,
641 4302 708 4366 siue
726 4324 763 4366 ex
781 4303 965 4386 quibussuis
984 4305 1088 4372 causis
1105 4306 1179 4390 alijs
1196 4312 1254 4372 aut
1270 4308 1417 4389 ipsarum
1434 4305 1545 4388 aliqua

414 4407 589 4472 incurrisse
605 4415 789 4491 noscuntur,
816 4433 1006 4496 omnemque
1033 4414 1160 4498 culpam
1187 4413 1344 4480 offensam
1372 4419 1404 4478 et
1430 4433 1544 4497 penam

417 4515 541 4580 realem
567 4523 599 4581 et
624 4520 837 4601 personalem,
861 4521 893 4584 in
921 4543 1016 4604 quam
1042 4525 1274 4606 premissorum
1302 4525 1471 4588 occasione
1496 4520 1543 4585 rel
