3214 5250
404 299 469 364 676
760 323 994 368 nirnonnczrxr
1011 297 1180 370 mutuari.

404 475 579 543 extrahere
605 478 645 542 de
671 478 821 546 Venetiis
848 503 904 546 seu
930 482 970 546 de
997 483 1070 548 aliis
1096 484 1244 567 partibus
1269 507 1328 568 per
1354 483 1515 551 Civitatem

403 590 551 652 nostram
569 586 673 652 libere
699 595 788 654 certa
818 611 910 654 arma
936 590 997 655 sibi
1026 593 1210 658 necessaria
1235 613 1294 678 pro
1320 594 1417 659 factis
1441 594 1517 659 suis:

405 695 495 776 quod
511 693 651 760 libenter
667 697 939 780 complaceremus
955 698 1124 764 Maiestati
1142 697 1208 766 Sue
1224 701 1258 764 in
1284 701 1409 767 eunetis
1432 702 1519 786 possi-

404 801 534 886 bilibus,
553 804 611 869 sed
628 801 752 870 Civitas
767 811 881 870 nostra
897 811 948 871 est
964 807 1013 870 ita
1028 806 1261 890 conditionata,
1277 808 1433 892 datisque
1447 810 1519 876 ordi·
1586 809 1588 814 ’

407 933 464 978 nes
481 913 586 978 nostri
601 911 705 994 ligati,
722 914 807 996 quod
824 913 914 979 nullo
930 914 1027 980 modo
1038 913 1100 981 hoc
1110 913 1218 982 faeere
1229 917 1381 998 valemus,
1396 925 1430 983 et
1437 942 1519 1004 prop

406 1023 499 1085 terea
516 1020 584 1103 ipse
600 1019 754 1086 solvendo
769 1021 862 1088 datia
879 1023 984 1088 nostri
1000 1022 1191 1090 Communis
1207 1032 1319 1108 potest
1343 1027 1405 1092 hoc
1428 1029 1520 1094 faeere

409 1127 451 1192 ad
481 1126 723 1212 beneplacitum
753 1150 856 1196 suum.
882 1129 959 1195 Una
983 1152 1137 1215 rogamus
1162 1129 1264 1198 Suam
1287 1135 1519 1218 Excellentiam

409 1233 496 1316 quod
512 1256 577 1300 non
603 1242 768 1318 gravetur,
793 1237 820 1301 si
845 1237 932 1322 ipsos
957 1245 1087 1304 nostros
1112 1239 1242 1307 ordines
1266 1240 1443 1328 intringere
1468 1267 1520 1311 non

408 1341 564 1407 valemus.

511 1446 569 1514 Ad
586 1449 686 1515 aliam
711 1457 839 1533 pultem
865 1451 903 1517 de
928 1453 1089 1537 possendo
1115 1456 1285 1522 extrahere
1310 1458 1421 1540 galeas
1446 1485 1519 1546 suas,

404 1577 487 1639 ques
503 1556 603 1622 habet
618 1559 651 1621 in
667 1565 780 1622 nostro
792 1557 969 1642 Arsenatu,
979 1568 1011 1627 et
1028 1561 1208 1628 conducere
1225 1564 1267 1630 ad
1283 1564 1355 1634 losa
1369 1591 1450 1637 sua:
1467 1594 1521 1637 res·

403 1661 581 1748 pondemus
597 1663 685 1746 quod
701 1663 741 1729 de
757 1663 819 1731 hoo
835 1688 944 1733 sumus
960 1666 1054 1733 valde
1070 1670 1233 1752 eontenti3
1256 1675 1314 1739 sed
1337 1676 1381 1740 ad
1406 1687 1520 1762 partem

410 1772 450 1836 de
466 1770 613 1837 faciendo
640 1793 696 1837 eas
722 1774 840 1840 sociari
866 1797 924 1859 per
949 1776 1062 1858 galeas
1088 1785 1219 1845 nostras
1243 1779 1373 1869 Oulphy
1397 1797 1520 1872 propter

404 1900 560 1959 cursores,
591 1882 648 1963 qni
680 1889 754 1947 sunt
780 1884 869 1948 intra
896 1881 1068 1968 Culphum‚
1085 1887 1130 1950 sio
1146 1886 1301 1973 dicimus3
1325 1894 1414 1976 quod
1437 1897 1520 1979 galee
1587 1943 1588 1946 κ

409 1993 520 2053 nostre
536 1987 578 2052 ad
595 2007 729 2071 presens
745 2013 809 2056 non
827 1993 951 2058 suntin
970 1993 1041 2059 istis
1057 1994 1215 2078 partibus,
1239 1999 1297 2064 sed
1320 2002 1355 2066 in
1379 2006 1520 2086 partibus

408 2093 504 2160 valde
521 2097 655 2162 remotis
672 2121 732 2182 pro
749 2100 862 2166 arduis
878 2101 975 2166 factis
991 2105 1122 2187 nostris,
1138 2105 1250 2189 itaque
1266 2107 1330 2173 hoo
1344 2109 1450 2176 faeere
1465 2136 1521 2179 non

406 2219 595 2285 possemus3
618 2212 652 2270 et
676 2215 851 2291 propterea
875 2228 1038 2292 rogamus,
1064 2209 1150 2293 quod
1174 2213 1307 2295 placeat
1330 2217 1449 2285 habere
1474 2245 1521 2287 nos

405 2311 520 2376 merito
537 2319 716 2379 excusatos.

511 2418 567 2482 Ad
583 2419 616 2483 id
632 2427 750 2503 antem,
765 2423 853 2504 quod
868 2423 937 2506 ipse
955 2423 1173 2492 Ambaxiator
1199 2427 1282 2495 dixit
1298 2431 1338 2497 de
1362 2433 1521 2520 interposi·

404 2525 501 2605 tione,
519 2548 616 2608 quam
633 2529 703 2611 ipse
721 2531 871 2596 dominus
897 2533 970 2598 Rex
985 2533 1081 2599 offert
1105 2557 1139 2600 se
1155 2533 1317 2604 facturum
1334 2541 1419 2608 inter
1433 2547 1523 2611 domi·

404 2651 480 2698 nam
496 2633 659 2717 Reginam
685 2637 907 2722 Margaritam
924 2647 957 2705 et
982 2663 1050 2722 nos,
1066 2665 1104 2707 ao
1131 2644 1237 2709 verbis
1264 2648 1327 2712 sibi
1352 2651 1448 2718 dietis
1470 2675 1522 2738 per

404 2737 660 2809 Ambaxatorem
678 2745 777 2828 ipsius
794 2746 921 2813 domine
937 2748 1073 2834 Regino,
1085 2753 1337 2840 respondemus3
1362 2760 1448 2842 quod
1471 2783 1522 2827 uos

407 2856 440 2913 et
456 2855 605 2914 nostrum
632 2850 809 2918 Commune
836 2876 962 2938 semper
988 2859 1168 2942 optavimus
1194 2867 1228 2925 et
1250 2870 1402 2946 optamus
1426 2869 1521 2935 rivere

403 2954 540 3039 pacifice
557 2965 591 3023 et
605 2960 715 3042 quiete
733 2984 805 3026 oum
829 2964 988 3048 omnibus,
1003 2972 1036 3030 et
1061 2973 1236 3051 propterea
1261 2975 1522 3061 quandocumque

403 3063 496 3129 nobis
513 3064 638 3147 aliquid
655 3065 780 3133 dicetur
798 3069 837 3134 de
854 3070 952 3136 saetis
968 3075 1071 3155 ipsius
1090 3073 1217 3142 domine
1233 3078 1370 3163 Regino,
1395 3104 1452 3150 nos
1476 3109 1522 3151 au·

405 3168 527 3237 diemus
542 3173 586 3254 id,
603 3175 690 3257 quod
707 3178 801 3243 nobis
818 3175 882 3243 diei
899 3178 1008 3247 saciet.

511 3318 546 3378 (Α
563 3319 670 3406 'Qfim‘
685 3323 774 3372 ezimu
786 3326 925 3376 velenozei
938 3328 1166 3392 allamkiinyvbdl
1177 3330 1252 3384 XLI,
1266 3335 1323 3385 sot.
1340 3337 1381 3390 51.
1396 3339 1425 3400 1.)

888 3479 1047 3496 --.-.-...ι-.ι

929 3629 1003 3696 409.

398 3776 460 3850 VI.
490 3779 600 3852 Omnia
625 3785 715 3876 pcipe
736 3783 1099 3878 apostoiirrunriusnuk
1117 3795 1304 3868 Bodotiuas'
1332 3796 1441 3875 Pe'test
1466 3799 1521 3874 old*

407 3892 592 3958 disslaviai
606 3900 770 3984 pre'poatot
785 3901 881 3967 hiddi
896 3904 1055 3991 Mappur·
1071 3908 1103 3970 e‘s
1122 3901 1422 4002 Lenpyelmszdgba.
1440 3919 1520 3982 1389.
1587 3977 1588 4016 3

510 4049 666 4122 Urbanus
683 4059 866 4145 Episcopus
882 4069 942 4130 eto.
966 4053 1084 4131 dilecto
1103 4065 1170 4134 filio
1194 4063 1360 4155 Magistro
1378 4073 1475 4144 Petro
1489 4078 1519 4142 de
1587 4059 1588 4146 t

405 4153 572 4226 Radolina
585 4158 770 4248 ⁴Proposito
796 4165 942 4236 Ecclesie
964 4171 1257 4262 Wladidaviensis‚
1273 4179 1455 4269 Utriusque
1470 4185 1517 4250 Jn·

403 4264 448 4328 ris
473 4265 622 4349 Doctum,
647 4273 887 4342 Referundario
913 4287 1035 4364 nostro,
1061 4282 1255 4367 Apostolioe
1283 4288 1379 4356 Sedis
1404 4293 1518 4360 nuncu

405 4371 545 4440 salutem
562 4383 622 4474 eto.
640 4378 723 4445 Cum
739 4388 780 4465 te,
797 4385 836 4448 de
851 4387 942 4451 onius
959 4388 1141 4476 diligentia,
1168 4394 1327 4465 fidelitate
1343 4409 1377 4466 et
1392 4404 1517 4486 prudeu-

403 4477 459 4562 tia,
475 4481 612 4568 aliisque
628 4489 811 4576 uirtutibus,
828 4493 956 4578 quibua,
982 4507 1079 4580 prout
1106 4507 1309 4599 experientia
1325 4519 1417 4576 certa
1441 4510 1516 4576 nobis
