3226 5254
403 297 467 357 378
756 314 992 360 urrnorrsczrsr
1010 301 1178 357 susanna.

402 473 526 558 scripsi,
549 481 581 537 et
597 495 636 537 ea
653 473 818 557 complevi,
843 481 874 538 et
899 475 933 538 iu
958 472 1043 538 hauc
1070 471 1232 556 publicam
1250 472 1389 539 formam
1411 473 1521 556 redegi,

400 581 539 663 ideoque
555 601 605 644 me
621 579 798 664 subscripsi
814 586 847 646 et
863 581 989 664 signum
1005 599 1113 644 meum
1130 579 1266 663 apposui
1284 585 1480 646 consuetum.

404 726 546 784 (Eredetie
560 726 746 790 berhartysn,
759 741 775 776 a
789 728 918 776 florenczi
933 740 1005 792 nagy
1019 727 1194 776 leveltarban
1211 728 1344 778 »Sezione
1358 727 1429 777 delle
1440 725 1522 776 Riser-

500 815 632 880 magioui,
646 817 707 866 Atti
722 818 827 880 publici
839 819 894 869 vol.
908 818 985 866 VIII.
1000 817 1082 867 Certe
1095 817 1123 868 di
1136 818 1253 880 Napoli«
1270 817 1345 867 XVI.
1359 832 1396 867 sz.
1410 821 1444 878 a)

933 1145 1004 1205 183.

604 1306 804 1392 b'ypuuuaou
822 1303 969 1391 turqyroi
987 1309 1057 1368 naris
1073 1304 1223 1390 okardup.
1242 1306 1337 1369 1380.

509 1465 549 1528 In
581 1463 647 1529 Dei
681 1465 811 1530 nomine
842 1461 963 1530 Amen.
995 1464 1094 1530 Anno
1126 1464 1168 1529 ab
1199 1465 1268 1530 eius
1298 1464 1521 1529 Incarnatione

401 1572 687 1640 MCCCLXXX.
717 1573 893 1638 indictione
910 1573 994 1638 ΙΙΠ.
1013 1579 1163 1656 tempore
1180 1573 1302 1638 domini
1330 1573 1455 1638 Urbani
1471 1574 1519 1637 Di·

400 1683 476 1747 vina
485 1682 689 1765 providentia
706 1682 796 1765 Pape
805 1681 895 1748 Sexti
908 1682 958 1748 die
972 1680 1090 1746 VIIII.
1102 1681 1220 1746 mensis
1232 1679 1395 1746 Octobris.
1407 1681 1518 1745 Actum

400 1792 433 1855 in
450 1791 527 1856 villa
544 1790 661 1856 Strore
679 1790 828 1856 Senensis
845 1789 1029 1856 Comitatus
1044 1792 1076 1854 in
1095 1791 1190 1856 domo
1210 1790 1414 1876 perluntorie
1440 1789 1519 1855 babi-

401 1901 537 1964 tationis
554 1902 620 1964 sive
637 1899 861 1983 allogiamenti
877 1898 1077 1983 infrascripti
1090 1899 1254 1982 Principis
1271 1899 1392 1964 domiui
1409 1898 1516 1963 Karoli

402 2008 441 2072 de
457 2009 610 2090 Duratio,
626 2008 678 2073 cui
695 2007 805 2072 domui
822 2007 874 2072 via
890 2014 940 2072 cst
956 2028 976 2072 a
992 2006 1101 2071 tribus
1116 2007 1277 2072 lateribus
1288 2006 1396 2073 etalio
1408 2007 1516 2084 latere,

401 2115 606 2200 presentibus
623 2115 753 2181 domiue
769 2113 970 2196 Guilglelmo
995 2115 1159 2197 Episcopo
1184 2114 1209 2179 J
1211 2115 1362 2194 auriensi,
1379 2114 1517 2180 Marsilio

402 2224 442 2287 de
458 2223 701 2289 Gonsaloneriis
727 2221 768 2288 de
794 2223 930 2302 Briscia,
947 2244 1000 2286 ser
1024 2224 1159 2288 Ristoro
1176 2244 1228 2287 ser
1253 2222 1374 2288 Jacobi
1390 2222 1515 2288 Notario

400 2333 602 2413 Florentium
618 2340 651 2398 et
665 2331 912 2416 quampluribus
929 2331 1002 2396 aliis
1019 2329 1156 2396 testibus
1173 2330 1216 2396 ad
1232 2333 1291 2397 hec
1316 2331 1514 2414 infrascripta
1599 2405 1601 2412 ,

402 2443 523 2506 vocatis
542 2448 574 2508 et
589 2443 722 2526 rogatis.
740 2439 823 2507 Cum
840 2442 900 2506 boc
917 2441 968 2520 sit,
985 2440 1071 2524 quod
1089 2439 1183 2505 hodie
1207 2461 1293 2506 nono
1321 2441 1439 2506 mensis
1454 2461 1516 2522 pre·

403 2549 482 2614 dicti
499 2549 634 2616 Nobiles
651 2550 777 2618 Milites
795 2549 944 2615 domiuus
959 2549 1084 2615 Roseus
1109 2549 1278 2614 Ricciardi
1303 2548 1344 2614 de
1369 2549 1474 2613 Riccis
1489 2553 1515 2610 et

401 2657 550 2722 dominus
566 2658 712 2723 Bittinus
731 2657 853 2722 domini
878 2653 1018 2720 Coronis
1036 2655 1075 2720 de
1092 2653 1285 2739 (aeronibus,
1302 2663 1335 2720 et
1350 2657 1516 2741 prudentes
1600 2701 1601 2744 1

403 2767 463 2830 civi
478 2766 624 2832 Jacobus
640 2765 793 2832 Micholis
818 2765 870 2830 del
900 2765 1015 2846 Rosso,
1033 2771 1066 2828 et
1082 2763 1237 2830 Silvester
1261 2763 1424 2830 Johannis
1448 2763 1517 2828 Oor·
1600 2749 1601 2820 Ῠ

401 2879 540 2938 tenuova
567 2875 652 2939 ciros
675 2873 884 2939 honorabiles
909 2872 1102 2953 FlorentIni,
1129 2870 1385 2938 Arubaxiatores
1410 2880 1440 2937 et
1463 2873 1517 2938 siu-

401 2980 464 3045 diei
481 2979 668 3045 Communis
679 2980 848 3046 Florentio
864 2981 1014 3062 requisiti
1032 2989 1127 3064 parte
1145 2978 1350 3048 Serenissimi
1367 2981 1516 3063 Principis

401 3089 534 3154 Domini
551 3089 673 3154 donrini
689 3088 850 3154 liudovici
868 3089 932 3153 Dei
948 3092 1056 3172 gratia
1073 3088 1175 3174 Regis
1201 3089 1359 3173 Ungarie,
1377 3089 1516 3174 promise·

401 3204 479 3261 runt
497 3195 672 3280 Magnifice
688 3198 757 3261 viro
774 3196 903 3261 domino
919 3196 1066 3261 Johanni
1083 3195 1177 3262 Bano
1194 3195 1416 3263 Maclroviensi
1432 3196 1517 3278 Capi·

401 3311 496 3368 tanco
513 3303 668 3370 Generali
686 3305 763 3370 dicti
779 3303 900 3368 domini
916 3304 1018 3389 Regis
1038 3305 1145 3387 gentis
1170 3305 1383 3388 Ungarorum
1400 3305 1439 3370 ad
1456 3323 1516 3387 pre-

401 3433 472 3477 sens
489 3412 522 3476 in
539 3413 639 3478 Italia
665 3434 735 3477 curn
753 3413 843 3476 dioto
861 3411 991 3478 domino
1015 3411 1169 3478 Johanne
1194 3414 1353 3496 existenti,
1377 3411 1518 3497 presenti,
1600 3467 1601 3474 ,

401 3526 432 3584 ct
448 3521 615 3604 recipienti
646 3520 713 3586 vice
730 3526 762 3584 et
786 3520 914 3585 nomine
940 3521 1019 3585 dicti
1046 3521 1168 3586 domini
1194 3522 1294 3604 Regis
1323 3530 1468 3587 mutuare
1484 3519 1515 3594 ei,

401 3628 488 3710 quod
504 3649 543 3691 ex
559 3649 658 3693 causa
676 3628 780 3693 mutui
806 3627 929 3692 dictum
955 3625 1135 3693 Commune
1161 3627 1327 3693 Florentie
1354 3629 1445 3693 dabit
1467 3634 1524 3692 aut

401 3734 472 3799 dari
488 3734 587 3800 saciet
603 3734 690 3800 infra
706 3735 787 3800 duos
804 3756 928 3801 menses
945 3737 1091 3818 proxime
1107 3741 1275 3801 secuturos
1294 3736 1382 3802 dicto
1399 3737 1515 3801 domino

401 3843 487 3927 Regi
504 3866 561 3908 seu
578 3841 710 3908 habenti
727 3845 948 3908 mandatumst
967 3843 1055 3908 dicto
1075 3844 1206 3909 domino
1222 3843 1315 3927 Rege
1333 3841 1517 3928 qrradragin·

399 3955 435 4015 ta
451 3950 542 4016 milia
557 3951 752 4016 florenorum
770 3952 842 4015 anri
859 3951 1067 4033 currentium,
1084 3958 1116 4017 et
1132 3959 1169 4017 ut
1196 3959 1333 4018 currunt
1360 3950 1515 4017 Florentio

399 4059 484 4123 inter
500 4067 699 4142 mercatores
716 4059 883 4124 Florentio
899 4060 933 4124 in
950 4059 1020 4124 istis
1044 4059 1191 4124 terminis
1208 4064 1240 4124 et
1264 4060 1424 4142 pentibus,
1440 4056 1515 4122 vide-

397 4167 475 4232 licet
500 4167 710 4232 medietatem
735 4166 836 4250 ipsius
861 4167 1057 4250 quantitatis
1072 4166 1160 4231 infra
1176 4187 1231 4231 sex
1248 4166 1318 4231 dies
1336 4189 1356 4232 a
1373 4167 1423 4232 die
1439 4166 1513 4233 dicte

400 4274 487 4340 facte
504 4275 725 4358 promissionis
742 4275 776 4337 in
793 4295 908 4356 campo
926 4273 1145 4358 Ungerorum,
1161 4282 1217 4340 aut
1234 4276 1268 4338 in
1285 4271 1404 4341 Castro
1416 4271 1515 4354 sugis

402 4385 508 4448 autin
526 4381 645 4448 Castro
662 4381 759 4447 Pedii
784 4381 919 4462 Bonitii,
936 4389 967 4447 et
984 4384 1083 4449 aliam
1110 4382 1318 4449 medietatem
1345 4385 1378 4448 in
1404 4381 1514 4446 duobus

401 4492 556 4570 terminis,
572 4491 721 4558 videlicet
740 4490 849 4558 decem
866 4491 958 4557 milia
984 4491 1070 4559 infra
1096 4513 1193 4558 unum
1219 4513 1370 4571 mensem,
1387 4497 1417 4555 et
1434 4488 1513 4554 flora·
