3172 5254
390 346 454 406 208
743 354 979 402 nmnouaezrar
996 343 1163 404 naitanus.

386 522 465 588 data
482 519 535 585 die
551 517 729 586 XXVIII.
755 514 877 586 Vestro
903 517 1130 586 Dominationi
1146 539 1219 583 enm
1236 515 1506 584 omni‘reuercntiu

386 628 631 716 respondemus,
649 627 738 711 quod
754 649 818 692 non
834 627 942 708 semel,
959 626 1018 693 sed
1032 627 1157 711 pluries
1170 649 1242 693 eum
1252 628 1326 692 istis
1335 625 1506 694 Beronibus

385 739 434 804 usi
451 738 571 804 fuimus
587 735 654 802 illis
671 733 799 816 verbis;
818 735 942 802 scilicet
959 735 1047 819 quod
1064 735 1209 819 capitula
1225 741 1379 818 porrecta
1393 756 1448 817 per
1462 754 1507 797 eos

324 909 329 917 .
386 852 483 914 erant
499 847 548 912 ita
564 843 643 924 alta,
660 842 749 927 quod
765 842 885 909 nedum
900 842 1071 928 possibilia
1081 841 1189 909 forent
1199 841 1427 909 Dominationi
1443 831 1519 906 l'es!
1571 861 1572 864 ’

385 960 446 1037 tre,
464 975 527 1039 que
542 951 620 1018 fecit
635 957 686 1017 tot
702 958 734 1018 et
750 957 860 1020 tantas
878 971 1035 1036 expensas
1051 953 1085 1018 in
1101 952 1166 1018 ista
1182 973 1303 1034 guerra
1313 957 1348 1017 et
1358 951 1430 1035 alijs
1445 971 1507 1034 pro-

385 1063 471 1140 rime
496 1061 680 1147 preteritis;
715 1059 773 1126 sed
797 1061 851 1126 vix
876 1067 943 1128 tres
972 1057 1232 1127 Communitates
1259 1062 1399 1145 majores
1423 1059 1507 1125 Italie

386 1178 520 1257 possent
546 1168 725 1253 adimplere
751 1175 905 1235 contenta
930 1169 964 1234 in
989 1172 1053 1250 eis;
1080 1169 1309 1237 concludentes
1335 1191 1430 1253 super
1453 1169 1506 1234 isto

227 1327 232 1337 1
300 1317 303 1324 ·
328 1337 329 1340 ,
385 1280 474 1348 facto
489 1279 639 1346 omnibus
656 1279 799 1345 Bar-onis
824 1299 960 1362 semper,
986 1279 1118 1361 quodsi
1136 1278 1286 1362 predicta
1311 1274 1508 1363 capitularel

291 1433 292 1438 κ
387 1410 465 1474 pars
482 1393 625 1473 ipsorum
642 1385 779 1453 fuissent
804 1387 896 1464 nobis
921 1388 1071 1472 exposito
1087 1409 1145 1472 per
1163 1409 1226 1467 eos,
1241 1387 1427 1482 nullatenus
1441 1385 1507 1452 fuis·
1571 1401 1573 1436 ³

387 1519 493 1564 semus
518 1499 590 1563 ausi
615 1498 747 1564 mittere
771 1497 917 1580 aliquem
933 1502 1082 1562 nostrum
1100 1497 1141 1563 ad
1159 1497 1424 1563 Dominationcm
1438 1495 1507 1565 Ves-

386 1615 473 1673 tram
488 1628 561 1672 eum
585 1604 691 1672 verbis
716 1611 749 1670 et
773 1603 928 1688 capitulis
952 1605 1127 1688 predictis;
1145 1604 1202 1670 sed
1227 1605 1364 1672 firmiter
1394 1603 1507 1690 putari·

387 1737 467 1796 mne,
484 1713 571 1798 quod
588 1713 629 1779 de
645 1713 868 1798 recognitione
881 1712 1027 1797 Dominij
1046 1735 1117 1780 cum
1134 1714 1272 1797 aliquali
1288 1735 1386 1780 censu
1400 1732 1507 1778 annuu-

387 1824 411 1889 li
431 1824 579 1891 dominus
613 1823 685 1888 Rex
710 1831 743 1888 et
766 1823 830 1906 ipsi
862 1820 1050 1888 debuissent
1066 1843 1136 1888 esse
1152 1825 1306 1904 contenti,
1321 1829 1354 1889 et
1369 1820 1415 1887 nil
1428 1819 1507 1887 aliud

388 1954 522 2016 querere
538 1933 668 1999 omnino
685 1953 705 1996 a
720 1931 953 1998 Dominatione
979 1929 1119 2010 Vestra3
1143 1931 1190 1996 ita
1206 1931 1292 2014 quod
1308 1930 1507 2008 considerato,

387 2041 474 2126 quod
490 2042 571 2125 ipsis
586 2039 694 2106 verbis
718 2040 768 2105 usi
793 2037 913 2104 fuimus
938 2045 989 2106 tot
1004 2039 1136 2120 vicibus,
1152 2061 1217 2105 non
1233 2039 1362 2104 videtur
1378 2037 1464 2104 nobis
1478 2037 1506 2100 in

388 2171 486 2234 passu
503 2171 567 2233 quo
584 2171 649 2216 non
665 2149 854 2230 invenimus,
880 2154 918 2214 ut
945 2147 1036 2214 vobis
1061 2147 1300 2216 deelaravimus
1316 2169 1376 2231 per
1390 2147 1506 2212 litteras

387 2279 469 2340 quas
487 2257 628 2341 portavit
644 2256 842 2336 Perinzolus‚
859 2256 900 2322 ad
919 2256 1006 2321 dieta
1017 2254 1118 2322 verba
1134 2255 1275 2340 amplius
1291 2255 1415 2335 redire;
1438 2253 1505 2336 quia

387 2365 496 2450 potius
511 2371 702 2450 putaremus
719 2367 791 2450 ipsa
807 2385 876 2430 esse
894 2364 1051 2430 damnosa
1062 2364 1273 2446 quamutilia.
1291 2361 1456 2448 Quantum
1471 2359 1505 2423 de
1571 2435 1573 2440 ,

388 2474 534 2540 <lucendo
552 2474 673 2540 lactum
689 2475 721 2538 in
738 2473 871 2556 longam
888 2480 964 2553 ete.;
982 2470 1213 2556 respondemus
1224 2471 1378 2538 Dominio
1390 2470 1507 2548 Vestro,

388 2583 477 2666 qnod
502 2582 619 2648 modus
645 2603 739 2665 quem
764 2582 927 2648 tenuimus
954 2581 986 2645 in
1013 2580 1150 2647 volendo
1167 2581 1299 2648 omnino
1318 2582 1400 2647 scire
1415 2582 1507 2644 inten-

388 2691 494 2756 tiones
510 2690 747 2775 colligatorum,
774 2696 806 2755 et
831 2690 864 2754 in
889 2711 954 2754 non
981 2688 1160 2772 elargando
1177 2711 1236 2756 nos
1253 2690 1415 2775 capitulis,
1428 2687 1507 2752 ultra

388 2797 646 2865 modificationes
664 2798 746 2864 alias
763 2799 862 2864 certis
881 2798 1035 2882 capitulis
1051 2798 1156 2865 factas
1171 2820 1229 2883 por
1246 2819 1315 2878 nos,
1331 2798 1441 2863 missas
1451 2793 1508 2860 Do·

387 2907 487 2972 minio
502 2902 633 2987 Vestro,
649 2905 778 2971 videtur
804 2905 843 2970 de
860 2905 985 2971 directo
1003 2905 1095 2971 nobis
1112 2906 1227 2972 modus
1244 2905 1384 2972 ducendi
1400 2907 1506 2970 tracte·

388 3022 457 3080 tum
473 3013 507 3079 in
523 3013 665 3096 longum.
682 3013 727 3080 nt
743 3013 777 3077 in
792 3012 854 3078 hoe
864 3012 1087 3079 laborabimus
1103 3035 1164 3096 pro
1182 3034 1286 3096 posse,
1303 3021 1338 3080 et
1354 3031 1507 3097 speramus
1571 3077 1572 3080 ,

387 3144 445 3206 per
461 3143 500 3190 ea
517 3144 580 3207 que
597 3118 813 3205 elargavimus
829 3141 888 3186 nos
904 3126 981 3186 nota
996 3119 1150 3186 Dominio
1162 3119 1292 3204 Vestro,
1309 3123 1396 3205 quod
1413 3118 1506 3185 domi·

358 3276 363 3286 ,
387 3252 447 3297 nus
464 3231 609 3299 Karalus
635 3235 668 3296 et
693 3228 749 3312 alij
776 3227 923 3295 Berones
940 3227 1144 3295 conabuntur
1161 3251 1233 3294 eum
1249 3228 1467 3298 Januensibus
1481 3231 1508 3290 et

388 3339 463 3424 alijs
480 3338 644 3422 colligatis
660 3337 819 3402 reducere
835 3358 889 3402 ees
906 3335 948 3401 ad
965 3357 1092 3402 ornnem
1116 3337 1285 3402 meliorem
1302 3337 1506 3403 conditionem
1571 3325 1572 3328 '

388 3453 421 3512 et
436 3445 569 3512 modum
584 3466 666 3528 quos
683 3450 839 3528 poterunt
855 3444 889 3508 in
905 3446 1116 3528 avantagium
1127 3443 1368 3512 Domiuationis
1393 3443 1507 3513 Vestra

390 3554 446 3620 Ad
462 3558 616 3619 contenta
643 3574 718 3619 vero
744 3553 778 3617 in
803 3552 868 3618 alia
879 3552 1000 3634 littera,
1017 3559 1051 3620 et
1067 3552 1110 3620 ad
1126 3554 1273 3638 capitula
1289 3555 1323 3618 in
1340 3573 1379 3620 ea
1396 3552 1509 3617 inclusa

388 3663 564 3728 cumomni
580 3660 763 3726 reverentia
779 3659 900 3727 Vestro
926 3658 1079 3727 Dominio
1096 3683 1323 3745 memoramus,
1341 3660 1429 3744 quod
1444 3680 1508 3726 cen·
1571 3733 1572 3736 Ἴ

388 3777 480 3837 tenta
496 3771 529 3835 in
545 3768 641 3836 dictis
659 3768 811 3853 capitulis
836 3790 899 3835 nou
927 3769 1077 3837 videntur
1103 3770 1198 3836 nobis
1214 3770 1386 3838 factibilia.
1405 3769 1508 3834 Primo

388 3879 466 3963 quia
492 3887 628 3963 propter
654 3876 892 3962 elargationem
918 3900 1059 3964 pernes
1085 3877 1207 3947 factam
1232 3880 1271 3945 de
1298 3878 1508 3963 recognitione

389 3987 532 4073 Dominij
562 3985 711 4054 Civitatis
736 3985 960 4070 Veneticum,
993 4009 1065 4052 cum
1080 3989 1155 4072 aliJ's
1171 3988 1277 4054 modis
1292 3988 1384 4054 vobis
1399 3988 1431 4050 in
1447 4004 1509 4050 nos·

388 4095 447 4158 tris
464 4094 616 4179 capitulis
632 4094 750 4178 missis,
768 4093 945 4160 secundum
961 4093 1133 4160 arbitrium
1149 4095 1243 4161 nobis
1260 4095 1374 4160 datum
1385 4113 1442 4178 per
1451 4091 1508 4156 De·

388 4203 597 4269 minationem
622 4201 789 4287 Vestram,
815 4203 905 4270 nullo
931 4203 1029 4269 modo
1047 4209 1210 4287 putamus,
1228 4204 1317 4287 quod
1332 4225 1392 4287 pro
1410 4202 1509 4284 aliquo

389 4315 562 4398 ruvantagio
587 4313 665 4396 quid
691 4313 785 4378 fieret
809 4313 890 4396 ipsis
915 4310 1102 4379 Beronibus
1126 4313 1255 4378 nomine
1273 4313 1394 4379 demini
1410 4309 1509 4393 Regis,

389 4422 476 4504 quod
492 4424 556 4506 ipsi
573 4423 763 4488 recederent
779 4444 799 4488 a
814 4423 983 4507 proposito
994 4417 1151 4508 predicto.
1167 4423 1238 4488 Imo
1255 4423 1417 4489 credimus
1432 4415 1508 4506 quod

390 4551 459 4595 eum
478 4531 540 4595 hoc
556 4532 755 4614 seripserunt
771 4529 902 4595 domiuo
918 4531 1013 4612 Regi,
1030 4539 1063 4594 et
1079 4530 1288 4610 arbitramur,
1307 4529 1393 4614 quod
1411 4531 1436 4592 si
1452 4527 1509 4590 Do·
