3210 5252
573 383 666 448 1374.
887 411 890 424 ·
1020 371 1023 378 ’
1147 389 1189 447 aa

15 605 16 608 ,
76 580 152 626 unam
173 559 208 625 de
234 559 333 625 dictis
359 558 489 626 filiabus
516 562 648 640 nostris,
673 563 710 624 ut
739 562 952 643 premittitur,
985 561 1127 628 dandam
1153 563 1186 630 in

15 751 17 756 ,
76 689 197 752 sponsam
213 674 245 733 et
260 685 398 734 uxorem
412 666 542 751 prefato
558 666 689 732 domino
709 667 877 734 Ludouico
894 689 966 734 cum
992 672 1183 754 peruenerit

77 777 110 841 ad
121 777 286 860 legitimam
304 783 438 859 etatem
454 775 642 843 melioribus
659 782 692 842 et
707 774 902 844 fortioribus
918 782 1033 865 pactis,
1052 780 1187 862 promis·

15 891 17 896 '
75 886 192 952 sionibus
216 893 248 951 et
271 884 528 969 obligationibus
545 885 662 969 quibus
688 885 760 951 fieri
786 887 914 970 poterit,
930 893 962 952 et
977 889 1097 954 nostris
1113 909 1185 973 pre·

75 993 152 1058 diets
176 992 441 1077 procuratoribus
467 995 569 1060 visum
585 992 683 1059 fuerit
699 991 871 1078 expedire;
895 995 1103 1079 dandumque
1120 1017 1181 1081 pro

74 1099 147 1168 nobis
170 1102 200 1165 in
226 1100 337 1167 dotem
364 1108 397 1168 et
412 1102 455 1168 ad
470 1122 552 1186 opus
577 1100 716 1185 predicti
742 1103 943 1168 matrimonii
967 1103 1183 1170 contrahendi

74 1207 158 1273 illido
171 1207 265 1275 dictis
279 1208 411 1276 filiabus
421 1209 460 1276 de
472 1231 538 1294 qua
554 1209 693 1290 duxerit,
706 1215 743 1274 ut
752 1210 901 1293 superins
912 1211 1106 1291 continetur,
1123 1232 1183 1294 pro

72 1313 168 1383 laturis
182 1316 389 1401 sponsalibus
405 1323 437 1383 et
453 1319 660 1384 matrimonio
680 1339 753 1384 cum
770 1317 857 1384 dicto
886 1317 1018 1385 dominc
1034 1319 1180 1385 Lndcui·

73 1442 108 1504 co,
120 1431 148 1490 et
161 1424 379 1507 tractandum,
391 1432 424 1493 et
434 1425 705 1509 concordandum,
715 1431 749 1492 et
761 1447 823 1510 que
839 1448 912 1492 oum
931 1427 1001 1510 ipso
1013 1425 1185 1492 contrahet

71 1529 252 1617 infuturum,
278 1533 405 1617 Regna,
421 1533 541 1600 Terras
556 1539 590 1599 et
604 1530 761 1600 Dominis
780 1531 900 1615 Sicilie,
915 1533 1182 1619 Neapolitanum,

70 1635 180 1724 Apulis,
197 1638 365 1722 Calabris,
380 1663 452 1707 cum
477 1641 626 1707 omnibus
643 1641 741 1707 terris
755 1640 1013 1725 appendentibus
1031 1648 1066 1708 et
1082 1646 1183 1726 perti·

15 1811 16 1814 ,
69 1745 197 1813 uentibus
213 1747 259 1814 ad
275 1749 357 1832 ipsa,
373 1755 407 1814 et
418 1748 643 1833 Principatum
659 1746 807 1832 Salernc,
824 1744 1026 1816 Comitatum
1044 1749 1182 1816 Prouin-

68 1853 116 1932 cie,
136 1853 366 1938 Fortalguerii,
381 1863 416 1920 et
432 1854 652 1937 Pedemontis,
678 1863 712 1921 et
727 1855 898 1923 Honorem
915 1855 1031 1924 Sancti
1047 1855 1179 1940 Angeli,

69 1962 282 2028 cumomnibus
293 1963 420 2028 iuribus
440 1969 473 2028 et
488 1964 695 2046 pertinentiis
712 1963 897 2047 eorundem,
912 1971 944 2029 et
961 1963 1117 2048 quicquid
1132 1967 1179 2030 iu-

66 2067 103 2130 ris
123 2067 283 2150 habemus,
299 2069 421 2136 habere
439 2089 609 2154 possumus
634 2069 686 2136 vel
701 2070 854 2136 debemus
870 2091 1063 2155 quocunqne
1085 2073 1181 2139 titulo
1220 2057 1222 2064 ¹

66 2174 107 2238 rel
128 2197 222 2244 causa
243 2177 281 2243 in
307 2175 444 2262 prelatis
468 2176 604 2262 Regnis,
629 2176 874 2262 Principatibus
900 2175 1121 2244 eomitatibus
1149 2189 1183 2245 et

64 2281 170 2368 larris,
194 2287 349 2353 tenendis
373 2286 525 2352 videlicet
540 2293 573 2352 et
598 2285 760 2353 habendis
777 2288 873 2371 pleno
892 2289 962 2353 iure
978 2287 1181 2356 hereditario

63 2411 113 2473 per
132 2393 297 2477 prelatum
323 2394 488 2461 dominum
512 2393 719 2461 Ludouicnm
744 2403 777 2460 et
803 2400 947 2462 nostram
968 2395 1066 2463 filiam
1084 2418 1180 2481 spon-

63 2518 122 2564 sam
136 2503 202 2568 eius
218 2501 375 2586 futuram,
392 2501 576 2586 liberosque
593 2508 626 2568 et
641 2523 843 2570 successores
859 2525 898 2568 ex
915 2526 963 2588 ea,
979 2507 1007 2570 si
1023 2505 1096 2571 Deo
1112 2507 1182 2590 pla-
1198 2583 1201 2592 Ι
1303 2561 1323 2577 -,

61 2610 158 2694 merit,
182 2613 331 2694 legitime
354 2609 588 2676 descendentes
612 2612 681 2676 sine
698 2611 953 2678 contradictione
982 2634 1194 2698 quacunque,

62 2713 204 2784 Volentes
230 2721 376 2802 insuper,
412 2718 499 2803 quod
532 2719 651 2802 prefati
677 2716 945 2786 Ambassiatores
977 2723 1082 2786 nostri
1115 2711 1189 2788 tres⁸

59 2819 132 2890 filias
147 2833 280 2892 nostras
291 2826 467 2911 predictas,
479 2824 629 2892 videlicet
639 2847 741 2910 usque
753 2827 795 2892 ad
805 2827 954 2893 ultimam
965 2830 1183 2914 superstitem,

58 2929 86 2993 in
101 2953 183 3020 casu,
201 2933 293 3019 quod
310 2933 402 2999 Deua
427 2938 566 3014 auertat,
591 2934 681 3017 quod
698 2933 781 2999 alias
798 2934 840 3000 ab
856 2934 1007 3001 humanis
1024 2936 1180 3004 decedere

58 3045 231 3128 eontigerit,
257 3065 362 3129 usque
394 3065 459 3127 quo
482 3045 651 3128 promissio
687 3043 887 3128 sponsalium
912 3045 1044 3111 firmata
1074 3045 1182 3126 fuerit,

57 3153 124 3218 tunc
147 3151 350 3220 alternatiue
375 3152 419 3219 ad
443 3159 555 3218 nutum
580 3158 614 3218 et
629 3153 795 3236 optionem
810 3159 956 3219 nostram
973 3154 1064 3218 illam
1080 3174 1179 3236 quam

56 3257 256 3343 voluerimus,
282 3261 383 3326 simus
409 3266 444 3326 et
467 3281 656 3326 maneamus
682 3259 832 3326 adstricti
856 3258 1034 3344 optandam
1058 3266 1091 3325 et
1107 3282 1182 3326 con·

56 3364 236 3435 cedendam.
265 3365 341 3451 Qua
367 3365 580 3451 promissione
604 3365 735 3432 firmata
761 3372 794 3432 et
809 3366 977 3434 declarata
993 3389 1089 3452 super
1115 3368 1172 3434 illa

55 3467 141 3554 qnam
151 3475 291 3560 prefato
302 3473 434 3540 dominc
454 3474 625 3542 Ludouico
641 3473 835 3540 tradendam
851 3473 1039 3542 duxerimus
1056 3476 1090 3542 in
1106 3498 1183 3543 uxo·

52 3603 121 3668 rem,
152 3591 234 3651 tunc
250 3583 350 3650 nobis
374 3583 472 3651 liceat
487 3590 520 3650 et
534 3583 631 3650 liberi
657 3583 874 3650 consistamus
900 3583 939 3650 de
956 3585 1091 3670 reliquis
1107 3583 1183 3651 aliis

52 3692 161 3757 nostris
185 3690 326 3758 filiabus
351 3692 394 3757 ad
418 3697 568 3757 nostrum
594 3689 724 3757 libitum
750 3712 822 3757 cum
848 3690 1092 3778 quibuscunque
1110 3713 1184 3758 con·

51 3800 128 3865 trahi
142 3801 406 3867 matrimonium.
422 3797 560 3885 Queque
576 3799 735 3884 premissa
749 3803 783 3864 et
799 3801 966 3882 sequentia
993 3801 1184 3884 promittere

50 3907 167 3989 possint
192 3908 322 3993 prelati
353 3915 583 3993 procuratores
615 3907 718 3973 nostri
744 3929 808 3972 una
843 3927 916 3972 cum
941 3906 1026 3989 dote,
1051 3907 1184 4007 Regnis,

50 4021 79 4078 et
92 4016 206 4085 Terris
223 4015 388 4102 predictis
399 4015 528 4100 prefato
539 4015 624 4100 Regi
635 4013 732 4081 fratri
743 4022 853 4081 nostro
870 4037 930 4100 pro
948 4015 1036 4082 dicto
1054 4016 1185 4081 domino

51 4119 212 4192 Ludonico
229 4123 366 4191 meliori
381 4124 477 4190 modo
494 4144 558 4208 quo
574 4122 645 4188 fieri
661 4124 790 4207 poterit,
807 4130 840 4188 et
855 4122 1020 4206 obligare,
1042 4129 1074 4188 et
1089 4120 1185 4188 babe-

49 4239 100 4296 ant
122 4233 260 4316 plenam
291 4237 325 4296 et
348 4230 487 4297 liberam
502 4236 701 4316 potestatem
717 4234 751 4294 et
767 4228 908 4313 speciale
934 4227 1125 4295 mandatum
1141 4225 1185 4292 ad

46 4334 227 4406 iaciendum
255 4336 537 4405 confederationes
554 4345 587 4404 et
604 4337 799 4420 obligantias
814 4338 849 4402 in
866 4344 1059 4422 perpetuum
1074 4333 1124 4400 vel
1140 4333 1183 4400 ad

47 4451 166 4534 tempus
191 4451 287 4514 inter
313 4447 477 4531 prelatum
502 4445 627 4533 Regem
652 4444 794 4513 Francis
811 4454 844 4513 et
860 4467 928 4527 uos,
945 4451 1052 4512 suaet
1069 4450 1185 4512 nostra

49 4553 159 4642 Regna
185 4566 220 4625 et
247 4555 401 4623 subditos
427 4563 460 4622 et
476 4555 699 4622 confederatus
715 4555 886 4638 generales
903 4561 935 4619 et
952 4553 1121 4638 speciales,
1137 4575 1188 4619 su·

1041 4662 1080 4728 6*
