3172 5254
396 387 459 448 160
749 403 985 450 urrtouaezmr
1001 361 1169 450 estiment.

396 570 494 644 atque
520 561 750 645 promissiones
772 563 933 647 (praelibet
952 573 982 626 ct
1001 585 1109 627 onmes
1127 565 1327 628 necessarias
1345 568 1378 625 et
1394 567 1515 643 oportu-

394 690 453 734 uas
469 669 671 750 faciendum
695 671 812 736 dautes
839 679 872 736 et
896 671 1110 736 concedentes
1127 669 1264 754 predicti
1284 669 1513 734 constituentes

397 777 501 841 eidem
527 777 656 842 domino
683 779 848 844 Lodovico
863 779 1059 844 Lauredano
1077 779 1263 855 constituto,
1281 782 1316 840 ut
1332 775 1454 840 dictum
1470 782 1520 847 est,

395 906 520 950 omnem
539 887 777 967 auctoritatem,
794 892 1000 968 potestatem,
1017 885 1205 950 libertatem
1219 890 1251 949 et
1267 883 1411 964 bailiam,
1430 903 1517 964 quern

394 993 515 1060 habent
539 1017 559 1060 a
583 995 814 1060 Dominatiooe
847 993 1072 1074 Venetiorom,
1101 1002 1138 1059 ut
1169 995 1291 1059 dictum
1324 1001 1393 1071 est;
1420 991 1518 1056 omniu

393 1101 542 1184 predicto
558 1108 590 1167 et
607 1103 735 1186 singola
751 1103 982 1187 predictorum,
998 1110 1030 1167 et
1046 1103 1092 1168 eis
1109 1123 1252 1167 connexa
1269 1108 1302 1166 et
1318 1101 1360 1166 ab
1376 1101 1457 1184 ipsis
1473 1097 1519 1160 de·

393 1209 568 1291 pendentia
582 1210 721 1294 dicendi,
732 1210 880 1292 faciendi,
897 1210 1103 1294 procurandi,
1119 1208 1249 1275 iurandi
1263 1215 1296 1272 et
1305 1205 1517 1291 promittendi,

394 1319 477 1381 sicut
492 1319 620 1400 ipsimet
631 1319 863 1383 constituentes
880 1325 912 1381 et
929 1319 1125 1384 constitutus
1135 1315 1176 1381 ad
1191 1315 1325 1380 invicem
1337 1313 1518 1398 congregati

339 1496 342 1502 Δ
393 1424 499 1491 ιἰιοθιθ
514 1433 647 1509 possent
664 1427 703 1490 de
720 1448 779 1491 suo
795 1426 945 1491 concordi
964 1431 997 1491 et
1013 1426 1158 1490 unanimi
1169 1423 1325 1503 consili03
1342 1423 1520 1504 promitten-

393 1540 443 1598 tes
467 1532 546 1598 dicti
575 1535 809 1600 constituentes
831 1534 949 1599 hebere
965 1532 1095 1598 firmum
1112 1538 1269 1624 stratum
1285 1537 1391 1597 toturn
1408 1537 1442 1596 et
1456 1549 1520 1612 gre·

394 1646 473 1723 tum,
499 1640 589 1724 quod
615 1664 671 1724 per
696 1642 878 1724 predictum
912 1641 1076 1705 domiuum
1103 1639 1303 1706 Ludovicrmr
1330 1637 1520 1702 Lauredeno

394 1749 614 1828 constitutmn,
641 1748 772 1829 dictum,
797 1756 933 1832 gestum,
959 1747 1080 1814 factum
1097 1755 1129 1812 et
1144 1752 1359 1830 procuratum
1377 1744 1519 1810 fueritin

393 1856 547 1940 predictis
573 1863 605 1920 et
622 1858 758 1940 singulis
775 1857 1006 1941 predictorum,
1023 1864 1056 1921 et
1073 1862 1191 1934 cetera,
1210 1861 1309 1938 prout
1326 1855 1360 1916 iu
1378 1853 1466 1917 dicto
1480 1852 1519 1914 in·

394 1971 573 2031 strumento
590 1965 684 2048 plene
700 1965 831 2047 legitur,
842 1986 861 2028 a
872 1987 922 2029 me
934 1964 1145 2048 infrascripto
1158 1962 1189 2026 N
1192 1963 1300 2028 etauio
1311 1964 1379 2026 viso
1390 1969 1424 2026 et
1432 1959 1518 2026 lecto.

394 2075 563 2156 requirens
588 2074 724 2154 nomine,
751 2095 814 2155 qno
842 2095 950 2156 supra,
976 2074 1060 2137 cives
1081 2093 1197 2152 omnes
1214 2069 1473 2140 Vniuersitatem
1488 2075 1517 2134 et

394 2180 572 2246 Commune
600 2179 693 2259 Arbi,
719 2188 756 2244 ut
781 2182 889 2245 venire
908 2188 940 2244 et
956 2180 1113 2244 inclinare
1132 2176 1274 2244 debeant
1290 2181 1332 2245 ed
1351 2179 1515 2245 subiectio·

393 2310 475 2368 nem,
506 2289 739 2371 protectionem
765 2294 797 2352 et
822 2285 1012 2353 fidelitatem
1043 2295 1233 2371 perpetuam
1265 2288 1390 2352 domiui
1421 2285 1518 2351 Ducis

394 2397 610 2463 veneciarum
635 2405 668 2460 et
694 2397 763 2461 eius
789 2395 986 2461 Communis.
1019 2393 1237 2461 Accesserunt
1264 2418 1375 2462 coram
1402 2417 1441 2461 eo
1467 2394 1519 2458 riri

393 2505 521 2570 nobiles
537 2527 588 2568 ser
606 2503 789 2588 Stephanus
806 2503 845 2568 de
871 2503 1030 2585 Dominis,
1056 2527 1106 2569 ser·
1133 2502 1289 2570 Nicolaus
1313 2505 1353 2570 de
1375 2502 1519 2582 Cernota,

394 2635 445 2677 ser
462 2613 559 2679 Pribe
574 2615 613 2680 de
630 2613 837 2692 Martinusio,
855 2635 905 2677 ser
921 2612 1117 2678 Hermolaus
1145 2611 1281 2678 condam
1299 2633 1351 2677 ser
1371 2610 1471 2678 Cibre
1486 2611 1520 2676 de

394 2720 582 2804 Hermolao,
599 2743 729 2787 necnon
742 2719 856 2787 Oreste
868 2720 1088 2804 deBubogna‚
1099 2719 1211 2786 Oreste
1224 2721 1265 2786 de
1276 2721 1406 2802 Bomio,
1424 2723 1521 2787 Fren-

395 2829 482 2894 zolus
508 2829 548 2894 de
575 2827 690 2909 Domo,
716 2837 748 2894 et
773 2829 963 2894 Dominicus
989 2827 1029 2892 de
1054 2828 1198 2908 Maclria,
1213 2836 1375 2910 tanquum
1393 2826 1521 2904 Sindici,

394 2943 623 3019 procuratores
640 2942 674 3001 et
690 2943 818 3001 actores
834 2935 1080 3007 Vniuersitatis‚
1092 2933 1345 3000 Oommunitatis
1362 2941 1395 2999 et
1411 2935 1522 2999 civium

392 3045 534 3109 omnium
560 3043 781 3126 predictorum
806 3041 901 3123 Arbi,
918 3049 951 3108 ut
971 3043 1138 3109 decorum
1159 3041 1333 3108 Sindioatu
1348 3063 1407 3125 per
1423 3041 1522 3124 publi·

392 3173 463 3215 cum
474 3153 723 3216 instrumentum
734 3151 891 3234 scriptum
902 3157 935 3216 et
945 3157 1053 3216 actum
1064 3150 1152 3218 Arbi
1163 3154 1196 3217 in
1207 3150 1416 3218 Cancellaria
1433 3151 1520 3216 Com·

392 3261 496 3323 munis
520 3257 663 3324 eiusdem
688 3281 745 3342 per
769 3281 819 3323 me
846 3257 1021 3325 Notarium
1050 3259 1293 3344 infrascriptum
1313 3261 1347 3325 iu
1366 3259 1519 3344 predictis

393 3366 572 3448 millesimo,
589 3369 769 3434 indiccione
787 3374 819 3432 et
835 3366 887 3432 die
904 3388 989 3432 nono
1014 3371 1133 3434 mensis
1150 3368 1357 3448 Novembris,
1374 3369 1462 3434 inter
1476 3385 1520 3429 ce-

394 3484 464 3541 tera
481 3477 654 3554 continens,
672 3475 798 3541 nobiles
814 3481 847 3540 et
862 3477 1024 3559 sapientes
1042 3478 1103 3540 riri
1120 3499 1173 3542 ser
1191 3475 1291 3542 Salbe
1308 3471 1349 3539 de
1367 3473 1522 3546 Gauuiua,

393 3603 444 3647 ser
460 3583 660 3648 Hermolaus
678 3584 813 3649 condam
829 3604 881 3648 ser
897 3582 929 3648 N
931 3585 1027 3648 icolai
1045 3585 1084 3649 de
1102 3583 1293 3663 Hermolao,
1309 3593 1344 3649 et
1361 3605 1414 3648 ser
1431 3580 1521 3648 Cels·

394 3713 454 3756 nus
481 3692 520 3756 de
545 3691 722 3773 Zudenico,
745 3690 882 3756 dedices
910 3689 1062 3758 Civitatis
1089 3691 1261 3772 Arnensis,
1280 3693 1475 3757 auctoritate
1490 3697 1520 3751 et

335 3799 339 3806 '
393 3799 496 3866 bailia
506 3802 552 3864 eis
564 3821 714 3865 concessa
732 3807 765 3864 et
782 3798 943 3864 attributa
960 3802 993 3864 iu
1010 3800 1131 3866 Maiori
1149 3807 1182 3866 et
1199 3798 1356 3867 Genersdi
1369 3797 1523 3874 Consilio,

393 3907 549 3973 Ciuitatis
567 3906 722 3990 predicte,
750 3912 784 3970 ut
812 3912 905 3990 patet
921 3908 953 3970 iu
971 3906 1206 3975 reformacioue
1228 3907 1371 3991 quadam
1389 3902 1522 3972 Consilii

394 4014 515 4098 scripta
531 4016 563 4078 iu
583 4021 743 4096 quaterno
770 4013 1052 4079 Reformationum
1077 4015 1157 4080 dicti
1180 4011 1374 4080 'Communis
1399 4013 1458 4079 sub
1472 4013 1518 4076 in-

393 4123 493 4187 stanti
503 4122 702 4206 millessimo,
713 4122 889 4188 indictione
902 4129 934 4187 et
946 4122 1073 4207 die,per
1083 4121 1329 4188 serJohauuem
1341 4119 1522 4188 deNordile

391 4230 430 4295 de
446 4228 576 4310 Ymola,
596 4230 741 4296 eiusdem
753 4229 941 4297 Communis
955 4230 1172 4314 Oanoellerio,
1190 4235 1224 4296 in
1241 4254 1307 4314 qua
1324 4229 1522 4297 substancia·

390 4335 464 4403 liter
490 4336 819 4420 curetur,utSi11dici
851 4338 1051 4421 infrascripti
1079 4339 1220 4406 habeant
1236 4361 1360 4408 meram
1387 4338 1517 4406 faculta-

391 4453 465 4526 tem,
491 4448 599 4510 omuia
625 4446 837 4530 infrascripta
868 4445 1054 4529 peragendi,
1080 4448 1245 4512 tractandi
1278 4455 1312 4513 et
1343 4443 1521 4522 ordinandi,

395 4554 472 4634 quia
487 4554 520 4616 in
538 4555 611 4635 ipsa
627 4561 722 4636 parte
739 4555 869 4618 fuerunt
896 4557 1086 4636 octuaginto
1113 4577 1210 4620 uuum
1229 4556 1268 4622 dc
1285 4559 1340 4638 sic,
1357 4555 1463 4620 nullus
1483 4551 1521 4615 de
