3182 5252
595 373 689 438 lass.

606 683 680 744 325.

73 840 278 906 Audenczei
303 843 518 929 kdztdrsasa'p
542 843 714 906 Plumacio
738 843 856 908 Jdnost
875 844 1208 930 osepbnlalmozoltjn'-

71 950 143 1014 vrak
159 949 255 1014 letaldi
270 974 292 1013 a
308 973 447 1037 mapyur
473 951 711 1037 loirdiyaa'kboz‚
737 953 817 1038 bopy
833 975 854 1015 a
872 951 963 1014 7000
978 953 1208 1040 aranyforint·

237 1059 296 1146 api
312 1059 389 1124 adol
406 1083 445 1123 az
464 1063 558 1124 1385.
575 1062 645 1122 aare
666 1059 922 1144 dlszotpa'ltussa.
951 1060 1046 1124 1385.

185 1218 225 1282 In
252 1217 376 1284 Christi
402 1219 531 1284 nomine
556 1217 673 1286 Amen.
708 1217 807 1288 Anno
839 1217 1034 1284 Natiuitatis
1063 1219 1208 1303 ejusdem

73 1321 397 1393 MCGOLXXXV.
423 1326 603 1393 indiccione
631 1327 737 1394 XIII.
762 1328 815 1392 die
841 1326 959 1394 XXV.
987 1347 1093 1392 mense
1113 1328 1208 1414 Julij.

73 1579 119 1588 -
139 1543 297 1608 Excelsus
307 1551 340 1609 et
349 1543 545 1628 Magnificus
555 1545 717 1610 Dominus
737 1545 887 1610 dominus
899 1541 1087 1609 Anthonius
1100 1543 1205 1610 Vene-

73 1650 127 1714 rio
138 1649 201 1715 Dei
216 1652 329 1732 gracia
344 1652 476 1718 inclitus
485 1653 562 1719 Dux
575 1653 791 1720 Veneoisrum
802 1660 862 1719 eto.
873 1675 1012 1718 unacum
1022 1654 1087 1719 suis
1098 1653 1209 1719 Consi-

72 1758 132 1841 lijs
149 1758 192 1823 ad
209 1760 269 1824 hec
283 1764 316 1824 et
332 1761 399 1826 alia
415 1761 591 1844 deputatis,
616 1763 660 1826 nd
686 1784 800 1827 sonum
826 1783 984 1845 campane
1000 1770 1032 1826 et
1048 1783 1124 1826 voce
1140 1781 1209 1844 pre·

74 1865 172 1932 conia
189 1887 277 1932 more
294 1869 390 1933 solito
416 1871 539 1934 vocatis
556 1877 588 1934 et
604 1872 822 1954 congregatis,
838 1875 870 1934 et
886 1869 959 1952 ipsa
984 1867 1130 1934 Consilia
1146 1890 1210 1934 una

74 1995 151 2040 eum
166 1975 238 2056 ipso
253 1973 383 2041 domino
401 1974 493 2042 Duce
510 1977 708 2042 unanimiter
724 1984 757 2042 et
774 1977 983 2042 concorditer
1000 1977 1129 2043 nemine
1146 1976 1211 2042 dis·

73 2087 234 2165 crepante
259 2105 318 2166 pro
348 2105 382 2148 se
407 2091 440 2150 et
464 2086 702 2151 successoribus
729 2085 795 2150 suis
812 2089 845 2149 et
861 2084 1036 2151 Communi
1054 2083 1211 2152 Venecia·

74 2211 161 2270 rum,
176 2191 324 2257 omnibus
352 2191 467 2276 medie,
488 2194 626 2278 juribus.
653 2195 765 2260 formis
782 2193 945 2276 aloensis,
963 2191 1080 2274 quibus
1097 2195 1211 2258 melius

73 2302 265 2382 potuerunt,
292 2298 448 2382 fecerunt,
473 2303 712 2366 constituerunt
738 2308 772 2366 et
796 2299 1032 2367 ordinaverunt
1060 2318 1153 2365 suum
1179 2309 1213 2366 et

74 2405 157 2470 dicti
175 2403 362 2472 Communis
378 2406 593 2474 Veneciaram
611 2407 787 2490 Siudieum,
798 2418 952 2490 actorem,
965 2413 1211 2492 procuratorem

75 2519 112 2579 et
128 2514 336 2596 negociorum
353 2523 524 2598 gestorem,
541 2524 575 2583 et
592 2518 747 2601 quicquid
765 2515 905 2600 amplius
923 2516 986 2580 dici
1004 2522 1120 2601 potest,
1136 2537 1210 2600 pro·

75 2620 189 2686 vidum
207 2628 240 2687 et
256 2623 523 2708 circumspectum
551 2626 655 2690 virum
680 2626 705 2693 J
708 2625 869 2692 ohannem
887 2624 1092 2690 Plumazium
1108 2625 1213 2691 Nota·

74 2731 201 2794 tarium
217 2737 251 2795 et
265 2731 393 2798 fidelem
410 2753 512 2816 snum,
536 2735 703 2800 absentem
721 2734 820 2802 veluti
837 2740 1032 2816 presentem,
1049 2733 1081 2797 in
1100 2755 1214 2799 eorum

74 2837 230 2903 omnibus
247 2845 279 2904 et
295 2839 372 2904 dicti
390 2838 579 2907 Communis
595 2841 813 2910 Veneoiarum
824 2842 941 2926 causis,
951 2840 1072 2917 litibus,
1083 2847 1218 2906 contro.

29 2972 40 2988 ·
75 2947 197 3031 versijs
223 2953 256 3012 et
280 2949 453 3032 querellis;
478 2959 511 3016 et
536 2952 724 3035 specialiter
749 2950 789 3015 ad
818 2949 961 3014 dandum
978 2956 1011 3013 et
1025 2948 1214 3014 solvendum

75 3053 303 3122 Serenissimis
328 3064 360 3122 et
383 3056 673 3122 Excellentissimis
700 3055 919 3138 Principibus,
948 3055 1075 3120 domine
1107 3054 1237 3144 Marie·

77 3162 144 3230 Dei
160 3165 274 3247 gracia
289 3165 419 3232 Illustri
438 3166 562 3250 Regiae
590 3165 772 3250 Hungerie,
792 3164 940 3246 Polonie,
957 3163 1126 3230 Dalmaeie
1143 3169 1214 3245 etc,

76 3279 114 3338 et
127 3271 259 3346 ¹domine
274 3272 446 3339 Elisabeth
462 3274 575 3340 eadem
591 3274 706 3358 gracia
717 3274 898 3357 Hungarie,
916 3272 1064 3354 Polonie,
1081 3270 1230 3338 Delma

76 3382 129 3445 cie
156 3387 216 3447 eto.
241 3381 362 3448 illustri
389 3384 524 3467 Regino,
550 3385 599 3448 vel
625 3383 722 3449 alteri
748 3405 871 3464 aarum,
898 3403 953 3448 seu
983 3381 1215 3466 Thesanrarijs

75 3509 195 3555 esrum
211 3490 261 3556 vel
276 3492 412 3557 alterius
438 3515 550 3559 earum
576 3493 809 3577 recipientibus
826 3514 884 3576 pro
901 3493 1017 3575 Regno
1034 3500 1068 3556 et
1084 3489 1216 3556 Corona

77 3598 255 3682 Hungarie
282 3599 366 3665 dicte
392 3608 516 3686 septem
533 3602 637 3666 millia
653 3602 728 3667 boni
746 3602 818 3666 auri
835 3607 868 3666 et
883 3601 915 3664 in
933 3621 1023 3680 auro,
1043 3606 1073 3664 et
1091 3599 1166 3665 boni
1183 3606 1216 3664 et

74 3708 159 3793 justi
177 3707 341 3791 ponderis,
367 3713 560 3776 nominatim
586 3732 647 3795 pro
669 3711 835 3776 solucione
853 3711 1012 3793 presentis
1029 3710 1106 3774 anni
1120 3708 1216 3792 juxte

78 3813 221 3880 formam
239 3817 373 3899 capituli
390 3820 479 3900 pacis
505 3819 660 3901 predicte,
678 3826 712 3882 et
728 3817 770 3886 ad
798 3815 1019 3900 recipiendum
1042 3815 1216 3880 sindioario

77 3925 211 3990 nomine
237 3923 358 4008 prefati
382 3925 514 3990 Domini
543 3926 664 3990 domini
681 3927 785 3990 Ducis
801 3932 835 3989 et
851 3921 1040 3988 Communis
1057 3921 1216 3990 Venecia-

78 4053 152 4098 rum
168 4055 189 4097 a
205 4032 375 4117 prelibatis
392 4031 615 4099 serenissimis
632 4033 748 4116 Regijs
766 4039 798 4096 et
816 4029 1034 4113 Reginalibus
1056 4029 1214 4114 Majesta-
1283 4055 1285 4058 ·

80 4141 170 4207 libus
188 4139 368 4224 Hungarie,
386 4163 442 4205 seu
459 4164 479 4206 a
495 4139 736 4224 presidentibus
753 4138 804 4203 vel
820 4137 1050 4220 Tlresaurarijs
1062 4137 1129 4204 sive
1145 4158 1218 4219 pro-

80 4249 290 4316 curatoribus
307 4271 417 4315 earum
429 4256 462 4314 et
473 4249 601 4314 Corone
612 4249 725 4331 Regis,
737 4246 933 4312 habentibus
944 4246 986 4310 ad
999 4244 1058 4309 hec
1068 4244 1218 4309 idoneam

81 4363 278 4442 potestatem
295 4358 399 4441 finem,
416 4359 659 4442 quietationem,
676 4355 927 4436 absolucionem,
938 4359 971 4418 et
982 4351 1215 4418 liberacionom

85 4467 124 4534 de
149 4467 315 4534 solucione
340 4465 498 4550 predicta,
523 4488 595 4531 cum
623 4461 902 4550 promissionibus,
928 4461 1066 4526 cautelis
1084 4467 1115 4526 et
1131 4461 1220 4528 clau·
