3214 5250
371 387 436 452 628
728 401 959 447 oienounczmi
977 383 1145 447 animumn.

371 565 470 632 trium
487 565 694 650 Propositum
711 561 952 642 chazmensem,
968 567 1001 627 et
1019 563 1196 646 Egregium
1213 563 1354 628 militem
1379 560 1503 628 dohan-

373 696 445 739 nem
472 673 573 738 tilium
599 673 710 738 ...de
735 671 845 737 Zanto
871 671 983 736 lidcles
1007 678 1143 748 nostros,
1160 671 1278 736 harum
1304 677 1501 750 ostensuros,

372 802 455 865 quos
471 787 585 846 tenore
602 781 804 866 presencium
817 778 966 861 lecimus,
981 778 1206 843 constituimus
1223 784 1256 842 et
1282 777 1503 842 ordinavimus

375 895 606 974 procuratores
623 894 751 953 nostros
768 895 798 952 et
811 889 944 952 nuncios
955 887 1111 970 speciales
1126 886 1168 950 nd
1180 885 1327 970 prefatos
1339 886 1502 953 dominum

290 1021 294 1030 ·
372 998 509 1080 Ducem,
526 997 707 1065 Consilium
724 1002 757 1062 et
774 997 951 1064 Commune
968 992 1195 1076 Veneciaruni,
1212 1001 1244 1060 et
1260 993 1447 1062 Consilium
1463 996 1506 1060 di·

375 1113 426 1172 cte
442 1105 604 1188 Civitatis,
621 1107 710 1190 pacis
726 1105 890 1170 antedicto
906 1103 1124 1169 omnimodam
1139 1109 1172 1168 et
1188 1102 1319 1186 plenam
1345 1103 1506 1188 approba·

375 1216 510 1298 cionem,
525 1214 788 1292 ratificacionenr,
804 1211 1030 1278 laudacioneru
1050 1218 1083 1276 et
1108 1211 1377 1294 cmolgacionenr,
1394 1219 1429 1276 et
1444 1235 1507 1276 onr-

374 1323 463 1386 nium
480 1328 513 1388 et
530 1321 740 1406 singulorum,
757 1342 818 1404 qne
835 1322 866 1384 in
893 1321 1111 1385 instrumento
1138 1319 1240 1402 ipsius
1268 1321 1363 1402 pacis
1389 1323 1507 1386 seriose

372 1435 404 1493 et
420 1427 648 1513 capitulariter
665 1430 888 1508 continentum
905 1436 936 1492 et
953 1427 1139 1510 specialiter
1155 1427 1196 1492 ad
1215 1427 1448 1512 recepiendum
1466 1427 1505 1491 ab

373 1535 443 1618 lpso
461 1535 593 1600 domino
611 1535 701 1599 Duce
718 1541 752 1600 et
767 1534 809 1600 ab
827 1534 900 1599 aliis
911 1531 1384 1601 ConsiliariisCommunitatis
1403 1535 1506 1602 Vene-

372 1645 496 1710 ciernm
508 1643 727 1726 juramentum
744 1642 913 1725 corporale
929 1641 969 1706 de
987 1640 1172 1726 hujusmodi
1188 1643 1280 1724 pacis
1303 1642 1504 1707 obseruacio-

375 1773 425 1831 ne,
442 1749 617 1815 secundnm
636 1748 771 1832 quodin
797 1747 939 1832 capitulo
965 1748 1051 1814 ‹liote
1077 1748 1166 1832 pacis
1192 1749 1386 1826 continetur,
1418 1749 1503 1832 quod

373 1859 504 1942 incipit:
519 1858 584 1922 »Et
600 1879 660 1940 pro
671 1857 787 1942 majori
805 1856 930 1922 cautela
942 1861 976 1921 et
987 1856 1209 1922 stabilimento
1225 1857 1448 1939 predictorum
1460 1857 1506 1923 di-

375 1972 427 2030 cte
443 1971 556 2049 partes
572 1971 745 2030 teneantur
762 1965 922 2029 ratificare
939 1971 1122 2047 presentem
1149 1985 1281 2048 pacem«
1301 1972 1361 2030 etc.
1378 1963 1507 2030 Dentes

373 2074 495 2139 eisdem
511 2074 632 2139 nostris
649 2072 915 2156 procuratoribus
932 2079 966 2138 et
981 2072 1198 2138 concedentes
1215 2074 1300 2139 vices
1316 2081 1457 2154 nostras,
1469 2096 1506 2138 ac

372 2183 512 2267 plenum,
528 2181 665 2246 liberum
682 2189 715 2246 et
732 2180 886 2265 generale
903 2179 1104 2264 mandatum,
1120 2201 1191 2244 cum
1221 2181 1329 2262 plena,
1355 2180 1459 2246 libera
1475 2192 1506 2244 at

374 2289 519 2374 generali
535 2287 820 2355 administracione
831 2288 864 2353 in
875 2287 1044 2372 premissis
1055 2293 1087 2350 et
1098 2287 1244 2368 quolibet
1260 2310 1379 2372 eorum,
1391 2290 1507 2354 eciam·

374 2398 401 2462 si
418 2396 509 2462 aliud
525 2397 629 2478 magis
645 2403 677 2461 et
697 2417 886 2480 expressum
913 2403 947 2460 et
966 2395 1107 2480 speciale
1126 2394 1292 2479 exigerent
1303 2397 1505 2471 mandatnm,

375 2509 494 2586 ratum,
511 2509 543 2567 et
560 2503 688 2567 firmum
705 2509 805 2586 atque
822 2511 988 2588 acceptum
1006 2484 1065 2568 no's
1082 2503 1253 2570 habituros
1269 2507 1506 2589 promittentes,

375 2609 529 2693 quicquid
541 2611 583 2676 ab
595 2611 674 2693 ipsis
684 2610 954 2693 procuratoribus
964 2611 1085 2676 nostris
1095 2612 1182 2676 circa
1193 2615 1354 2696 premissa
1365 2621 1395 2678 et
1407 2613 1505 2697 quod·

375 2717 457 2783 libet
473 2739 586 2783 eorum
603 2723 712 2782 actum
728 2717 835 2783 suerit
854 2717 978 2784 Datum
993 2717 1087 2784 Budc
1098 2719 1130 2783 in
1141 2727 1254 2785 nostro
1264 2729 1373 2786 castro
1388 2720 1506 2802 Regali

377 2825 429 2890 die
446 2823 589 2890 XXIII.
606 2826 725 2890 mensis
742 2825 869 2909 Aprilis
885 2827 1116 2892 annoDomini
1134 2829 1306 2893 millesimo
1322 2830 1506 2895 trecentesi·

377 2955 430 2998 mo
447 2933 686 3002 LXXXVII.

431 3082 466 3144 (A
482 3084 582 3132 »Liber
596 3086 759 3133 Paetorum«
776 3083 865 3132 czimtt
881 3083 1019 3134 relenczei
1032 3083 1210 3148 Illemlrdnyv
1224 3083 1272 3137 VI.
1287 3087 1344 3136 ket.
1360 3090 1417 3136 299.
1429 3085 1458 3146 l.)

863 3246 972 3256 ...aha—a
993 3245 1019 3255 n.

903 3391 978 3453 361.

426 3547 456 3614 Α
475 3544 627 3614 velenrzen‘
642 3549 922 3640 lctlztdrsasdpouk
941 3555 1079 3638 Rapum
1106 3553 1199 3618 cdros
1215 3555 1351 3640 kdzsdye.
1373 3554 1463 3620 1387.

489 3709 705 3776 Serenissime
721 3718 754 3776 et
773 3711 1053 3778 Excellentissime
1081 3715 1231 3798 Domine,
1255 3715 1368 3782 debita
1391 3738 1506 3783 recum·

378 3817 591 3884 mendatione
608 3821 775 3902 premissa
792 3820 961 3905 Benignas
978 3821 1106 3887 litteras
1123 3823 1255 3890 ducales
1280 3823 1401 3892 Vestre
1419 3825 1508 3892 Sere·

378 3927 491 3991 nitetis
509 3926 619 3991 debite
639 3928 816 4010 recepimus
842 3929 1035 4012 reverentia,
1060 3929 1275 3998 effectualiter
1300 3937 1508 4013 continentes,

380 4055 439 4097 nos
457 4032 577 4098 debere
595 4032 757 4100 Ducalem
773 4036 1013 4102 Excellentianr
1031 4037 1165 4105 reddere
1182 4042 1305 4107 nostris
1331 4045 1509 4128 responsio·

378 4143 428 4204 nis
453 4140 572 4206 litteris
599 4146 781 4227 certiorem,
806 4167 848 4208 an
877 4145 916 4208 (le
943 4146 1051 4213 valore
1077 4151 1263 4230 quindecim
1290 4153 1429 4218 millium
1453 4152 1509 4216 du-

379 4252 525 4312 catorum
543 4251 614 4312 auri
632 4254 786 4316 mercium
803 4253 1083 4320 conducendorum
1110 4263 1143 4322 et
1168 4259 1446 4325 extrahendarum
1471 4281 1508 4324 ac

379 4355 687 4434 pertractandarum
705 4360 737 4424 in
755 4359 900 4425 Civitate
915 4359 1046 4446 Vestra,
1068 4366 1167 4432 etiam
1188 4388 1261 4431 cum
1286 4390 1351 4433 uon
1378 4367 1508 4432 Venetis

381 4473 439 4538 per
469 4467 594 4526 ceteros
620 4465 828 4531 Dalmatinos
855 4474 886 4531 et
912 4468 1092 4536 dadrenses
1120 4476 1295 4540 secundum
1332 4475 1505 4560 capitulum

382 4565 508 4642 firmate
526 4571 613 4650 pacis
631 4573 715 4636 inter
731 4575 865 4638 celebris
887 4579 1041 4642 memorie
1070 4578 1323 4649 Serenissimum
1349 4584 1508 4650 dominum
