<?xml version="1.0" encoding="UTF-8"?>
<!DOCTYPE html PUBLIC "-//W3C//DTD XHTML 1.0 Transitional//EN"
    "http://www.w3.org/TR/xhtml1/DTD/xhtml1-transitional.dtd">
<html xmlns="http://www.w3.org/1999/xhtml" xml:lang="en" lang="en">
 <head>
  <title>
</title>
<meta http-equiv="Content-Type" content="text/html;charset=utf-8" />
  <meta name='ocr-system' content='tesseract 3.04.00' />
  <meta name='ocr-capabilities' content='ocr_page ocr_carea ocr_par ocr_line ocrx_word'/>
</head>
<body>
  <div class='ocr_page' id='page_1' title='image "./magyardiplomacz00wenzgoog_0250.png"; bbox 0 0 3172 5254; ppageno 0'>
   <div class='ocr_carea' id='block_1_1' title="bbox 400 364 1229 426">
    <p class='ocr_par' dir='ltr' id='par_1_1' title="bbox 400 364 1229 426">
     <span class='ocr_line' id='line_1_1' title="bbox 400 364 1229 426; baseline -0.007 0"><span class='ocrx_word' id='word_1_1' title='bbox 400 365 465 426; x_wconf 76' lang='lat'>214</span> <span class='ocrx_word' id='word_1_2' title='bbox 597 379 600 386; x_wconf 60' lang='lat'><em>⁴</em></span> <span class='ocrx_word' id='word_1_3' title='bbox 755 377 991 422; x_wconf 77' lang='lat' dir='ltr'>nrrnonnczrsr</span> <span class='ocrx_word' id='word_1_4' title='bbox 1009 364 1176 422; x_wconf 74' lang='grc'>61666666.</span> <span class='ocrx_word' id='word_1_5' title='bbox 1217 378 1229 386; x_wconf 95' lang='grc'>·</span> 
     </span>
    </p>
   </div>
   <div class='ocr_carea' id='block_1_2' title="bbox 399 535 1513 728">
    <p class='ocr_par' dir='ltr' id='par_1_2' title="bbox 399 535 1513 728">
     <span class='ocr_line' id='line_1_2' title="bbox 399 535 1512 621; baseline -0.006 -17"><span class='ocrx_word' id='word_1_6' title='bbox 399 541 480 605; x_wconf 87' lang='lat' dir='ltr'>hora</span> <span class='ocrx_word' id='word_1_7' title='bbox 496 541 529 604; x_wconf 89' lang='lat' dir='ltr'>in</span> <span class='ocrx_word' id='word_1_8' title='bbox 546 539 672 618; x_wconf 82' lang='lat' dir='ltr'>horam,</span> <span class='ocrx_word' id='word_1_9' title='bbox 690 538 779 618; x_wconf 90' lang='lat' dir='ltr'>quod</span> <span class='ocrx_word' id='word_1_10' title='bbox 806 536 859 602; x_wconf 86' lang='lat' dir='ltr'>isti</span> <span class='ocrx_word' id='word_1_11' title='bbox 876 559 935 621; x_wconf 88' lang='lat' dir='ltr'>pro</span> <span class='ocrx_word' id='word_1_12' title='bbox 952 537 1046 603; x_wconf 82' lang='lat' dir='ltr'>nobis</span> <span class='ocrx_word' id='word_1_13' title='bbox 1063 538 1209 618; x_wconf 84' lang='lat' dir='ltr'>mittant,</span> <span class='ocrx_word' id='word_1_14' title='bbox 1225 537 1312 620; x_wconf 89' lang='lat' dir='ltr'>quod</span> <span class='ocrx_word' id='word_1_15' title='bbox 1328 535 1463 600; x_wconf 88' lang='lat' dir='ltr'>nondum</span> <span class='ocrx_word' id='word_1_16' title='bbox 1477 536 1512 598; x_wconf 86' lang='lat' dir='ltr'>se·</span> 
     </span>
     <span class='ocr_line' id='line_1_3' title="bbox 400 641 1513 728; baseline -0.004 -18"><span class='ocrx_word' id='word_1_17' title='bbox 400 654 523 712; x_wconf 84' lang='lat' dir='ltr'>cerunt.</span> <span class='ocrx_word' id='word_1_18' title='bbox 539 647 580 711; x_wconf 91' lang='lat' dir='ltr'>In</span> <span class='ocrx_word' id='word_1_19' title='bbox 597 646 733 710; x_wconf 89' lang='lat' dir='ltr'>instanti</span> <span class='ocrx_word' id='word_1_20' title='bbox 758 646 841 712; x_wconf 85' lang='lat' dir='ltr'>bora</span> <span class='ocrx_word' id='word_1_21' title='bbox 866 647 1024 712; x_wconf 82' lang='lat' dir='ltr'>sensimus</span> <span class='ocrx_word' id='word_1_22' title='bbox 1042 665 1214 728; x_wconf 89' lang='lat' dir='ltr'>perunum</span> <span class='ocrx_word' id='word_1_23' title='bbox 1242 649 1383 708; x_wconf 83' lang='lat' dir='ltr'>restrum</span> <span class='ocrx_word' id='word_1_24' title='bbox 1402 641 1513 708; x_wconf 87' lang='lat' dir='ltr'>Comes·</span> 
     </span>
    </p>
   </div>
   <div class='ocr_carea' id='block_1_3' title="bbox 399 751 1579 1378">
    <p class='ocr_par' dir='ltr' id='par_1_3' title="bbox 399 751 1579 1378">
     <span class='ocr_line' id='line_1_4' title="bbox 401 751 1513 838; baseline -0.005 -18"><span class='ocrx_word' id='word_1_25' title='bbox 401 755 534 821; x_wconf 84' lang='lat' dir='ltr'>tabilenr</span> <span class='ocrx_word' id='word_1_26' title='bbox 552 755 591 820; x_wconf 87' lang='lat' dir='ltr'>de</span> <span class='ocrx_word' id='word_1_27' title='bbox 607 754 731 834; x_wconf 82' lang='lat' dir='ltr'>Brixia,</span> <span class='ocrx_word' id='word_1_28' title='bbox 757 754 813 838; x_wconf 89' lang='lat' dir='ltr'>qui</span> <span class='ocrx_word' id='word_1_29' title='bbox 829 753 892 819; x_wconf 88' lang='lat' dir='ltr'>fnit</span> <span class='ocrx_word' id='word_1_30' title='bbox 908 759 1024 837; x_wconf 86' lang='lat' dir='ltr'>captus</span> <span class='ocrx_word' id='word_1_31' title='bbox 1040 754 1083 818; x_wconf 88' lang='lat' dir='ltr'>ab</span> <span class='ocrx_word' id='word_1_32' title='bbox 1100 752 1250 832; x_wconf 69' lang='lat' dir='ltr'>inimicis</span> <span class='ocrx_word' id='word_1_33' title='bbox 1266 758 1299 816; x_wconf 89' lang='lat' dir='ltr'>et</span> <span class='ocrx_word' id='word_1_34' title='bbox 1314 751 1374 816; x_wconf 80' lang='lat' dir='ltr'>ivit</span> <span class='ocrx_word' id='word_1_35' title='bbox 1389 751 1428 816; x_wconf 83' lang='lat' dir='ltr'>ad</span> <span class='ocrx_word' id='word_1_36' title='bbox 1443 772 1513 815; x_wconf 83' lang='lat' dir='ltr'>eam-</span> 
     </span>
     <span class='ocr_line' id='line_1_5' title="bbox 399 859 1513 947; baseline -0.005 -18"><span class='ocrx_word' id='word_1_37' title='bbox 399 885 476 947; x_wconf 92' lang='lat' dir='ltr'>pum</span> <span class='ocrx_word' id='word_1_38' title='bbox 503 883 563 946; x_wconf 89' lang='lat' dir='ltr'>pro</span> <span class='ocrx_word' id='word_1_39' title='bbox 588 861 741 928; x_wconf 83' lang='lat' dir='ltr'>solvendo</span> <span class='ocrx_word' id='word_1_40' title='bbox 766 864 888 928; x_wconf 84' lang='lat' dir='ltr'>tolcam</span> <span class='ocrx_word' id='word_1_41' title='bbox 916 883 1026 942; x_wconf 81' lang='lat' dir='ltr'>suam;</span> <span class='ocrx_word' id='word_1_42' title='bbox 1050 861 1138 945; x_wconf 93' lang='lat' dir='ltr'>quod</span> <span class='ocrx_word' id='word_1_43' title='bbox 1164 861 1313 926; x_wconf 90' lang='lat' dir='ltr'>dominns</span> <span class='ocrx_word' id='word_1_44' title='bbox 1334 859 1513 925; x_wconf 83' lang='lat' dir='ltr'>Potrinrobu</span> 
     </span>
     <span class='ocr_line' id='line_1_6' title="bbox 400 967 1579 1124; baseline -0.006 -88"><span class='ocrx_word' id='word_1_45' title='bbox 400 971 497 1036; x_wconf 92' lang='lat' dir='ltr'>hodie</span> <span class='ocrx_word' id='word_1_46' title='bbox 528 970 610 1036; x_wconf 89' lang='lat' dir='ltr'>hora</span> <span class='ocrx_word' id='word_1_47' title='bbox 634 970 750 1055; x_wconf 82' lang='lat' dir='ltr'>quinto</span> <span class='ocrx_word' id='word_1_48' title='bbox 775 969 841 1036; x_wconf 88' lang='lat' dir='ltr'>diei</span> <span class='ocrx_word' id='word_1_49' title='bbox 867 970 1025 1054; x_wconf 80' lang='lat' dir='ltr'>applicuit</span> <span class='ocrx_word' id='word_1_50' title='bbox 1060 969 1102 1034; x_wconf 90' lang='lat' dir='ltr'>ad</span> <span class='ocrx_word' id='word_1_51' title='bbox 1140 971 1288 1053; x_wconf 85' lang='lat' dir='ltr'>campdm</span> <span class='ocrx_word' id='word_1_52' title='bbox 1316 991 1387 1035; x_wconf 86' lang='lat' dir='ltr'>cunr</span> <span class='ocrx_word' id='word_1_53' title='bbox 1411 967 1514 1032; x_wconf 85' lang='grc'>1666616</span> <span class='ocrx_word' id='word_1_54' title='bbox 1573 985 1579 1124; x_wconf 55' lang='lat' dir='ltr'><strong>i</strong></span> 
     </span>
     <span class='ocr_line' id='line_1_7' title="bbox 401 1075 1513 1163; baseline -0.003 -20"><span class='ocrx_word' id='word_1_55' title='bbox 401 1081 488 1144; x_wconf 85' lang='lat' dir='ltr'>circa</span> <span class='ocrx_word' id='word_1_56' title='bbox 503 1078 591 1159; x_wconf 88' lang='lat' dir='ltr'>XL;</span> <span class='ocrx_word' id='word_1_57' title='bbox 614 1085 648 1143; x_wconf 87' lang='grc'>61</span> <span class='ocrx_word' id='word_1_58' title='bbox 664 1077 751 1161; x_wconf 89' lang='lat' dir='ltr'>quod</span> <span class='ocrx_word' id='word_1_59' title='bbox 767 1078 937 1144; x_wconf 80' lang='lat' dir='ltr'>dicebatur</span> <span class='ocrx_word' id='word_1_60' title='bbox 961 1079 994 1144; x_wconf 94' lang='lat' dir='ltr'>iu</span> <span class='ocrx_word' id='word_1_61' title='bbox 1020 1099 1142 1162; x_wconf 78' lang='lat' dir='ltr'>canipa,</span> <span class='ocrx_word' id='word_1_62' title='bbox 1167 1077 1254 1163; x_wconf 91' lang='lat' dir='ltr'>quod</span> <span class='ocrx_word' id='word_1_63' title='bbox 1279 1075 1513 1143; x_wconf 82' lang='lat' dir='ltr'>Ambasiatores</span> 
     </span>
     <span class='ocr_line' id='line_1_8' title="bbox 399 1181 1514 1268; baseline -0.004 -16"><span class='ocrx_word' id='word_1_64' title='bbox 399 1187 585 1252; x_wconf 84' lang='lat' dir='ltr'>Januenses</span> <span class='ocrx_word' id='word_1_65' title='bbox 601 1191 800 1252; x_wconf 79' lang='lat' dir='ltr'>recesserant</span> <span class='ocrx_word' id='word_1_66' title='bbox 816 1185 856 1250; x_wconf 89' lang='lat' dir='ltr'>de</span> <span class='ocrx_word' id='word_1_67' title='bbox 872 1206 1006 1268; x_wconf 72' lang='lat' dir='ltr'>campo,</span> <span class='ocrx_word' id='word_1_68' title='bbox 1030 1191 1063 1250; x_wconf 90' lang='lat' dir='ltr'>et</span> <span class='ocrx_word' id='word_1_69' title='bbox 1080 1183 1168 1268; x_wconf 89' lang='lat' dir='ltr'>quod</span> <span class='ocrx_word' id='word_1_70' title='bbox 1185 1185 1340 1250; x_wconf 87' lang='lat' dir='ltr'>dixerant</span> <span class='ocrx_word' id='word_1_71' title='bbox 1349 1185 1412 1249; x_wconf 87' lang='grc'>1616</span> <span class='ocrx_word' id='word_1_72' title='bbox 1422 1181 1514 1260; x_wconf 82' lang='lat' dir='ltr'>rerba,</span> 
     </span>
     <span class='ocr_line' id='line_1_9' title="bbox 400 1291 1513 1378; baseline -0.005 -18"><span class='ocrx_word' id='word_1_73' title='bbox 400 1294 487 1378; x_wconf 91' lang='lat' dir='ltr'>quod</span> <span class='ocrx_word' id='word_1_74' title='bbox 503 1295 559 1361; x_wconf 89' lang='lat' dir='ltr'>isti</span> <span class='ocrx_word' id='word_1_75' title='bbox 576 1299 760 1359; x_wconf 79' lang='lat' dir='ltr'>tractarent</span> <span class='ocrx_word' id='word_1_76' title='bbox 784 1293 824 1358; x_wconf 92' lang='lat' dir='ltr'>de</span> <span class='ocrx_word' id='word_1_77' title='bbox 850 1315 929 1378; x_wconf 86' lang='lat' dir='ltr'>pace</span> <span class='ocrx_word' id='word_1_78' title='bbox 955 1316 1013 1359; x_wconf 91' lang='lat' dir='ltr'>suo</span> <span class='ocrx_word' id='word_1_79' title='bbox 1038 1295 1152 1375; x_wconf 90' lang='lat' dir='ltr'>modo;</span> <span class='ocrx_word' id='word_1_80' title='bbox 1178 1293 1257 1377; x_wconf 90' lang='lat' dir='ltr'>quia</span> <span class='ocrx_word' id='word_1_81' title='bbox 1281 1298 1340 1358; x_wconf 87' lang='grc'>661</span> <span class='ocrx_word' id='word_1_82' title='bbox 1360 1291 1513 1376; x_wconf 77' lang='lat' dir='ltr'>oportebat</span> 
     </span>
    </p>
   </div>
   <div class='ocr_carea' id='block_1_4' title="bbox 400 1397 1576 1919">
    <p class='ocr_par' dir='ltr' id='par_1_4' title="bbox 400 1397 1576 1919">
     <span class='ocr_line' id='line_1_10' title="bbox 402 1397 1514 1486; baseline -0.006 -19"><span class='ocrx_word' id='word_1_83' title='bbox 402 1402 489 1484; x_wconf 88' lang='lat' dir='ltr'>quod</span> <span class='ocrx_word' id='word_1_84' title='bbox 504 1401 624 1470; x_wconf 87' lang='lat' dir='ltr'>Veuoti</span> <span class='ocrx_word' id='word_1_85' title='bbox 642 1407 750 1466; x_wconf 88' lang='lat' dir='ltr'>esseut</span> <span class='ocrx_word' id='word_1_86' title='bbox 776 1399 835 1464; x_wconf 90' lang='lat' dir='ltr'>sub</span> <span class='ocrx_word' id='word_1_87' title='bbox 861 1399 951 1484; x_wconf 73' lang='lat' dir='ltr'>ipsiS,</span> <span class='ocrx_word' id='word_1_88' title='bbox 967 1408 1024 1466; x_wconf 88' lang='grc'>661</span> <span class='ocrx_word' id='word_1_89' title='bbox 1041 1401 1128 1486; x_wconf 89' lang='lat' dir='ltr'>quod</span> <span class='ocrx_word' id='word_1_90' title='bbox 1144 1401 1207 1485; x_wconf 90' lang='lat' dir='ltr'>ipsi</span> <span class='ocrx_word' id='word_1_91' title='bbox 1223 1406 1334 1466; x_wconf 88' lang='lat' dir='ltr'>esseut</span> <span class='ocrx_word' id='word_1_92' title='bbox 1350 1397 1514 1467; x_wconf 78' lang='grc'>661611666-</span> 
     </span>
     <span class='ocr_line' id='line_1_11' title="bbox 402 1507 1514 1595; baseline -0.007 -19"><span class='ocrx_word' id='word_1_93' title='bbox 402 1512 453 1576; x_wconf 85' lang='lat' dir='ltr'>tis.</span> <span class='ocrx_word' id='word_1_94' title='bbox 474 1511 514 1576; x_wconf 81' lang='lat' dir='ltr'>nt</span> <span class='ocrx_word' id='word_1_95' title='bbox 530 1510 607 1575; x_wconf 91' lang='lat' dir='ltr'>dum</span> <span class='ocrx_word' id='word_1_96' title='bbox 624 1515 794 1594; x_wconf 87' lang='lat' dir='ltr'>peteretur</span> <span class='ocrx_word' id='word_1_97' title='bbox 810 1530 869 1593; x_wconf 88' lang='lat' dir='ltr'>per</span> <span class='ocrx_word' id='word_1_98' title='bbox 885 1531 951 1592; x_wconf 88' lang='lat' dir='ltr'>nos,</span> <span class='ocrx_word' id='word_1_99' title='bbox 968 1533 1031 1595; x_wconf 90' lang='lat' dir='ltr'>que</span> <span class='ocrx_word' id='word_1_100' title='bbox 1047 1533 1127 1594; x_wconf 87' lang='lat' dir='ltr'>gens</span> <span class='ocrx_word' id='word_1_101' title='bbox 1146 1511 1293 1593; x_wconf 86' lang='lat' dir='ltr'>potuerit</span> <span class='ocrx_word' id='word_1_102' title='bbox 1310 1530 1379 1574; x_wconf 87' lang='grc'>6666</span> <span class='ocrx_word' id='word_1_103' title='bbox 1395 1507 1514 1589; x_wconf 85' lang='lat' dir='ltr'>illaque</span> 
     </span>
     <span class='ocr_line' id='line_1_12' title="bbox 401 1605 1514 1703; baseline -0.007 -18"><span class='ocrx_word' id='word_1_104' title='bbox 401 1619 569 1703; x_wconf 85' lang='lat' dir='ltr'>equitavit,</span> <span class='ocrx_word' id='word_1_105' title='bbox 586 1624 622 1683; x_wconf 90' lang='lat' dir='ltr'>ut</span> <span class='ocrx_word' id='word_1_106' title='bbox 637 1605 684 1682; x_wconf 89' lang='lat' dir='ltr'>illi</span> <span class='ocrx_word' id='word_1_107' title='bbox 701 1624 767 1684; x_wconf 88' lang='lat' dir='ltr'>tres</span> <span class='ocrx_word' id='word_1_108' title='bbox 792 1617 886 1683; x_wconf 91' lang='lat' dir='ltr'>nobis</span> <span class='ocrx_word' id='word_1_109' title='bbox 911 1619 1084 1700; x_wconf 74' lang='lat' dir='ltr'>dixerunt,</span> <span class='ocrx_word' id='word_1_110' title='bbox 1108 1619 1193 1684; x_wconf 85' lang='lat' dir='ltr'>dixit</span> <span class='ocrx_word' id='word_1_111' title='bbox 1210 1619 1297 1702; x_wconf 90' lang='lat' dir='ltr'>qnod</span> <span class='ocrx_word' id='word_1_112' title='bbox 1314 1617 1427 1696; x_wconf 78' lang='lat' dir='ltr'>credit,</span> <span class='ocrx_word' id='word_1_113' title='bbox 1442 1614 1514 1700; x_wconf 88' lang='lat' dir='ltr'>quod</span> 
     </span>
     <span class='ocr_line' id='line_1_13' title="bbox 401 1721 1576 1812; baseline -0.005 -22"><span class='ocrx_word' id='word_1_114' title='bbox 401 1726 524 1792; x_wconf 86' lang='lat' dir='ltr'>suerint</span> <span class='ocrx_word' id='word_1_115' title='bbox 539 1733 652 1810; x_wconf 84' lang='lat' dir='ltr'>gentes</span> <span class='ocrx_word' id='word_1_116' title='bbox 669 1747 732 1810; x_wconf 90' lang='lat' dir='ltr'>que</span> <span class='ocrx_word' id='word_1_117' title='bbox 748 1724 842 1792; x_wconf 90' lang='lat' dir='ltr'>ibant</span> <span class='ocrx_word' id='word_1_118' title='bbox 857 1748 969 1792; x_wconf 83' lang='lat' dir='ltr'>versus</span> <span class='ocrx_word' id='word_1_119' title='bbox 985 1727 1086 1795; x_wconf 82' lang='lat' dir='ltr'>filiurn</span> <span class='ocrx_word' id='word_1_120' title='bbox 1105 1727 1238 1793; x_wconf 86' lang='lat' dir='ltr'>Domini</span> <span class='ocrx_word' id='word_1_121' title='bbox 1250 1725 1373 1791; x_wconf 87' lang='lat' dir='ltr'>Padue.</span> <span class='ocrx_word' id='word_1_122' title='bbox 1391 1721 1513 1804; x_wconf 70' lang='lat' dir='ltr'>Tarvisij</span> <span class='ocrx_word' id='word_1_123' title='bbox 1572 1804 1576 1812; x_wconf 66' lang='lat'>,</span> 
     </span>
     <span class='ocr_line' id='line_1_14' title="bbox 400 1832 969 1919; baseline 0.002 -20"><span class='ocrx_word' id='word_1_124' title='bbox 400 1835 506 1919; x_wconf 87' lang='lat' dir='ltr'>primo</span> <span class='ocrx_word' id='word_1_125' title='bbox 523 1832 727 1918; x_wconf 86' lang='lat' dir='ltr'>Septembris</span> <span class='ocrx_word' id='word_1_126' title='bbox 743 1834 827 1900; x_wconf 88' lang='lat' dir='ltr'>hora</span> <span class='ocrx_word' id='word_1_127' title='bbox 844 1833 969 1900; x_wconf 90' lang='lat' dir='ltr'>XXII.</span> 
     </span>
    </p>
   </div>
   <div class='ocr_carea' id='block_1_5' title="bbox 433 1993 1579 2118">
    <p class='ocr_par' dir='ltr' id='par_1_5' title="bbox 433 1993 1579 2118">
     <span class='ocr_line' id='line_1_15' title="bbox 433 1993 1579 2118; baseline -0.002 -20"><span class='ocrx_word' id='word_1_128' title='bbox 433 1993 436 1998; x_wconf 23' lang='lat'><strong><em>¹</em></strong></span> <span class='ocrx_word' id='word_1_129' title='bbox 530 2033 589 2118; x_wconf 79' lang='lat'>21)</span> <span class='ocrx_word' id='word_1_130' title='bbox 612 2031 647 2098; x_wconf 88' lang='lat' dir='ltr'><strong>A</strong></span> <span class='ocrx_word' id='word_1_131' title='bbox 670 2034 902 2098; x_wconf 84' lang='lat' dir='ltr'>velenczei</span> <span class='ocrx_word' id='word_1_132' title='bbox 926 2031 1130 2114; x_wconf 83' lang='lat' dir='ltr'>degenek</span> <span class='ocrx_word' id='word_1_133' title='bbox 1153 2054 1174 2097; x_wconf 89' lang='lat' dir='ltr'>a</span> <span class='ocrx_word' id='word_1_134' title='bbox 1197 2031 1401 2098; x_wconf 78' lang='lat' dir='ltr'>kbretek.</span> <span class='ocrx_word' id='word_1_135' title='bbox 1570 2024 1579 2118; x_wconf 67' lang='grc'>’1</span> 
     </span>
    </p>
   </div>
   <div class='ocr_carea' id='block_1_6' title="bbox 275 2157 1579 4630">
    <p class='ocr_par' dir='ltr' id='par_1_6' title="bbox 401 2157 1514 2352">
     <span class='ocr_line' id='line_1_16' title="bbox 506 2157 1514 2242; baseline -0.007 -16"><span class='ocrx_word' id='word_1_136' title='bbox 506 2158 789 2226; x_wconf 81' lang='lat' dir='ltr'>Excellentissime</span> <span class='ocrx_word' id='word_1_137' title='bbox 815 2157 956 2225; x_wconf 89' lang='lat' dir='ltr'>Domine</span> <span class='ocrx_word' id='word_1_138' title='bbox 974 2166 1096 2226; x_wconf 84' lang='lat' dir='ltr'>noster.</span> <span class='ocrx_word' id='word_1_139' title='bbox 1129 2159 1238 2225; x_wconf 90' lang='lat' dir='ltr'>Hodie</span> <span class='ocrx_word' id='word_1_140' title='bbox 1255 2165 1458 2242; x_wconf 85' lang='lat' dir='ltr'>expectantes</span> <span class='ocrx_word' id='word_1_141' title='bbox 1472 2179 1514 2219; x_wconf 88' lang='lat' dir='ltr'>or-</span> 
     </span>
     <span class='ocr_line' id='line_1_17' title="bbox 401 2264 1514 2352; baseline -0.004 -20"><span class='ocrx_word' id='word_1_142' title='bbox 401 2267 510 2333; x_wconf 88' lang='lat' dir='ltr'>dinem</span> <span class='ocrx_word' id='word_1_143' title='bbox 526 2268 648 2333; x_wconf 90' lang='lat' dir='ltr'>domini</span> <span class='ocrx_word' id='word_1_144' title='bbox 673 2267 792 2333; x_wconf 86' lang='lat' dir='ltr'>Karoli</span> <span class='ocrx_word' id='word_1_145' title='bbox 818 2264 858 2331; x_wconf 91' lang='lat' dir='ltr'>de</span> <span class='ocrx_word' id='word_1_146' title='bbox 884 2267 1017 2335; x_wconf 86' lang='lat' dir='ltr'>essendo</span> <span class='ocrx_word' id='word_1_147' title='bbox 1038 2289 1145 2333; x_wconf 89' lang='lat' dir='ltr'>secum</span> <span class='ocrx_word' id='word_1_148' title='bbox 1163 2273 1195 2333; x_wconf 90' lang='lat' dir='ltr'>et</span> <span class='ocrx_word' id='word_1_149' title='bbox 1212 2290 1286 2332; x_wconf 89' lang='lat' dir='ltr'>cum</span> <span class='ocrx_word' id='word_1_150' title='bbox 1303 2267 1378 2352; x_wconf 85' lang='lat' dir='ltr'>alijs</span> <span class='ocrx_word' id='word_1_151' title='bbox 1393 2264 1514 2332; x_wconf 82' lang='lat' dir='ltr'>Beroni-</span> 
     </span>
    </p>

    <p class='ocr_par' dir='ltr' id='par_1_7' title="bbox 358 2373 1572 2785">
     <span class='ocr_line' id='line_1_18' title="bbox 358 2373 1514 2459; baseline -0.003 -19"><span class='ocrx_word' id='word_1_152' title='bbox 358 2419 360 2424; x_wconf 91' lang='lat'>-</span> <span class='ocrx_word' id='word_1_153' title='bbox 403 2375 463 2440; x_wconf 89' lang='lat' dir='ltr'>bus</span> <span class='ocrx_word' id='word_1_154' title='bbox 480 2383 512 2441; x_wconf 91' lang='lat' dir='ltr'>et</span> <span class='ocrx_word' id='word_1_155' title='bbox 527 2375 700 2458; x_wconf 82' lang='lat' dir='ltr'>colligatis,</span> <span class='ocrx_word' id='word_1_156' title='bbox 725 2377 795 2458; x_wconf 91' lang='lat' dir='ltr'>ipse</span> <span class='ocrx_word' id='word_1_157' title='bbox 821 2374 971 2440; x_wconf 91' lang='lat' dir='ltr'>dominus</span> <span class='ocrx_word' id='word_1_158' title='bbox 997 2375 1145 2442; x_wconf 85' lang='lat' dir='ltr'>Karolus</span> <span class='ocrx_word' id='word_1_159' title='bbox 1160 2375 1249 2441; x_wconf 90' lang='lat' dir='ltr'>misit</span> <span class='ocrx_word' id='word_1_160' title='bbox 1264 2397 1326 2459; x_wconf 89' lang='lat' dir='ltr'>pro</span> <span class='ocrx_word' id='word_1_161' title='bbox 1344 2373 1434 2441; x_wconf 88' lang='lat' dir='ltr'>nobis</span> <span class='ocrx_word' id='word_1_162' title='bbox 1447 2375 1514 2439; x_wconf 84' lang='lat' dir='ltr'>hora</span> 
     </span>
     <span class='ocr_line' id='line_1_19' title="bbox 401 2481 1572 2568; baseline -0.003 -21"><span class='ocrx_word' id='word_1_163' title='bbox 401 2491 493 2548; x_wconf 88' lang='lat' dir='ltr'>sexta</span> <span class='ocrx_word' id='word_1_164' title='bbox 512 2483 594 2566; x_wconf 79' lang='lat' dir='ltr'>diei,</span> <span class='ocrx_word' id='word_1_165' title='bbox 618 2490 739 2549; x_wconf 88' lang='lat' dir='ltr'>etcum</span> <span class='ocrx_word' id='word_1_166' title='bbox 756 2481 896 2568; x_wconf 85' lang='lat' dir='ltr'>Nuucijs</span> <span class='ocrx_word' id='word_1_167' title='bbox 923 2485 988 2549; x_wconf 91' lang='lat' dir='ltr'>suis</span> <span class='ocrx_word' id='word_1_168' title='bbox 1008 2486 1097 2550; x_wconf 83' lang='lat' dir='ltr'>venit</span> <span class='ocrx_word' id='word_1_169' title='bbox 1113 2485 1262 2551; x_wconf 90' lang='lat' dir='ltr'>dominus</span> <span class='ocrx_word' id='word_1_170' title='bbox 1279 2483 1455 2562; x_wconf 78' lang='lat' dir='ltr'>Generalis,</span> <span class='ocrx_word' id='word_1_171' title='bbox 1469 2482 1514 2565; x_wconf 87' lang='lat' dir='ltr'>qui</span> <span class='ocrx_word' id='word_1_172' title='bbox 1564 2489 1572 2501; x_wconf 90' lang='grc'><strong>“</strong></span> 
     </span>
     <span class='ocr_line' id='line_1_20' title="bbox 399 2591 1515 2677; baseline -0.003 -20"><span class='ocrx_word' id='word_1_173' title='bbox 399 2599 475 2657; x_wconf 85' lang='lat' dir='ltr'>aute</span> <span class='ocrx_word' id='word_1_174' title='bbox 492 2593 614 2658; x_wconf 84' lang='lat' dir='ltr'>exitum</span> <span class='ocrx_word' id='word_1_175' title='bbox 631 2599 778 2656; x_wconf 87' lang='lat' dir='ltr'>nostrum</span> <span class='ocrx_word' id='word_1_176' title='bbox 794 2591 834 2657; x_wconf 87' lang='lat' dir='ltr'>de</span> <span class='ocrx_word' id='word_1_177' title='bbox 858 2591 971 2676; x_wconf 86' lang='lat' dir='ltr'>burgis</span> <span class='ocrx_word' id='word_1_178' title='bbox 998 2591 1140 2677; x_wconf 80' lang='lat' dir='ltr'>Tarvisij</span> <span class='ocrx_word' id='word_1_179' title='bbox 1157 2592 1236 2658; x_wconf 87' lang='lat' dir='ltr'>fecit</span> <span class='ocrx_word' id='word_1_180' title='bbox 1252 2613 1312 2657; x_wconf 88' lang='lat' dir='ltr'>nos</span> <span class='ocrx_word' id='word_1_181' title='bbox 1330 2591 1515 2668; x_wconf 77' lang='lat' dir='ltr'>descendere,</span> 
     </span>
     <span class='ocr_line' id='line_1_21' title="bbox 400 2698 1514 2785; baseline -0.003 -20"><span class='ocrx_word' id='word_1_182' title='bbox 400 2704 434 2765; x_wconf 86' lang='lat' dir='ltr'>et</span> <span class='ocrx_word' id='word_1_183' title='bbox 449 2698 533 2764; x_wconf 87' lang='lat' dir='ltr'>dixit</span> <span class='ocrx_word' id='word_1_184' title='bbox 550 2725 556 2764; x_wconf 95' lang='lat'>:</span> <span class='ocrx_word' id='word_1_185' title='bbox 572 2699 659 2783; x_wconf 91' lang='lat' dir='ltr'>quod</span> <span class='ocrx_word' id='word_1_186' title='bbox 686 2701 755 2765; x_wconf 91' lang='lat' dir='ltr'>heri</span> <span class='ocrx_word' id='word_1_187' title='bbox 782 2701 931 2766; x_wconf 91' lang='lat' dir='ltr'>dominus</span> <span class='ocrx_word' id='word_1_188' title='bbox 956 2701 1103 2766; x_wconf 86' lang='lat' dir='ltr'>Karolus</span> <span class='ocrx_word' id='word_1_189' title='bbox 1120 2708 1153 2766; x_wconf 90' lang='lat' dir='ltr'>et</span> <span class='ocrx_word' id='word_1_190' title='bbox 1169 2700 1225 2785; x_wconf 86' lang='lat' dir='ltr'>alij</span> <span class='ocrx_word' id='word_1_191' title='bbox 1244 2721 1356 2766; x_wconf 89' lang='lat' dir='ltr'>omnes</span> <span class='ocrx_word' id='word_1_192' title='bbox 1376 2701 1514 2774; x_wconf 77' lang='lat' dir='ltr'>Berones</span> 
     </span>
    </p>

    <p class='ocr_par' dir='ltr' id='par_1_8' title="bbox 279 2805 1579 3344">
     <span class='ocr_line' id='line_1_22' title="bbox 279 2805 1515 2890; baseline -0.003 -18"><span class='ocrx_word' id='word_1_193' title='bbox 279 2824 282 2836; x_wconf 66' lang='lat'><strong><em>¹</em></strong></span> <span class='ocrx_word' id='word_1_194' title='bbox 400 2806 608 2888; x_wconf 87' lang='lat' dir='ltr'>Patriarcha,</span> <span class='ocrx_word' id='word_1_195' title='bbox 634 2808 722 2872; x_wconf 86' lang='lat' dir='ltr'>filius</span> <span class='ocrx_word' id='word_1_196' title='bbox 747 2807 881 2874; x_wconf 90' lang='lat' dir='ltr'>Domini</span> <span class='ocrx_word' id='word_1_197' title='bbox 910 2807 1034 2890; x_wconf 89' lang='lat' dir='ltr'>Padue,</span> <span class='ocrx_word' id='word_1_198' title='bbox 1054 2807 1248 2890; x_wconf 83' lang='lat' dir='ltr'>JanuenseS,</span> <span class='ocrx_word' id='word_1_199' title='bbox 1266 2814 1300 2874; x_wconf 88' lang='lat' dir='ltr'>et</span> <span class='ocrx_word' id='word_1_200' title='bbox 1317 2830 1427 2874; x_wconf 88' lang='lat' dir='ltr'>omnes</span> <span class='ocrx_word' id='word_1_201' title='bbox 1442 2805 1515 2872; x_wconf 86' lang='lat' dir='ltr'>eolli-</span> 
     </span>
     <span class='ocr_line' id='line_1_23' title="bbox 399 2915 1567 3002; baseline 0 -23"><span class='ocrx_word' id='word_1_202' title='bbox 399 2915 468 2998; x_wconf 80' lang='lat' dir='ltr'>gati</span> <span class='ocrx_word' id='word_1_203' title='bbox 484 2915 617 2980; x_wconf 84' lang='lat' dir='ltr'>fueraut</span> <span class='ocrx_word' id='word_1_204' title='bbox 634 2917 747 2997; x_wconf 88' lang='lat' dir='ltr'>simul;</span> <span class='ocrx_word' id='word_1_205' title='bbox 772 2925 805 2982; x_wconf 91' lang='lat' dir='ltr'>et</span> <span class='ocrx_word' id='word_1_206' title='bbox 821 2918 897 2982; x_wconf 90' lang='lat' dir='ltr'>dum</span> <span class='ocrx_word' id='word_1_207' title='bbox 913 2923 1154 3002; x_wconf 88' lang='lat' dir='ltr'>proponeretur</span> <span class='ocrx_word' id='word_1_208' title='bbox 1170 2938 1232 3000; x_wconf 90' lang='lat' dir='ltr'>per</span> <span class='ocrx_word' id='word_1_209' title='bbox 1248 2916 1415 2984; x_wconf 89' lang='lat' dir='ltr'>domiuum</span> <span class='ocrx_word' id='word_1_210' title='bbox 1424 2916 1514 2982; x_wconf 81' lang='lat' dir='ltr'>Karo·</span> <span class='ocrx_word' id='word_1_211' title='bbox 1564 2947 1567 2955; x_wconf 36' lang='grc' dir='ltr'>ν</span> 
     </span>
     <span class='ocr_line' id='line_1_24' title="bbox 400 3009 1572 3106; baseline -0.001 -19"><span class='ocrx_word' id='word_1_212' title='bbox 400 3023 476 3105; x_wconf 92' lang='lat' dir='ltr'>lum,</span> <span class='ocrx_word' id='word_1_213' title='bbox 492 3023 654 3106; x_wconf 89' lang='lat' dir='ltr'>quomodo</span> <span class='ocrx_word' id='word_1_214' title='bbox 671 3024 817 3090; x_wconf 91' lang='lat' dir='ltr'>dominus</span> <span class='ocrx_word' id='word_1_215' title='bbox 843 3024 916 3090; x_wconf 88' lang='lat' dir='ltr'>Rex</span> <span class='ocrx_word' id='word_1_216' title='bbox 943 3026 1079 3091; x_wconf 89' lang='lat' dir='ltr'>miserat</span> <span class='ocrx_word' id='word_1_217' title='bbox 1104 3047 1159 3091; x_wconf 92' lang='lat' dir='ltr'>eos</span> <span class='ocrx_word' id='word_1_218' title='bbox 1185 3026 1229 3092; x_wconf 93' lang='lat' dir='ltr'>ad</span> <span class='ocrx_word' id='word_1_219' title='bbox 1255 3027 1461 3093; x_wconf 87' lang='lat' dir='ltr'>tractandum</span> <span class='ocrx_word' id='word_1_220' title='bbox 1483 3023 1515 3086; x_wconf 87' lang='lat' dir='ltr'>de</span> <span class='ocrx_word' id='word_1_221' title='bbox 1562 3009 1572 3022; x_wconf 59' lang='lat'><strong><em>⁶</em></strong></span> 
     </span>
     <span class='ocr_line' id='line_1_25' title="bbox 399 3129 1516 3219; baseline -0.002 -23"><span class='ocrx_word' id='word_1_222' title='bbox 399 3153 487 3214; x_wconf 87' lang='lat' dir='ltr'>puce,</span> <span class='ocrx_word' id='word_1_223' title='bbox 503 3138 536 3196; x_wconf 93' lang='lat' dir='ltr'>et</span> <span class='ocrx_word' id='word_1_224' title='bbox 551 3131 640 3215; x_wconf 91' lang='lat' dir='ltr'>quod</span> <span class='ocrx_word' id='word_1_225' title='bbox 665 3132 786 3197; x_wconf 91' lang='lat' dir='ltr'>bonum</span> <span class='ocrx_word' id='word_1_226' title='bbox 812 3141 884 3199; x_wconf 84' lang='lat' dir='ltr'>erat</span> <span class='ocrx_word' id='word_1_227' title='bbox 908 3133 1015 3214; x_wconf 91' lang='lat' dir='ltr'>modo,</span> <span class='ocrx_word' id='word_1_228' title='bbox 1042 3135 1128 3218; x_wconf 91' lang='lat' dir='ltr'>quod</span> <span class='ocrx_word' id='word_1_229' title='bbox 1145 3155 1257 3200; x_wconf 90' lang='lat' dir='ltr'>omnes</span> <span class='ocrx_word' id='word_1_230' title='bbox 1274 3133 1421 3219; x_wconf 87' lang='lat' dir='ltr'>colligati</span> <span class='ocrx_word' id='word_1_231' title='bbox 1436 3129 1516 3198; x_wconf 90' lang='lat' dir='ltr'>simul</span> 
     </span>
     <span class='ocr_line' id='line_1_26' title="bbox 400 3239 1579 3344; baseline -0.001 -40"><span class='ocrx_word' id='word_1_232' title='bbox 400 3245 502 3317; x_wconf 87' lang='lat' dir='ltr'>eraut,</span> <span class='ocrx_word' id='word_1_233' title='bbox 518 3239 558 3305; x_wconf 90' lang='lat' dir='ltr'>de</span> <span class='ocrx_word' id='word_1_234' title='bbox 575 3240 633 3305; x_wconf 89' lang='grc'>1116</span> <span class='ocrx_word' id='word_1_235' title='bbox 659 3261 738 3324; x_wconf 91' lang='lat' dir='ltr'>pace</span> <span class='ocrx_word' id='word_1_236' title='bbox 763 3247 984 3324; x_wconf 73' lang='lat' dir='ltr'>tractaretur,</span> <span class='ocrx_word' id='word_1_237' title='bbox 1009 3243 1033 3310; x_wconf 85' lang='lat' dir='ltr'>J</span> <span class='ocrx_word' id='word_1_238' title='bbox 1037 3263 1196 3308; x_wconf 80' lang='lat' dir='ltr'>cunenses</span> <span class='ocrx_word' id='word_1_239' title='bbox 1214 3245 1448 3327; x_wconf 89' lang='lat' dir='ltr'>responderunt</span> <span class='ocrx_word' id='word_1_240' title='bbox 1462 3261 1516 3304; x_wconf 90' lang='lat' dir='ltr'>om·</span> <span class='ocrx_word' id='word_1_241' title='bbox 1572 3247 1579 3344; x_wconf 64' lang='lat' dir='ltr'>j</span> 
     </span>
    </p>

    <p class='ocr_par' dir='ltr' id='par_1_9' title="bbox 275 3346 1517 4630">
     <span class='ocr_line' id='line_1_27' title="bbox 275 3346 1515 3435; baseline -0.002 -23"><span class='ocrx_word' id='word_1_242' title='bbox 275 3413 278 3420; x_wconf 84' lang='grc'><em>,</em></span> <span class='ocrx_word' id='word_1_243' title='bbox 402 3347 479 3413; x_wconf 93' lang='lat' dir='ltr'>nino</span> <span class='ocrx_word' id='word_1_244' title='bbox 495 3347 582 3412; x_wconf 89' lang='lat' dir='ltr'>nolle</span> <span class='ocrx_word' id='word_1_245' title='bbox 598 3346 766 3413; x_wconf 87' lang='lat' dir='ltr'>attendere</span> <span class='ocrx_word' id='word_1_246' title='bbox 793 3349 836 3414; x_wconf 86' lang='lat' dir='ltr'>ad</span> <span class='ocrx_word' id='word_1_247' title='bbox 860 3371 984 3434; x_wconf 86' lang='lat' dir='ltr'>pacem.</span> <span class='ocrx_word' id='word_1_248' title='bbox 1000 3351 1051 3416; x_wconf 87' lang='lat' dir='ltr'>De</span> <span class='ocrx_word' id='word_1_249' title='bbox 1068 3373 1132 3435; x_wconf 92' lang='lat' dir='ltr'>quo</span> <span class='ocrx_word' id='word_1_250' title='bbox 1149 3352 1317 3418; x_wconf 89' lang='lat' dir='ltr'>dominum</span> <span class='ocrx_word' id='word_1_251' title='bbox 1334 3350 1475 3418; x_wconf 88' lang='lat' dir='ltr'>Karolus</span> <span class='ocrx_word' id='word_1_252' title='bbox 1489 3352 1515 3410; x_wconf 90' lang='grc'>61</span> 
     </span>
     <span class='ocr_line' id='line_1_28' title="bbox 400 3453 1516 3542; baseline -0.001 -23"><span class='ocrx_word' id='word_1_253' title='bbox 400 3453 457 3537; x_wconf 89' lang='lat' dir='ltr'>alij</span> <span class='ocrx_word' id='word_1_254' title='bbox 475 3455 623 3520; x_wconf 83' lang='lat' dir='ltr'>Berones</span> <span class='ocrx_word' id='word_1_255' title='bbox 649 3457 861 3523; x_wconf 89' lang='lat' dir='ltr'>ostenderunt</span> <span class='ocrx_word' id='word_1_256' title='bbox 886 3479 920 3523; x_wconf 89' lang='lat' dir='ltr'>se</span> <span class='ocrx_word' id='word_1_257' title='bbox 946 3460 1092 3540; x_wconf 89' lang='lat' dir='ltr'>turbari;</span> <span class='ocrx_word' id='word_1_258' title='bbox 1121 3466 1155 3524; x_wconf 90' lang='lat' dir='ltr'>et</span> <span class='ocrx_word' id='word_1_259' title='bbox 1170 3457 1308 3540; x_wconf 88' lang='lat' dir='ltr'>videtur,</span> <span class='ocrx_word' id='word_1_260' title='bbox 1336 3460 1516 3542; x_wconf 76' lang='grc'>66611166-</span> 
     </span>
     <span class='ocr_line' id='line_1_29' title="bbox 399 3563 1511 3646; baseline -0.002 -20"><span class='ocrx_word' id='word_1_261' title='bbox 399 3563 547 3628; x_wconf 80' lang='lat' dir='ltr'>tontibus</span> <span class='ocrx_word' id='word_1_262' title='bbox 563 3563 643 3646; x_wconf 87' lang='lat' dir='ltr'>ipsis</span> <span class='ocrx_word' id='word_1_263' title='bbox 659 3563 699 3628; x_wconf 91' lang='lat' dir='ltr'>de</span> <span class='ocrx_word' id='word_1_264' title='bbox 717 3563 806 3630; x_wconf 89' lang='grc'>(11616</span> <span class='ocrx_word' id='word_1_265' title='bbox 822 3568 970 3646; x_wconf 80' lang='lat' dir='ltr'>materia,</span> <span class='ocrx_word' id='word_1_266' title='bbox 986 3589 1071 3633; x_wconf 91' lang='lat' dir='ltr'>uuus</span> <span class='ocrx_word' id='word_1_267' title='bbox 1091 3566 1116 3631; x_wconf 84' lang='lat' dir='ltr'>J</span> <span class='ocrx_word' id='word_1_268' title='bbox 1117 3569 1270 3633; x_wconf 80' lang='lat' dir='ltr'>arinensis</span> <span class='ocrx_word' id='word_1_269' title='bbox 1287 3567 1402 3634; x_wconf 90' lang='lat' dir='ltr'>habuit</span> <span class='ocrx_word' id='word_1_270' title='bbox 1418 3566 1511 3630; x_wconf 90' lang='lat' dir='ltr'>dicere</span> 
     </span>
     <span class='ocr_line' id='line_1_30' title="bbox 400 3669 1515 3758; baseline 0 -24"><span class='ocrx_word' id='word_1_271' title='bbox 400 3669 486 3752; x_wconf 92' lang='lat' dir='ltr'>quod</span> <span class='ocrx_word' id='word_1_272' title='bbox 503 3669 652 3735; x_wconf 89' lang='lat' dir='ltr'>domiuus</span> <span class='ocrx_word' id='word_1_273' title='bbox 677 3670 749 3736; x_wconf 86' lang='lat' dir='ltr'>Rex</span> <span class='ocrx_word' id='word_1_274' title='bbox 776 3693 831 3739; x_wconf 89' lang='lat' dir='ltr'>eos</span> <span class='ocrx_word' id='word_1_275' title='bbox 858 3673 1042 3758; x_wconf 82' lang='lat' dir='ltr'>deceperat,</span> <span class='ocrx_word' id='word_1_276' title='bbox 1067 3681 1100 3740; x_wconf 89' lang='lat' dir='ltr'>et</span> <span class='ocrx_word' id='word_1_277' title='bbox 1125 3675 1210 3740; x_wconf 86' lang='lat' dir='ltr'>talia</span> <span class='ocrx_word' id='word_1_278' title='bbox 1227 3681 1260 3740; x_wconf 91' lang='lat' dir='ltr'>et</span> <span class='ocrx_word' id='word_1_279' title='bbox 1277 3675 1398 3740; x_wconf 84' lang='lat' dir='ltr'>similia</span> <span class='ocrx_word' id='word_1_280' title='bbox 1423 3673 1515 3738; x_wconf 86' lang='lat' dir='ltr'>rerba</span> 
     </span>
     <span class='ocr_line' id='line_1_31' title="bbox 399 3773 1517 3866; baseline 0.004 -25"><span class='ocrx_word' id='word_1_281' title='bbox 399 3773 504 3860; x_wconf 82' lang='lat' dir='ltr'>Quem</span> <span class='ocrx_word' id='word_1_282' title='bbox 521 3779 670 3844; x_wconf 90' lang='lat' dir='ltr'>domiuus</span> <span class='ocrx_word' id='word_1_283' title='bbox 695 3778 838 3864; x_wconf 82' lang='lat' dir='ltr'>Magnus</span> <span class='ocrx_word' id='word_1_284' title='bbox 865 3781 983 3848; x_wconf 86' lang='lat' dir='ltr'>Comes</span> <span class='ocrx_word' id='word_1_285' title='bbox 1009 3783 1208 3848; x_wconf 86' lang='lat' dir='ltr'>intellexisse</span> <span class='ocrx_word' id='word_1_286' title='bbox 1225 3783 1366 3866; x_wconf 84' lang='lat' dir='ltr'>ridetur,</span> <span class='ocrx_word' id='word_1_287' title='bbox 1383 3791 1414 3850; x_wconf 89' lang='grc'>61</span> <span class='ocrx_word' id='word_1_288' title='bbox 1428 3785 1517 3849; x_wconf 87' lang='lat' dir='ltr'>iratus</span> 
     </span>
     <span class='ocr_line' id='line_1_32' title="bbox 401 3885 1517 3976; baseline 0.005 -28"><span class='ocrx_word' id='word_1_289' title='bbox 401 3885 495 3952; x_wconf 85' lang='lat' dir='ltr'>valde</span> <span class='ocrx_word' id='word_1_290' title='bbox 512 3909 584 3952; x_wconf 89' lang='lat' dir='ltr'>cum</span> <span class='ocrx_word' id='word_1_291' title='bbox 600 3907 638 3954; x_wconf 93' lang='lat' dir='ltr'>eo</span> <span class='ocrx_word' id='word_1_292' title='bbox 655 3890 806 3971; x_wconf 89' lang='lat' dir='ltr'>prorupit</span> <span class='ocrx_word' id='word_1_293' title='bbox 832 3891 864 3955; x_wconf 90' lang='lat' dir='ltr'>iu</span> <span class='ocrx_word' id='word_1_294' title='bbox 891 3892 1085 3974; x_wconf 85' lang='lat' dir='ltr'>gravissima</span> <span class='ocrx_word' id='word_1_295' title='bbox 1109 3891 1228 3974; x_wconf 86' lang='lat' dir='ltr'>rerba;</span> <span class='ocrx_word' id='word_1_296' title='bbox 1253 3899 1287 3958; x_wconf 86' lang='lat' dir='ltr'>et</span> <span class='ocrx_word' id='word_1_297' title='bbox 1303 3893 1430 3976; x_wconf 89' lang='lat' dir='ltr'>dicitur,</span> <span class='ocrx_word' id='word_1_298' title='bbox 1446 3888 1517 3975; x_wconf 85' lang='lat' dir='ltr'>quod</span> 
     </span>
     <span class='ocr_line' id='line_1_33' title="bbox 398 3992 1517 4084; baseline 0.007 -28"><span class='ocrx_word' id='word_1_299' title='bbox 398 3992 447 4057; x_wconf 92' lang='lat' dir='ltr'>illi</span> <span class='ocrx_word' id='word_1_300' title='bbox 464 3992 646 4062; x_wconf 87' lang='lat' dir='ltr'>Januenses</span> <span class='ocrx_word' id='word_1_301' title='bbox 662 4000 775 4081; x_wconf 86' lang='lat' dir='ltr'>parari</span> <span class='ocrx_word' id='word_1_302' title='bbox 800 3997 948 4064; x_wconf 84' lang='lat' dir='ltr'>fecerant</span> <span class='ocrx_word' id='word_1_303' title='bbox 967 4021 1076 4084; x_wconf 90' lang='lat' dir='ltr'>equos,</span> <span class='ocrx_word' id='word_1_304' title='bbox 1094 4022 1209 4066; x_wconf 90' lang='lat' dir='ltr'>currus</span> <span class='ocrx_word' id='word_1_305' title='bbox 1225 4007 1259 4066; x_wconf 89' lang='lat' dir='ltr'>et</span> <span class='ocrx_word' id='word_1_306' title='bbox 1275 4004 1386 4069; x_wconf 89' lang='lat' dir='ltr'>omnia</span> <span class='ocrx_word' id='word_1_307' title='bbox 1402 4025 1465 4082; x_wconf 84' lang='lat' dir='ltr'>sua,</span> <span class='ocrx_word' id='word_1_308' title='bbox 1478 4021 1517 4064; x_wconf 89' lang='lat' dir='ltr'>os·</span> 
     </span>
     <span class='ocr_line' id='line_1_34' title="bbox 400 4101 1516 4196; baseline 0.008 -32"><span class='ocrx_word' id='word_1_309' title='bbox 400 4101 567 4168; x_wconf 87' lang='lat' dir='ltr'>tendentes</span> <span class='ocrx_word' id='word_1_310' title='bbox 594 4103 675 4170; x_wconf 90' lang='lat' dir='ltr'>velle</span> <span class='ocrx_word' id='word_1_311' title='bbox 699 4105 863 4186; x_wconf 77' lang='lat' dir='ltr'>recedere,</span> <span class='ocrx_word' id='word_1_312' title='bbox 888 4114 922 4172; x_wconf 91' lang='lat' dir='ltr'>et</span> <span class='ocrx_word' id='word_1_313' title='bbox 946 4109 1134 4176; x_wconf 91' lang='lat' dir='ltr'>nullomodo</span> <span class='ocrx_word' id='word_1_314' title='bbox 1161 4110 1336 4178; x_wconf 85' lang='lat' dir='ltr'>attendere</span> <span class='ocrx_word' id='word_1_315' title='bbox 1353 4113 1396 4178; x_wconf 84' lang='lat' dir='ltr'>ad</span> <span class='ocrx_word' id='word_1_316' title='bbox 1412 4129 1516 4196; x_wconf 82' lang='lat' dir='ltr'>pacem.</span> 
     </span>
     <span class='ocr_line' id='line_1_35' title="bbox 399 4205 1516 4304; baseline 0.006 -31"><span class='ocrx_word' id='word_1_317' title='bbox 399 4205 487 4292; x_wconf 82' lang='lat' dir='ltr'>Quia</span> <span class='ocrx_word' id='word_1_318' title='bbox 504 4209 624 4290; x_wconf 91' lang='lat' dir='ltr'>dicunt,</span> <span class='ocrx_word' id='word_1_319' title='bbox 641 4212 729 4294; x_wconf 92' lang='lat' dir='ltr'>quod</span> <span class='ocrx_word' id='word_1_320' title='bbox 744 4211 826 4278; x_wconf 92' lang='lat' dir='ltr'>bene</span> <span class='ocrx_word' id='word_1_321' title='bbox 844 4216 961 4298; x_wconf 88' lang='lat' dir='ltr'>sciunt,</span> <span class='ocrx_word' id='word_1_322' title='bbox 976 4218 1061 4283; x_wconf 90' lang='lat' dir='ltr'>uude</span> <span class='ocrx_word' id='word_1_323' title='bbox 1078 4224 1112 4283; x_wconf 93' lang='lat' dir='ltr'>et</span> <span class='ocrx_word' id='word_1_324' title='bbox 1128 4220 1291 4304; x_wconf 88' lang='lat' dir='ltr'>quomodo</span> <span class='ocrx_word' id='word_1_325' title='bbox 1308 4226 1458 4304; x_wconf 88' lang='lat' dir='ltr'>poterunt</span> <span class='ocrx_word' id='word_1_326' title='bbox 1471 4218 1516 4282; x_wconf 82' lang='lat' dir='ltr'>ha</span> 
     </span>
     <span class='ocr_line' id='line_1_36' title="bbox 399 4313 1517 4394; baseline 0.008 -17"><span class='ocrx_word' id='word_1_327' title='bbox 399 4313 475 4379; x_wconf 90' lang='lat' dir='ltr'>bere</span> <span class='ocrx_word' id='word_1_328' title='bbox 493 4315 705 4383; x_wconf 89' lang='lat' dir='ltr'>intentionem</span> <span class='ocrx_word' id='word_1_329' title='bbox 722 4327 834 4386; x_wconf 80' lang='lat' dir='ltr'>eorum</span> <span class='ocrx_word' id='word_1_330' title='bbox 851 4323 891 4388; x_wconf 89' lang='lat' dir='ltr'>de</span> <span class='ocrx_word' id='word_1_331' title='bbox 908 4323 1052 4390; x_wconf 85' lang='lat' dir='ltr'>Oiritate</span> <span class='ocrx_word' id='word_1_332' title='bbox 1068 4322 1296 4393; x_wconf 88' lang='lat' dir='ltr'>Venetiarum.</span> <span class='ocrx_word' id='word_1_333' title='bbox 1317 4327 1405 4394; x_wconf 88' lang='lat' dir='ltr'>Nam</span> <span class='ocrx_word' id='word_1_334' title='bbox 1420 4327 1517 4392; x_wconf 84' lang='lat' dir='ltr'>dicunt</span> 
     </span>
     <span class='ocr_line' id='line_1_37' title="bbox 400 4420 1515 4519; baseline 0.013 -37"><span class='ocrx_word' id='word_1_335' title='bbox 400 4420 481 4487; x_wconf 85' lang='lat' dir='ltr'>velle</span> <span class='ocrx_word' id='word_1_336' title='bbox 497 4444 615 4505; x_wconf 87' lang='lat' dir='ltr'>ponere</span> <span class='ocrx_word' id='word_1_337' title='bbox 642 4447 792 4511; x_wconf 86' lang='lat' dir='ltr'>eampum</span> <span class='ocrx_word' id='word_1_338' title='bbox 809 4429 850 4495; x_wconf 87' lang='lat' dir='ltr'>ad</span> <span class='ocrx_word' id='word_1_339' title='bbox 868 4430 1144 4513; x_wconf 83' lang='lat' dir='ltr'>Mathemcucum,</span> <span class='ocrx_word' id='word_1_340' title='bbox 1160 4441 1194 4500; x_wconf 89' lang='grc'>61</span> <span class='ocrx_word' id='word_1_341' title='bbox 1210 4456 1270 4519; x_wconf 88' lang='lat' dir='ltr'>per</span> <span class='ocrx_word' id='word_1_342' title='bbox 1286 4436 1350 4502; x_wconf 84' lang='lat' dir='ltr'>vim</span> <span class='ocrx_word' id='word_1_343' title='bbox 1367 4438 1467 4503; x_wconf 83' lang='lat' dir='ltr'>venire</span> <span class='ocrx_word' id='word_1_344' title='bbox 1481 4429 1515 4498; x_wconf 86' lang='lat' dir='ltr'>ad</span> 
     </span>
     <span class='ocr_line' id='line_1_38' title="bbox 397 4528 1512 4630; baseline 0.015 -37"><span class='ocrx_word' id='word_1_345' title='bbox 397 4528 595 4613; x_wconf 83' lang='lat' dir='ltr'>capiendum</span> <span class='ocrx_word' id='word_1_346' title='bbox 622 4537 802 4606; x_wconf 86' lang='lat' dir='ltr'>steelratum</span> <span class='ocrx_word' id='word_1_347' title='bbox 837 4538 1001 4624; x_wconf 86' lang='lat' dir='ltr'>dicentes;</span> <span class='ocrx_word' id='word_1_348' title='bbox 1028 4550 1061 4607; x_wconf 83' lang='grc'>61</span> <span class='ocrx_word' id='word_1_349' title='bbox 1088 4543 1175 4628; x_wconf 91' lang='lat' dir='ltr'>quod</span> <span class='ocrx_word' id='word_1_350' title='bbox 1205 4545 1321 4613; x_wconf 87' lang='lat' dir='ltr'>nolunt</span> <span class='ocrx_word' id='word_1_351' title='bbox 1347 4545 1387 4616; x_wconf 87' lang='lat' dir='ltr'>de</span> <span class='ocrx_word' id='word_1_352' title='bbox 1404 4541 1512 4630; x_wconf 80' lang='lat' dir='ltr'>Vngari</span> 
     </span>
    </p>
   </div>
   <div class='ocr_carea' id='block_1_7' title="bbox 0 0 1590 5253">
    <p class='ocr_par' dir='ltr' id='par_1_10' title="bbox 0 0 1590 5253">
     <span class='ocr_line' id='line_1_39' title="bbox 0 0 1590 5253; baseline 0 0"><span class='ocrx_word' id='word_1_353' title='bbox 0 0 1590 5253; x_wconf 95' lang='lat' dir='ltr'> </span> 
     </span>
    </p>
   </div>
  </div>
 </body>
</html>
