3226 5258
641 1581 668 1644 1.

87 1737 230 1803 Erzsdbet
246 1763 389 1828 mappas·
404 1741 560 1828 kirdlynd
574 1744 607 1808 ds
625 1743 942 1831 Lcnqyelorszdpbaa
953 1743 977 1808 Ι.
990 1745 1089 1830 Lajos
1099 1741 1214 1830 kirdly

86 1846 380 1934 ldytartdndjdnek
397 1847 583 1934 Kaiprodei
607 1849 755 1916 Winricb
771 1875 793 1916 a
809 1853 910 1918 admei
927 1853 1008 1917 read
1025 1851 1213 1937 fdmeelere,

87 1953 163 2039 dopy
187 1961 207 2018 ὅ
231 1954 387 2020 Zicmouit
409 1955 574 2022 mazoviae·
588 1958 778 2044 berczeqnek
803 1959 834 2024 Ι.
860 1959 961 2044 Lujos
986 1958 1102 2046 kirctly
1133 1959 1213 2023 elica

163 2061 328 2148 seqitstyet
345 2065 500 2149 nyujtaai
514 2066 591 2130 soba
606 2089 678 2130 narn
696 2067 892 2134 ezdadolcolt.
918 2067 1014 2132 1370.
1029 2068 1134 2153 aequa.
1162 2128 1166 2134 .

190 2219 388 2288 Humillima
397 2223 712 2291 recommendatione
729 2246 801 2291 cum
818 2225 1022 2292 orationibus
1033 2227 1067 2292 in
1077 2225 1211 2292 Christo

8 2365 9 2370 κ
90 2327 211 2394 devotis
236 2331 412 2413 premissis.
439 2330 597 2416 Princeps
613 2331 837 2414 Serenissima,
852 2334 995 2400 Domina
1010 2341 1124 2400 nostra
1140 2356 1215 2416 gra-

90 2437 183 2501 ciosa
199 2435 366 2503 Litterarn
381 2445 522 2504 vestram
539 2438 632 2504 nobis
648 2439 809 2506 directam
819 2440 995 2506 honorifice
1007 2442 1216 2525 suscepimus,

24 2585 26 2590 .
89 2549 119 2606 et
141 2563 220 2608 sanc
236 2543 464 2627 intelleximus
480 2543 600 2614 Vestra
617 2546 865 2630 Magnificencie
883 2545 1110 2632 significantes
1125 2549 1215 2634 quod

90 2649 126 2714 de
151 2649 272 2716 auxilio
297 2658 332 2716 et
357 2651 506 2716 subsidio
531 2652 661 2717 domino
687 2653 774 2719 Duci
799 2653 946 2719 Masovie
971 2675 1030 2738 pro
1046 2657 1214 2721 invasione

91 2757 192 2841 Regni
209 2759 347 2825 Polonie
373 2781 433 2843 per
454 2780 511 2825 nos
526 2761 673 2844 inpenso,
689 2768 727 2826 nt
744 2761 897 2844 scribitis,
912 2761 1006 2826 nobis
1021 2763 1152 2846 penitus
1168 2763 1216 2828 nil

89 2875 231 2948 constat;
253 2873 287 2932 ct
303 2868 472 2933 occasione
497 2867 684 2934 huiusmodi
700 2873 783 2934 teste
800 2867 941 2935 Domino
958 2891 1039 2954 erga
1054 2868 1212 2939 Vestram

90 2969 367 3057 Magnificenciam
387 2996 497 3040 sumus
513 2974 703 3040 innocenter
720 2974 832 3041 delati.
848 2975 937 3042 Bene
953 2977 1086 3059 quidem
1103 2999 1214 3061 recog·

89 3081 254 3162 noscimus,
275 3082 364 3166 quod
381 3087 458 3148 ante
473 3081 591 3149 festum
607 3082 800 3150 Nativitatis
818 3080 945 3150 Christi
960 3085 1106 3168 proxime
1122 3083 1212 3168 elap-

91 3211 159 3254 sum
175 3191 279 3256 dictus
304 3190 454 3256 dominus
478 3191 555 3256 Dux
579 3197 717 3275 propter
733 3191 880 3256 diversas
897 3213 1013 3257 causas
1029 3198 1063 3256 et
1078 3190 1214 3272 negocia

89 3299 291 3382 interipsum
306 3304 341 3363 et
357 3319 441 3382 suos,
457 3303 490 3363 et
506 3319 565 3363 nos
581 3303 614 3364 et
629 3305 760 3364 nostros
775 3301 941 3366 vertencia
956 3299 990 3364 in
1006 3299 1139 3364 civitate
1159 3319 1214 3364 no·

91 3417 160 3472 stra
176 3405 354 3488 Strasburg
370 3403 533 3490 quendam
543 3406 717 3472 terminum
727 3405 911 3473 celebravit.
927 3405 994 3474 Vbi
1006 3409 1213 3473 intercetera

91 3513 182 3579 nobis
206 3536 278 3581 suas
305 3515 432 3579 votivas
463 3534 576 3597 preces
606 3513 726 3580 obtulit
757 3513 961 3580 affectuosius
991 3514 1218 3599 supplicando,

92 3629 245 3702 quatenus
271 3622 336 3689 sibi
361 3621 477 3687 XIIII
491 3620 583 3689 milia
608 3620 805 3688 florenorum
821 3629 971 3687 mutuare
989 3622 1216 3705 dignaremnr;

92 3748 166 3794 narn
188 3752 246 3814 pro
271 3730 394 3798 eisdam
419 3729 511 3796 nobis
537 3728 704 3813 quandam
731 3749 824 3795 suam
840 3728 1077 3796 Oastellaniam
1094 3732 1215 3796 dictam

92 3834 229 3905 Wessna
252 3859 313 3924 pro
338 3839 435 3904 vadio
461 3859 518 3904 seu
544 3838 681 3923 pignore
706 3835 946 3904 deliberaverat
972 3837 1128 3922 obligare.
1145 3837 1216 3902 Nos

92 3963 168 4010 vcro
182 3947 433 4027 considerantes,
448 3943 536 4029 quod
552 3944 629 4010 lieet
644 3945 733 4011 dicta
751 3943 953 4010 Castellania
969 3951 1056 4010 esset
1073 3947 1106 4009 in
1122 3950 1215 4010 vasta

93 4050 259 4120 solitudine
275 4055 408 4134 situata,
425 4053 557 4120 deserta
572 4060 605 4118 et
620 4053 720 4119 nullis
737 4052 867 4118 omnino
887 4051 1072 4119 hominibus
1091 4051 1217 4130 locata;

94 4161 182 4238 quod
195 4163 306 4229 exinde
323 4160 432 4227 nullos
448 4163 498 4228 vel
513 4160 726 4245 paucissimos
743 4159 872 4241 assequi
888 4157 1013 4226 fructus
1024 4159 1216 4239 valeremus,

93 4273 199 4335 tamen
213 4292 271 4355 pro
287 4270 449 4337 custodiis
470 4275 502 4335 et
518 4268 754 4335 municionibus
771 4267 1035 4334 Christianitatis
1051 4265 1220 4331 fructuosa

93 4379 134 4438 et
154 4379 236 4443 utilis
260 4379 446 4459 videretur;
470 4378 602 4444 tandem
629 4377 731 4461 ipsius
748 4376 873 4441 domini
890 4374 991 4441 Ducis
1007 4371 1221 4458 peticionibus

95 4485 305 4564 acquievimus
332 4487 396 4554 sibi
421 4485 493 4555 VH
510 4486 602 4551 milia
618 4483 817 4550 florenorum
837 4487 1034 4563 mutuantes,
1051 4479 1141 4546 dicta
1158 4479 1221 4546 Oa-

95 4590 241 4661 stellunia
255 4603 408 4681 pretextu
425 4616 521 4662 cause
537 4594 694 4679 premisse
709 4613 771 4676 pro
788 4593 925 4677 pignore
945 4595 1123 4674 acceptata.
1140 4589 1220 4657 Post

1076 4696 1114 4766 l*
