3134 5254
376 393 440 462 3118
731 403 965 460 unmounomm
984 379 1149 454 surdrumt.

377 583 568 642 notaverant
597 575 741 659 capitula
766 595 888 654 eorum,
913 594 976 655 que
993 571 1170 636 Commune
1187 567 1210 631 J
1214 586 1298 630 anuo
1315 563 1394 646 petit
1407 563 1435 622 et
1448 554 1487 622 iu·
1556 585 1557 592 ¹

379 686 483 751 tondit
501 692 619 769 petere.
648 682 713 749 Sed
731 689 907 764 antequam
934 681 1052 744 darent
1079 676 1170 740 uobis
1184 673 1252 754 illa,
1269 672 1332 754 ipsi
1348 667 1489 742 volebant,

380 794 465 878 quod
483 815 542 858 nos
559 793 821 876 promitteremus
835 792 881 854 eis
891 790 938 853 ita
950 786 1145 870 respondere
1162 784 1196 847 iu
1214 780 1343 862 scriptis
1358 776 1398 841 ad
1412 775 1489 838 illum

380 903 566 986 terminum,
593 901 671 984 quid
699 903 905 977 statueretur,
932 895 1015 960 sieut
1038 893 1101 977 ipsi
1118 889 1241 956 (labant
1258 885 1399 970 capitula
1413 882 1491 946 nobis

380 1012 413 1076 iu
432 1011 568 1093 seriptis
595 1010 639 1073 m
657 1008 750 1070 uobis
777 1004 985 1071 trahentibus
1001 1024 1058 1066 uos
1074 1002 1108 1065 iu
1124 1006 1250 1083 partem
1268 1001 1301 1060 et
1318 991 1491 1058 conferenti·

381 1121 441 1184 bus
459 1117 597 1198 insimul,
615 1137 674 1180 uos
692 1115 917 1198 respondimus
944 1111 1073 1192 eisdem,
1096 1107 1182 1192 quod
1198 1106 1238 1170 de
1254 1125 1344 1168 more
1359 1099 1493 1166 Domina·

382 1227 480 1292 tionis
507 1225 628 1291 Vestro
655 1246 717 1288 ron
743 1229 813 1287 erat
839 1221 1037 1304 respondere
1054 1219 1086 1282 iu
1110 1214 1250 1298 seriptis
1268 1209 1325 1276 sed
1342 1213 1493 1282 oretenus

384 1345 414 1401 rt
432 1341 606 1420 propterea
623 1355 681 1397 nos
697 1355 762 1397 nou
780 1331 957 1397 audeamus
974 1330 1079 1394 faeere
1098 1327 1143 1390 eis
1159 1324 1245 1390 bauo
1261 1321 1362 1386 talem
1377 1313 1491 1400 promis-
1556 1379 1557 1386 χ

385 1445 516 1523 sionem,
526 1443 588 1506 nisi
600 1442 704 1524 primo
715 1441 929 1505 scriberemus
945 1433 1172 1502 Dominatioui
1187 1429 1316 1507 Vestro,
1332 1428 1492 1511 pugnantes

383 1551 531 1616 erunibus
547 1549 659 1628 modis,
679 1547 795 1632 quibus
816 1547 987 1630 potuimus,
1006 1549 1043 1609 ut
1062 1565 1125 1607 nou
1146 1539 1365 1620 astringerent
1383 1553 1435 1597 uos
1458 1525 1491 1592 ad

385 1660 734 1742 lmnopromissionem.
747 1654 811 1722 Sed
832 1678 903 1718 oum
925 1653 988 1736 ipsi
1004 1651 1091 1715 nullo
1112 1646 1205 1712 modo
1226 1646 1347 1710 vellent
1358 1637 1495 1705 assentire

388 1769 429 1834 ad
442 1766 583 1831 (laudum
597 1765 689 1828 nobis
701 1763 844 1847 capitula
857 1767 889 1825 et
900 1759 1075 1844 petitiones
1086 1777 1159 1822 suas
1171 1756 1205 1818 in
1221 1752 1360 1834 seriptis,
1370 1769 1423 1812 neo
1440 1765 1497 1810 ore·

388 1885 482 1941 tenus
499 1874 555 1938 illa
574 1873 691 1953 dioere,
709 1872 769 1935 nisi
797 1871 975 1935 laoeremus
992 1867 1039 1931 eis
1056 1862 1302 1949 promissionem
1318 1855 1497 1941 predictam

390 1991 421 2048 et
439 2006 509 2048 oum
527 1984 588 2046 hae
607 1981 757 2063 opinione
783 1984 876 2043 eraut
903 1998 1014 2041 omues
1035 1971 1285 2039 Ambasiatores
1302 1966 1434 2031 aliorum
1448 1959 1499 2026 ool·

386 2095 570 2174 ligatorum,
582 2089 763 2172 allegantes
775 2087 860 2171 quod
873 2085 963 2165 illud,
974 2083 1061 2166 quod
1072 2083 1133 2166 ipsi
1146 2079 1302 2164 petebant
1319 2080 1388 2142 erat
1401 2069 1498 2159 juridi-

392 2223 461 2264 cum
474 2227 481 2281 ;
505 2199 648 2265 finaliter
659 2197 901 2263 conferentibus
912 2193 1005 2260 uobis
1017 2191 1149 2257 insimul
1160 2189 1339 2254 uuaaltera
1350 2186 1422 2263 vioe,
1431 2189 1458 2246 et
1467 2179 1500 2241 ri·

369 2369 374 2378 ,
392 2310 551 2387 dentibus,
569 2306 726 2389 quodnisi
740 2305 925 2369 fecissemus
937 2301 1186 2385 promissionem
1196 2297 1387 2381 predictam,
1396 2289 1451 2376 ipsi
1459 2307 1501 2350 ru

392 2417 503 2480 lebant
520 2416 671 2480 recedere
689 2412 936 2494 dicentesque]
948 2409 1088 2494 amplius
1099 2409 1286 2473 mitteretur
1303 2427 1362 2489 pro
1378 2405 1436 2482 eis,
1456 2415 1501 2461 nos

393 2525 589 2589 assensimus
615 2523 810 2606 respondero
836 2522 882 2586 eis
904 2521 936 2584 in
954 2519 1083 2601 scriptis
1100 2517 1143 2582 ad
1159 2517 1250 2582 illum
1268 2513 1446 2591 terminum,
1459 2505 1502 2589 qui

394 2638 610 2712 statueretur3
636 2632 780 2710 dioendo,
805 2628 891 2713 quod
916 2628 999 2693 bene
1028 2626 1115 2710 quod
1131 2626 1252 2690 ueritas
1270 2629 1365 2702 esset,
1382 2614 1503 2704 quodde
1555 2603 1557 2612 ’

395 2762 483 2805 more
509 2738 630 2804 Vestro
656 2738 899 2804 Dominatiouis
925 2759 988 2801 uon
1016 2741 1087 2801 erat
1112 2733 1309 2816 respondere
1335 2725 1503 2809 inscriptis,

395 2855 504 2911 tamen
531 2867 590 2912 uos
617 2846 804 2911 volebamus
831 2866 955 2910 sumere
986 2841 1054 2911 hoo
1078 2862 1159 2910 onus
1179 2863 1278 2924 super
1294 2861 1371 2918 nos,
1394 2831 1504 2920 promit·

396 2963 503 3020 tentes
522 2956 567 3020 eis
584 2956 829 3038 responderem
847 2956 976 3038 seriptis
993 2953 1036 3020 ad
1051 2954 1224 3019 terminum
1248 2953 1303 3035 qui
1321 2951 1505 3014 statueretur.

397 3067 442 3129 Et
453 3065 516 3148 ipsi
534 3067 705 3148 petierunt,
723 3088 815 3148 quem
833 3063 1227 3158 terminum-nolebamus,
1254 3069 1287 3126 et
1304 3083 1362 3126 nos
1378 3057 1506 3143 petijmus

399 3176 572 3238 terminum
589 3174 632 3237 ad
664 3175 748 3238 diem
766 3174 839 3238 lune
866 3177 1020 3258 proxime,
1052 3173 1201 3238 videlicet
1218 3175 1369 3236 octavum
1386 3168 1463 3231 diem
1475 3159 1506 3225 ab
1556 3163 1557 3168 ’

397 3281 564 3346 hodierno.
589 3283 635 3346 nt
651 3281 714 3364 ipsi
739 3281 872 3346 tireruut
889 3283 1040 3363 conteuti,
1061 3281 1189 3346 dicento
1206 3281 1295 3345 dioto
1313 3279 1439 3344 domiuo
1454 3271 1507 3338 Ka·

399 3389 469 3453 rolo
486 3414 493 3454 ε
513 3387 589 3454 »Ad
614 3389 705 3454 illum
733 3391 908 3455 terminum
933 3411 988 3454 ros
1012 3386 1291 3472 deliberaveratis,
1308 3395 1338 3450 et
1356 3388 1388 3452 iu
1404 3385 1456 3450 illa
1469 3381 1507 3445 die

397 3498 526 3562 tormini
551 3498 591 3562 de
617 3519 710 3562 mane
735 3520 790 3563 vos
815 3496 1055 3580 respondebitis
1081 3497 1174 3562 nobis
1200 3497 1256 3562 ubi
1290 3501 1425 3578 erimus
1447 3492 1507 3560 etsi

402 3612 477 3669 aute
494 3604 780 3684 ‹lelibe1·arissotiS,
806 3628 865 3671 nos
890 3609 1010 3671 erimus
1028 3607 1171 3670 contenti
1189 3607 1339 3690 accipere
1356 3605 1511 3691 responsio·

402 3735 458 3777 nes
483 3719 617 3778 vestras.
642 3713 687 3777 Et
712 3714 762 3777 lris
788 3713 882 3779 dietis
907 3718 1013 3798 primo
1030 3737 1089 3799 per
1105 3715 1292 3782 danuonses
1309 3717 1390 3782 data
1406 3717 1511 3780 suerunt

403 3820 495 3882 nobis
523 3820 674 3902 capitula,
701 3819 839 3886 seeundo
865 3843 923 3904 por
948 3819 1199 3889 Ambasiatores
1216 3823 1338 3889 domini
1356 3825 1512 3890 Patrimuu
1556 3819 1557 3822 ’

404 3926 517 3992 ultimo
544 3950 602 4010 per
628 3927 878 3994 Ambasiatores
904 3931 1037 3995 Domini
1062 3929 1186 3996 Padus.
1213 3929 1285 4015 Quo
1313 3932 1512 4016 capitulouon

406 4039 574 4116 possentes
600 4033 706 4099 faeere
732 4037 866 4118 copiari,
898 4039 975 4122 quia
1006 4038 1255 4104 deliberavimus
1288 4061 1412 4106 summo
1441 4054 1513 4103 maur

405 4142 533 4205 mittere
548 4143 621 4207 Bon
637 4141 821 4209 ‹lohannem
841 4146 1014 4212 Notarium
1032 4153 1178 4213 nostrum
1196 4169 1268 4214 cnm
1286 4148 1415 4214 domino
1431 4145 1514 4212 Gene-

406 4249 467 4313 rali
486 4249 527 4312 ad
545 4271 702 4333 eampum,
728 4274 787 4334 pro
814 4254 943 4318 sciendo
965 4276 1058 4336 quem
1076 4257 1206 4320 modum
1225 4257 1376 4321 dominus
1392 4253 1513 4320 Karalus

409 4356 561 4421 ordinare
577 4358 643 4422 vult
661 4358 700 4422 ‹le
711 4361 864 4442 capitulis
880 4362 973 4426 uobis
989 4364 1167 4445 porreetis3
1200 4370 1233 4429 et
1249 4364 1312 4429 hoo
1329 4372 1455 4448 propter
1468 4357 1515 4423 col·

407 4463 518 4544 loquia
534 4464 648 4530 habita
673 4489 775 4550 usque
801 4491 885 4534 nune
911 4492 982 4534 eum
1011 4471 1221 4536 Excelleneia
1241 4478 1272 4535 ot
1291 4466 1514 4556 Magnitioorrtia

408 4569 543 4635 aliorum
560 4573 736 4660 Barouum,
753 4577 873 4644 Vestro
889 4580 1116 4644 Dmninatioui
1132 4580 1293 4645 mittimus
1311 4583 1343 4645 iu
1355 4573 1513 4644 uuosaculo
