3190 5252
386 339 451 402 436
740 353 974 400 umnousczmr
991 341 1163 398 suntuna.

386 516 433 580 cis
444 513 531 592 date,
541 513 647 596 Regio
659 511 810 580 videlicet
819 511 925 577 Jadre
937 512 1107 578 millesimo
1118 511 1349 577 trecentesimo
1362 509 1505 592 quinqua·

387 623 509 706 gesimo
521 628 638 686 octauo
650 621 702 685 die
712 615 1506 703 XVIII.Februarii,etDucisdieXXV.Februa·

387 729 438 808 rii,
455 729 613 794 acaciam
630 730 742 812 vigore
755 727 840 812 juris
855 728 1034 792 communis
1054 732 1086 791 et
1102 727 1212 791 multis
1241 727 1315 790 aliis
1332 722 1504 790 racionibus

388 843 421 900 et
437 837 555 904 cansia
572 837 625 902 Ex
651 836 788 902 adverso
814 857 889 901 vero
914 834 1080 919 prefatum
1108 832 1287 900 Commune
1304 833 1505 900 Veneciarum

391 944 518 1010 diceret
534 946 639 1010 dictas
656 944 797 1010 buoches
814 942 857 1009 ad
873 965 906 1008 se
923 945 1020 1026 pleno
1032 943 1108 1027 jure
1125 949 1284 1026 spectare,
1300 941 1425 1026 sibique
1440 937 1506 1022 legi·

388 1051 467 1118 time
484 1059 668 1137 competere
683 1053 738 1137 jus
748 1050 943 1136 prohibendi
960 1056 992 1116 et
1002 1051 1134 1116 vetandi
1147 1052 1251 1117 dictas
1267 1051 1407 1116 buoches
1425 1057 1507 1114 etac-

389 1180 516 1224 cessum
533 1160 576 1227 ad
593 1183 657 1244 eas,
673 1161 707 1225 in
724 1164 780 1242 eis,
796 1183 855 1245 per
880 1181 944 1242 eae,
960 1166 994 1224 et
1017 1181 1113 1224 usum
1139 1181 1263 1243 earum,
1287 1167 1318 1224 et
1345 1157 1431 1243 quod
1454 1153 1507 1238 ipsi
1575 1213 1577 1234 ,

390 1265 604 1333 Serenissimo
622 1269 752 1333 domino
764 1267 857 1352 Regi,
875 1288 935 1333 nec
946 1268 1014 1332 eius
1025 1266 1166 1332 subditis
1182 1266 1303 1333 licebat
1319 1261 1510 1332 contradicti

390 1374 581 1443 Communis
597 1377 819 1445 Veneeiarum
829 1376 1030 1442 voluntatem
1042 1376 1085 1442 ad
1095 1377 1200 1444 dictae
1216 1377 1358 1442 bacchas
1369 1373 1507 1442 accedere

391 1483 441 1548 vel
457 1484 619 1567 navigare,
636 1485 688 1550 vel
703 1486 736 1549 in
753 1486 799 1550 eis
824 1484 1033 1569 quidcunque
1059 1485 1242 1568 immittere,
1267 1485 1318 1549 vel
1344 1485 1384 1549 de
1408 1483 1450 1548 eis
1464 1501 1508 1544 ex·

392 1591 522 1656 trahere
538 1598 655 1657 cenna
671 1592 770 1675 ipsius
795 1589 985 1658 Communis
1010 1593 1228 1672 voluntatem;
1253 1613 1292 1658 ac
1308 1596 1440 1676 negaret
1454 1588 1510 1655 dic·

395 1704 466 1762 tum
483 1695 662 1763 Commune
678 1699 790 1782 vigore
800 1698 886 1764 dicte
897 1699 989 1782 pacis
1005 1698 1134 1782 prelato
1151 1697 1364 1764 Serenissimo
1381 1698 1458 1781 Regi
1467 1692 1509 1758 vel

394 1806 462 1870 suis
480 1804 622 1871 subditis
639 1808 681 1872 ad
697 1807 847 1891 predicta
863 1829 896 1871 se
907 1805 975 1872 fore
986 1807 1173 1889 aliqualiter
1184 1808 1376 1891 obligatum,
1386 1813 1417 1870 et
1431 1805 1508 1869 dicto

396 1910 525 1978 domino
542 1912 627 1995 Regi
643 1914 694 1978 vel
711 1913 850 1978 subditis
868 1915 934 1979 suis
951 1936 1008 1980 seu
1024 1912 1122 1978 alicui
1138 1915 1195 1979 alii
1211 1915 1246 1980 in
1271 1915 1365 1980 dictis
1389 1910 1507 1978 bucchis

390 2021 444 2104 jus
461 2022 594 2104 aliquod
610 2030 794 2106 competere
810 2025 923 2107 quovis
940 2023 1037 2090 modo
1049 2045 1105 2089 seu
1116 2027 1284 2090 occasione
1300 2021 1507 2108 qualibetsive

395 2149 503 2194 causa
520 2129 685 2195 Finaliter
701 2131 787 2196 dicte
798 2138 908 2213 partes
918 2130 977 2196 sub
989 2123 1133 2197 tractatu
1143 2130 1411 2215 prefatiillustris
1421 2126 1509 2194 domi·

395 2236 429 2298 ni
447 2235 588 2301 Amadei
605 2235 741 2302 Comitis
759 2236 923 2305 Sabaudie
941 2240 983 2304 ad
999 2236 1242 2322 infrascriptam
1258 2238 1508 2311 transacoionem,

397 2343 666 2426 composicionem
684 2353 718 2410 et
733 2352 832 2429 pacta
849 2346 1068 2430 solempnibus
1079 2347 1350 2430 stipulacionibus
1365 2341 1510 2411 hincinde

396 2451 688 2519 intervenientibus
704 2460 923 2538 pervenerunt
939 2455 973 2519 in
989 2454 1095 2520 forma
1114 2452 1335 2538 inhascripta,
1351 2453 1509 2518 videlicet:

398 2556 494 2642 Quod
509 2581 569 2642 pro
586 2562 674 2626 omni
690 2562 760 2628 iure
777 2565 841 2647 ipsi
856 2562 988 2628 domino
1005 2563 1091 2647 Regi
1108 2565 1226 2628 eteius
1243 2561 1469 2628 successoribus
1479 2561 1509 2620 et

398 2666 537 2732 subditis
546 2691 740 2754 quocunque
749 2677 783 2735 et
799 2671 1050 2756 qualiterunque
1066 2675 1271 2755 competente
1282 2667 1451 2754 navigandi
1458 2685 1509 2750 per

398 2773 533 2858 gullum,
551 2777 677 2844 scilicet
693 2781 779 2844 inter·
795 2779 900 2844 dictos
922 2780 1073 2861 confines,
1099 2777 1250 2845 videlicet
1266 2802 1286 2844 a
1302 2773 1507 2844 Pulmentorio

400 2889 431 2947 et
448 2882 489 2947 ab
506 2881 658 2950 Arimino
669 2887 829 2953 exclusive
839 2908 953 2952 versus
965 2885 1134 2968 Venecias,
1151 2887 1238 2952 etad
1254 2887 1360 2953 dictas
1376 2882 1507 2958 bucohaa

399 2995 433 3055 et
448 2991 481 3055 in
498 2992 553 3072 eis,
564 3000 598 3056 et
609 2994 805 3060 immittendi
816 3015 1027 3078 quascunque
1039 3017 1091 3060 res
1103 3002 1136 3061 et
1146 3015 1277 3076 merces,
1288 3002 1320 3060 et
1332 2993 1404 3060 inde
1419 2997 1508 3056 extra·

399 3098 497 3164 hendi
514 3121 553 3163 cx
569 3104 770 3185 exportandi,
787 3112 819 3169 et
835 3125 894 3186 pro
912 3125 1102 3186 quocunque
1120 3105 1276 3170 interesse
1293 3095 1508 3186 ipsinsdomini

400 3207 501 3291 Regis
518 3214 551 3274 et
567 3210 769 3277 subditorum
788 3234 930 3292 suorum,
940 3233 1001 3295 pro
1012 3235 1050 3276 eo
1061 3211 1149 3295 quod
1164 3233 1222 3295 per
1239 3210 1362 3276 dictum
1378 3209 1506 3275 Commu·

401 3335 441 3379 ne
457 3315 675 3383 Veneciarum
692 3321 931 3402 prohibeantur
945 3321 995 3384 uti
1021 3320 1116 3384 dictis
1142 3318 1283 3400 bucchis,
1307 3325 1340 3384 et
1364 3339 1420 3403 pro
1436 3311 1504 3381 omni

398 3424 480 3508 jure,
497 3424 666 3508 peticione,
693 3429 822 3492 accione
838 3434 870 3492 et
896 3427 1118 3510 requisicione,
1136 3447 1198 3510 que
1214 3426 1248 3490 in
1265 3425 1453 3506 eisbucchiq
1466 3417 1504 3484 vel

402 3552 461 3613 pro
478 3533 532 3612 eis,
542 3533 592 3596 vel
603 3556 713 3600 earum
725 3537 891 3602 occasione
901 3540 1102 3618 competeret
1111 3533 1198 3599 dicto
1210 3533 1340 3600 domino
1356 3534 1503 3616 Regitur

402 3639 585 3705 cessoribus
602 3649 635 3707 et
651 3642 790 3708 subditis
808 3644 873 3708 suis
891 3628 1182 3727 quomodocunque
1202 3647 1233 3706 et
1254 3641 1504 3726 qualitercunque

402 3753 434 3811 et
447 3747 616 3812 occasione
633 3751 778 3833 qualibet
789 3752 854 3818 sive
870 3771 977 3834 causa,
994 3756 1026 3814 et
1042 3756 1079 3814 ut
1096 3750 1158 3834 ipsi
1170 3749 1300 3814 domino
1317 3748 1401 3832 Regi
1416 3743 1503 3811 eteius

402 3856 643 3922 successoribus
659 3865 693 3922 et
709 3859 846 3925 subditis
862 3860 895 3923 in
920 3859 1016 3924 dictis
1042 3859 1173 3924 bucchis
1199 3864 1390 3941 perpetuum
1415 3852 1504 3918 scilen-

403 3963 486 4029 cium
503 3965 689 4047 imponatur
705 3967 751 4032 sic
767 3975 800 4034 et
815 3968 938 4048 taliter,
955 3967 1044 4050 quod
1054 3967 1142 4032 intra
1153 3967 1258 4032 dictos
1273 3966 1401 4048 limiteS,
1415 3956 1504 4026 videli-

403 4077 455 4136 cet
470 4093 490 4136 a
507 4071 732 4140 Pulmentorio
750 4082 782 4141 et
798 4078 840 4143 ab
869 4077 1020 4141 Arimino
1048 4075 1206 4140 exclusive
1232 4095 1344 4139 versus
1368 4066 1504 4140 Venecias

402 4180 561 4261 navigare
579 4203 651 4246 cum
667 4183 827 4248 mercibus
845 4205 901 4249 seu
920 4185 993 4249 aliis
1021 4181 1220 4267 quibuslibet
1245 4181 1430 4247 victualibus
1452 4174 1503 4236 sit(³

403 4289 518 4373 rebus,
542 4293 687 4375 exceptis
704 4299 813 4358 tamen
829 4293 902 4374 hiis,
920 4316 981 4377 que
996 4315 1056 4377 pro
1076 4294 1165 4357 victu
1181 4298 1215 4357 et
1240 4293 1358 4356 vestitu
1382 4290 1501 4372 ipsorum

404 4397 583 4478 quemlibet
599 4400 775 4483 expediret,
792 4403 857 4466 alio
874 4423 973 4484 quam
989 4399 1151 4467 Venecias
1166 4421 1231 4464 non
1247 4400 1363 4478 valeat,
1381 4415 1433 4460 nec
1446 4404 1503 4474 poe

404 4505 468 4586 sit·,
492 4506 560 4569 sine
577 4507 738 4572 mercibus
754 4514 873 4594 autem,
891 4509 1087 4575 victualibus
1104 4514 1137 4573 et
1152 4507 1250 4574 rebus
1277 4505 1503 4590 predictarum
