3190 5252
586 389 680 452 1383.

593 699 667 761 256.

177 860 340 928 Velenczei
355 861 499 947 kbvetse'p
514 884 536 925 a
552 883 695 946 mayyar
710 860 950 947 kirdlyne'lcboz.
970 857 1063 944 138²(
1081 908 1088 924 .

170 1020 273 1086 Anno
289 1017 609 1086 MOOOLXXXII.
625 1019 803 1086 indictione
813 1026 914 1104 sexta,
931 1019 983 1087 die
1000 1024 1097 1087 tertio
1109 1045 1195 1088 men-

66 1132 106 1197 sis
130 1127 333 1196 Decembris.
358 1124 504 1211 Capta
521 1150 527 1190 :
544 1126 642 1211 Quod
667 1126 883 1211 Ambaxat0r‚
909 1130 965 1213 qui
993 1135 1042 1194 est
1071 1130 1195 1196 electus

66 1237 106 1302 ad
121 1243 234 1322 partes
249 1236 432 1320 Hungarie,
447 1242 480 1302 et
496 1235 596 1302 etiam
612 1235 805 1320 acceptarit
821 1243 853 1301 et
868 1235 924 1301 ille
940 1238 1047 1320 etiam,
1060 1239 1116 1320 qui
1126 1237 1195 1304 elli-

66 1353 158 1430 getur
174 1347 246 1413 loco
262 1345 361 1428 illius,
377 1345 433 1429 qui
449 1343 610 1428 refutarit,
627 1346 654 1410 si
679 1343 893 1428 elligerentur
909 1346 943 1410 in
968 1353 1136 1429 posterum
1152 1347 1195 1412 ad

3 1523 5 1530 ,
65 1454 195 1538 aliquod
214 1453 369 1536 regimen,
386 1458 559 1519 teneantur
576 1450 802 1519 nichilominus
818 1451 865 1517 ire
883 1457 916 1518 et
940 1453 1093 1538 prosequi
1111 1453 1191 1519 Am-

64 1561 218 1629 baxatam
235 1561 332 1627 istam
347 1581 407 1643 pro
424 1581 488 1625 non
503 1557 709 1643 impediendo
726 1559 813 1624 faeta
837 1567 934 1642 terre,
951 1563 1145 1627 reservando
1162 1563 1191 1626 ei

64 1670 111 1737 rel
128 1670 175 1735 eis
192 1669 345 1752 remmon,
362 1673 399 1732 ut
415 1673 464 1732 est
479 1666 610 1732 iustum.

170 1775 318 1842 Ellectus
335 1773 543 1841 Ambaxator
567 1773 618 1840 ad'
635 1781 748 1858 partes
773 1773 948 1859 Hungarie
964 1801 971 1840 ι
988 1774 1049 1842 Ser
1074 1776 1193 1841 Bertu-

64 1887 131 1952 cius
148 1883 348 1966 Oontareno,
364 1883 518 1950 relumvit
535 1904 607 1948 cum
624 1903 717 1966 pena.
735 1879 798 1948 Ser
813 1881 933 1948 Petrus
953 1881 1062 1967 Aymo
1080 1881 1193 1950 Aduo·

66 2001 164 2075 catur,
180 1993 339 2059 refutarit
355 1997 490 2077 propter
510 1990 741 2056 infirmitatem.
767 1989 828 2056 Ser
852 1990 1044 2058 Bernardus
1068 1990 1194 2074 Braga-

66 2101 150 2181 dinc,
182 2101 339 2166 refutavit
380 2121 450 2165 cum
483 2119 577 2184 pena.
612 2098 672 2165 Ser
699 2098 850 2166 Marinus
882 2099 1000 2181 Mem0,
1037 2097 1194 2165 refutavit

3 2209 4 2212 ’
66 2231 133 2274 cum
149 2231 244 2294 pene.
360 2236 362 2240 ¹

168 2317 234 2383 Die
249 2314 311 2386 VI.
328 2314 529 2384 Decembris.
556 2314 612 2381 Ca
622 2333 699 2400 psa
718 2341 725 2381 :
742 2313 839 2400 Quod
851 2316 969 2382 nobilis
989 2317 1038 2382 vir
1055 2318 1194 2383 serPet·

64 2448 115 2492 rus
131 2405 248 2511 Arme,
264 2422 387 2490 electus
403 2421 611 2490 Ambaxator
625 2422 668 2487 ad
679 2421 912 2489 Serenissimas
928 2423 1076 2490 dominas
1094 2423 1193 2508 Regi-

4 2573 5 2582 ι
65 2555 120 2598 nas
153 2532 345 2600 absolvatur
375 2531 506 2597 adiuta
537 2530 728 2597 Amboxata
758 2553 818 2617 pro
850 2533 1014 2616 gravitate
1045 2553 1193 2617 persone,

63 2641 189 2707 iurante
205 2641 276 2726 ipso
292 2661 424 2706 causam
441 2661 510 2706 esse
526 2661 643 2706 veram.

167 2749 233 2814 Die
250 2743 350 2817 XVI.
366 2746 566 2813 Decembris.
578 2745 742 2831 Capta:
760 2745 844 2812 Cum
854 2749 984 2814 omnino
996 2749 1039 2813 sit
1049 2769 1193 2816 necessa·

64 2856 145 2919 rium
162 2856 284 2921 nostris
301 2853 585 2920 Ambaxatoribus
610 2855 705 2920 ituris
721 2856 763 2921 ad
790 2853 1020 2921 Serenissimas
1046 2855 1193 2924 dominas

65 2961 206 3048 Reginae
223 2961 342 3027 habere
358 2984 455 3027 unum
471 2963 683 3048 interpretem
700 2984 760 3046 pro
786 2963 870 3030 bono
896 2961 1091 3046 Ambexetc,
1124 2965 1193 3031 sine

64 3092 124 3154 quo
139 3071 250 3137 facere
266 3091 330 3136 non
345 3076 481 3153 possunt
498 3069 565 3135 ullo
583 3070 687 3152 modo,
705 3077 738 3135 et
754 3076 821 3136 tres
838 3091 968 3136 saumas
980 3085 995 3152 3*
1005 3071 1094 3138 vadit
1103 3094 1191 3157 pars,

64 3180 147 3263 quod
164 3199 304 3263 expense
320 3161 399 3244 dieti
416 3179 606 3262 interpretis
631 3185 664 3244 et
689 3199 878 3245 senmurum
893 3179 965 3244 fieri
990 3180 1125 3263 possint,
1157 3186 1189 3245 et

65 3287 128 3351 sint
158 3287 248 3352 ultra
265 3267 422 3368 expensas
454 3284 550 3350 dictis
582 3285 703 3351 nostris
719 3284 1002 3352 Ambaxatoribus
1020 3286 1192 3352 limitatas.

168 3392 232 3458 Die
249 3393 391 3458 secunda
407 3390 569 3459 Jenuarii.
594 3391 738 3478 Capta
754 3420 761 3459 :
779 3392 866 3479 Quia
876 3400 925 3458 est
939 3393 979 3458 de
996 3396 1191 3462 necessitate

65 3501 138 3566 dare
155 3499 396 3584 expeditionem
413 3499 695 3568 Ambaxatoribus
722 3505 842 3569 nostris
858 3501 955 3569 ituris
979 3503 1022 3568 ad
1049 3499 1192 3569 Sereuis-

65 3611 158 3676 simas
176 3608 326 3675 dominas
341 3609 487 3694 Reginos
503 3609 674 3696 Hungarie
691 3617 725 3677 et
739 3632 804 3678 non
822 3609 958 3695 perdere
970 3620 1115 3695 tempus3
1139 3633 1192 3676 va·

68 3716 114 3784 dit
128 3741 214 3804 pars,
229 3717 320 3803 quod
337 3718 418 3784 dicti
433 3716 678 3785 Ambexatores
695 3721 826 3786 omnino
852 3727 1024 3785 teneantur
1040 3718 1189 3785 recedere

67 3831 96 3890 et
110 3827 156 3892 ire
175 3826 218 3893 ad
234 3845 327 3892 suam
345 3823 566 3892 Ambaxatam
591 3847 694 3910 usque
719 3827 859 3893 medium
885 3829 1006 3892 mensis
1031 3828 1192 3912 presentis

68 3931 217 4000 danuarii
234 3934 294 4001 sub
311 3955 396 4017 pena
410 3932 552 4000 libatum
569 3932 596 3999 C
613 3956 674 4018 pro
692 3935 848 4018 quolibet,
868 3957 966 4019 qusun
976 3935 1110 4018 exigant
1119 3933 1190 3999 Ad·

69 4047 231 4107 vocatores
247 4039 444 4125 Communis,
459 4039 610 4107 habendo
635 4049 772 4125 partem,
798 4049 835 4105 ut
859 4041 898 4107 de
914 4041 988 4108 aliis
1004 4042 1053 4106 sui
1072 4039 1190 4106 Officii.

169 4149 232 4215 Die
249 4148 308 4217 IV.
326 4149 509 4215 Februarii.
528 4149 674 4233 (lapte
691 4174 697 4214 :
714 4149 801 4232 quod
812 4149 1190 4232 Ambaxatoresedpar·
1226 4189 1232 4199 ,

68 4259 114 4320 tes
139 4257 309 4340 Hungarie
334 4261 506 4322 teneantur
531 4255 683 4323 recedere
708 4277 812 4341 usque
838 4257 908 4323 dies
933 4277 1047 4324 novem
1068 4263 1189 4325 menes

68 4361 233 4431 Februarii
252 4365 311 4431 sub
326 4385 410 4449 pena
427 4361 588 4430 librarum
609 4370 738 4430 centum
753 4385 814 4449 pro
830 4364 987 4449 quolibet,
1003 4385 1100 4447 quem
1125 4365 1191 4431 exi·

68 4478 143 4550 gunt
156 4471 383 4538 Advocatores
398 4471 599 4555 Communis,
615 4472 767 4539 habendo
794 4478 922 4556 partem
938 4477 975 4539 ut
991 4472 1031 4536 de
1047 4471 1121 4536 aliis
1138 4473 1189 4542 sui

69 4573 169 4651 Oltitii
183 4580 244 4647 iste
260 4580 417 4656 terminus
434 4579 572 4675 amplius
593 4579 759 4676 ellongeri
785 4601 844 4645 nec
868 4579 909 4646 de
933 4600 1018 4675 pena
1044 4579 1091 4654 eis
1118 4579 1190 4652 lieri
