3248 5242
395 409 459 472 714
746 423 978 468 orruounczrcr
998 411 1165 470 urrunnun.

390 585 517 652 Illustri
536 592 569 651 et
578 585 717 652 Excelsa
727 582 876 663 Domino,
887 583 1017 649 domino
1026 583 1118 649 Duce
1128 589 1161 650 et
1170 581 1352 650 Commune
1364 583 1523 650 Venetia

391 718 464 762 rum
476 695 664 760 ducatorum
675 699 799 777 septem
811 690 914 758 millia
924 694 995 758 auri
1005 692 1111 758 causis
1121 699 1154 757 et
1164 692 1393 758 rationibusin
1402 693 1524 756 instru-

391 809 502 868 mento
513 801 602 885 pacis
612 800 821 884 singulariter
832 801 1040 886 expressatis,
1056 805 1090 863 et
1105 797 1341 865 Serenissimus
1351 799 1524 882 Dominus,

392 912 541 979 dominus
557 907 784 994 Sigismuudus
801 909 863 974 Dei
881 911 990 992 gratia
1006 907 1079 974 Rex
1096 908 1277 992 Hungarie,
1293 912 1355 974 eta
1371 930 1411 974 sc
1433 906 1525 974 Sere·

390 1020 524 1086 nissima
540 1017 792 1084 domiuaMaria
802 1037 936 1084 consors
947 1018 1015 1082 eius
1027 1016 1155 1100 Regina
1165 1015 1526 1099 Hungarie,misserint

392 1149 467 1194 suas
484 1133 632 1211 patentes
647 1126 770 1208 literas,
786 1127 829 1192 ad
844 1148 959 1192 manus
976 1125 1198 1210 circumspecti
1214 1127 1274 1191 viri
1285 1123 1434 1192 Conradi
1445 1123 1523 1190 dicti

393 1233 490 1301 Grau
508 1235 549 1300 de
565 1235 788 1317 Norimberga
804 1256 890 1300 nunc
906 1232 1120 1302 Venetiarum
1137 1235 1316 1316 existentis,
1333 1236 1411 1319 sotij
1432 1233 1526 1301 Petri

392 1345 432 1411 de
447 1344 685 1428 Puthelberger
695 1345 734 1410 de
744 1343 974 1428 Norimberga,
991 1351 1216 1410 contentorum
1234 1349 1267 1409 et
1283 1346 1525 1410 nominatorum

393 1453 426 1519 iu
452 1453 580 1519 duabus
604 1454 709 1520 literis
733 1453 936 1520 bombacinis
962 1453 1132 1520 destinatis
1157 1453 1279 1518 Ducali
1303 1452 1460 1518 Dominio
1485 1475 1526 1518 ex

392 1567 487 1647 parte
504 1557 710 1654 Serenissimi
727 1560 849 1626 domiui
864 1559 968 1643 Regis
984 1559 1156 1642 Hungarie
1173 1561 1402 1644 suprascripti,
1418 1562 1527 1645 prima

392 1691 530 1754 quarum
548 1667 627 1734 data
643 1667 706 1734 fuit
722 1668 816 1735 Bude
827 1668 1004 1753 penultimo
1015 1666 1130 1753 Marcij
1144 1666 1525 1736 MbOdLXXXXIL

391 1779 424 1843 in
443 1799 508 1862 qua
523 1777 709 1846 nominatur
724 1777 890 1861 predictus
917 1777 1037 1842 Petrus
1061 1777 1301 1862 Puthelberger
1329 1777 1369 1843 de
1393 1777 1527 1844 Nurim-

393 1887 513 1970 berga;
553 1885 694 1952 secunda
731 1908 806 1953 vero
846 1887 944 1952 litera
984 1885 1063 1950 data
1102 1884 1197 1951 Bude
1228 1883 1406 1954 XXVIII.
1438 1888 1525 1973 Mnij

391 1990 760 2076 MOCGLXXXXII,
789 1995 823 2058 iu
854 2015 920 2077 que
942 1993 1127 2059 nominatur
1150 1993 1318 2078 predictus
1349 1991 1525 2060 Comedus

395 2102 501 2166 dictus
519 2099 635 2181 Grsw3
658 2121 718 2185 per
743 2122 826 2185 quas
842 2101 972 2184 quidem
988 2105 1139 2187 patentes
1154 2102 1268 2167 literas
1285 2102 1442 2187 prelibati
1468 2103 1527 2168 do·

392 2209 499 2274 minus
515 2207 589 2273 Rex
606 2213 638 2273 et
653 2208 783 2291 Regina
807 2208 930 2274 fatiunt
946 2209 1051 2291 finem,
1076 2211 1329 2293 quiectationem
1346 2217 1380 2276 et
1394 2211 1526 2278 absolu·

392 2317 514 2382 tionem
547 2316 685 2386 liberam
717 2317 757 2382 de
790 2316 941 2402 predicta
977 2317 1170 2384 ducatorum
1205 2318 1299 2386 VII¹¹
1330 2321 1527 2402 quantitate,

393 2431 493 2508 prout
508 2425 541 2488 in
557 2425 679 2490 eisdem
695 2425 817 2491 litteris
843 2425 928 2492 datis
944 2427 979 2491 in
1003 2425 1383 2494 M.OOO.LXXXX11.
1410 2431 1443 2494 in
1468 2429 1525 2494 die

392 2533 522 2598 termini
540 2530 654 2604 Sancti
670 2533 771 2618 Regis
788 2531 957 2618 Stephani,
974 2536 1040 2602 suis
1066 2535 1182 2620 sigillis
1206 2537 1334 2621 magnis
1358 2537 1463 2621 Regio
1490 2545 1527 2603 et
1622 2583 1623 2610 2

392 2640 546 2723 Reginali
579 2640 720 2722 vallatis,
746 2639 960 2723 singulariter
985 2648 1018 2706 et
1043 2646 1219 2727 speciosius
1244 2646 1437 2724 continetur,
1461 2667 1525 2728 pro

393 2746 554 2814 solutione
570 2749 648 2814 anui
664 2750 824 2833 presentis
841 2751 881 2815 de
898 2747 1251 2818 MOCGLXXXXII.
1272 2750 1419 2837 prefatus
1439 2751 1526 2819 Con·
1621 2837 1623 2850 ,

392 2855 493 2921 radus
510 2856 614 2922 dictus
632 2854 741 2941 Grau,
768 2864 937 2942 tamquam
952 2865 1158 2943 presentator
1174 2860 1362 2927 litterarum
1377 2866 1410 2925 et
1427 2861 1524 2927 Nun·
1622 2939 1623 2948 ἵ

393 2965 459 3030 tius
476 2965 712 3048 prelibatorum
741 2965 943 3033 dominorum
970 2966 1073 3052 Regis
1098 2973 1131 3034 et
1157 2968 1284 3053 Regine
1309 2970 1464 3054 Egregijs
1491 2976 1526 3035 et
1622 2985 1623 3000 ³

393 3073 570 3143 Nobilibus
586 3073 672 3156 viris,
699 3074 837 3140 dominis
855 3076 999 3142 Fautiuo
1026 3075 1178 3162 Quemne,
1204 3077 1320 3144 Marco
1346 3077 1466 3158 Barbo,
1491 3085 1523 3143 et
1622 3157 1623 3170 χ

394 3179 564 3247 Bernardc
581 3181 801 3265 Fuschareno,
818 3181 1023 3250 Officialibus
1046 3184 1226 3251 Rationum
1252 3183 1441 3252 Communis
1457 3185 1524 3254 Ve-
1621 3189 1623 3250 ἐ

393 3290 563 3372 netiarum,
574 3290 804 3374 recipientibus
814 3292 942 3358 nomine
959 3299 992 3358 et
1007 3294 1074 3358 vioe
1083 3293 1230 3358 Illustris
1240 3294 1364 3360 domini
1374 3294 1479 3360 Ducis
1490 3303 1522 3363 et
1622 3319 1623 3378 j

394 3393 582 3462 Communis
599 3395 826 3482 Venetiarum,
842 3406 957 3483 sponte
975 3407 1062 3466 etex
1078 3406 1169 3467 certe
1185 3403 1285 3468 animi
1295 3403 1432 3468 scientia
1447 3425 1523 3469 oon-
1621 3473 1623 3484 ,

392 3507 501 3570 tentus
517 3509 551 3569 et
566 3503 733 3570 confessus
749 3507 819 3588 fuit,
840 3530 874 3574 se
890 3507 1043 3575 babuisse
1068 3515 1101 3574 et
1132 3511 1302 3594 recepisse,
1327 3517 1361 3576 et
1384 3532 1420 3575 rs
1444 3532 1522 3576 vera
1622 3485 1623 3528 ³

393 3612 440 3676 sio
456 3611 572 3678 habuit
587 3619 621 3677 et
633 3615 757 3699 recepit
773 3637 793 3681 a
812 3615 966 3700 predictis
977 3616 1114 3684 dominis
1126 3615 1332 3685 Officialibus
1343 3619 1521 3685 Rationum
1621 3701 1623 3716 ι

394 3715 585 3786 Communis
617 3720 831 3790 Venetiauum
867 3725 1021 3792 dantibus
1048 3732 1081 3790 et
1107 3727 1306 3793 solventibus
1330 3729 1458 3794 nomine
1490 3735 1520 3794 et
1621 3735 1623 3764 ⁵

393 3827 462 3892 vice
489 3827 619 3896 Excelsi
646 3837 679 3895 et
701 3830 844 3898 Illustris
869 3832 1004 3899 Domini
1030 3832 1152 3901 domiui
1178 3834 1339 3920 Anthonij
1367 3834 1516 3915 Venerio,
1621 3819 1623 3878 3

393 3935 456 4001 Dei
475 3937 584 4019 grstia
603 3937 714 4005 Incliti
731 3939 832 4006 Ducis
858 3939 1072 4008 Venetiarum
1090 3965 1128 4008 ac
1154 3941 1343 4009 Communis
1368 3943 1521 4011 Venetia·
1621 3927 1623 3964 *

394 4066 483 4124 rum3
508 4050 542 4109 et
558 4045 597 4112 de
615 4049 750 4131 proprie
765 4052 904 4132 pecunia
919 4050 1020 4133 ipsius
1037 4049 1238 4133 Oommuuis,
1253 4052 1387 4118 ducatos
1398 4059 1519 4137 septem
1621 4041 1623 4048 ’

394 4151 499 4217 millia
515 4151 591 4219 boni
608 4156 679 4220 auri
696 4161 729 4220 et
747 4158 824 4222 iusti
841 4157 1013 4241 ponderis;
1037 4166 1069 4224 et
1084 4158 1146 4224 boc
1161 4181 1246 4226 nuuc
1262 4159 1434 4226 solutionis
1447 4183 1519 4245 pre-
1621 4177 1623 4256 j

394 4261 481 4326 dicte
496 4261 601 4332 fieude
627 4265 660 4330 in
685 4265 772 4331 dicto
798 4273 945 4351 tempore
969 4269 1010 4335 de
1035 4291 1144 4335 mense
1179 4269 1325 4354 Augusti
1349 4293 1409 4357 pro
1434 4292 1517 4336 anno
1622 4277 1623 4282 ’

394 4373 536 4452 presenti
553 4372 593 4437 de
610 4370 971 4441 MCCOLXXXXII.
998 4397 1057 4461 per
1082 4375 1245 4461 prelatum
1270 4377 1434 4444 dominum
1451 4377 1521 4442 Du·
1621 4385 1623 4394 ’

394 4499 463 4542 cem
480 4483 512 4542 et
529 4479 706 4546 Commune
727 4481 944 4550 Venetisrum.
962 4483 1013 4549 De
1029 4486 1147 4568 quibus
1158 4485 1301 4552 denariis
1312 4495 1344 4553 et
1355 4509 1519 4574 pagapre-

379 4583 500 4654 xdictus
518 4585 688 4660 Corradus
705 4590 810 4661 dictus
827 4589 925 4658 Grau
942 4599 1148 4683 presentatur
1164 4594 1346 4664 litterarum
1363 4597 1520 4682 predicta-
