3134 5254
378 412 444 474 272
738 427 969 472 succensemus
987 413 1155 472 rznrnunuu.

381 587 474 669 Rex;
498 594 530 654 et
547 588 697 653 dominus
710 586 782 654 Rex
796 587 882 652 male
892 592 1004 670 posset
1019 606 1053 650 se
1069 584 1244 651 defendere
1261 607 1282 650 a
1296 585 1410 651 talibus
1424 581 1486 648 elle·

383 694 569 777 gationibus
594 716 666 760 cum
692 695 815 760 honore
842 715 909 759 suo.
931 695 977 759 Et
993 692 1041 758 sic
1058 691 1244 758 videbamus
1261 713 1319 775 per
1332 693 1423 757 istum
1435 711 1488 754 mo·

385 801 461 868 dum
489 824 547 868 nos
572 823 641 868 esse
667 803 701 866 in
726 809 831 868 totum
857 801 1051 882 destructoS,
1075 805 1108 864 et
1135 807 1300 883 oporteret
1317 820 1372 866 nos
1386 799 1488 863 soluere

387 916 514 976 tantem
532 912 713 994 pecuniam,
729 910 779 974 rel
796 909 879 975 tolia
903 907 1010 974 facere
1026 929 1088 992 que
1105 910 1234 974 omnino
1250 909 1345 974 nobis
1360 909 1490 990 importu-

385 1018 466 1083 bilia
479 1017 596 1084 forent.
614 1018 667 1082 Ex
684 1017 803 1100 quibus
819 1015 910 1082 nullo
935 1017 1031 1082 modo
1048 1014 1143 1082 nobis
1158 1015 1339 1097 videbatur,
1355 1013 1435 1098 quod
1448 1013 1490 1076 do·

384 1127 492 1191 minus
517 1124 590 1191 Rex
616 1125 656 1190 de
680 1125 739 1190 tali
765 1147 845 1209 pace
860 1123 996 1191 deberet
1010 1146 1080 1191 esse
1092 1123 1202 1211 judex,
1218 1131 1251 1190 et
1267 1145 1327 1189 uec
1343 1124 1432 1188 etiam
1445 1141 1491 1204 per

381 1233 489 1298 Deum
515 1234 584 1317 ipse
611 1233 651 1298 de
676 1233 739 1298 hoc
763 1234 844 1300 velle
870 1234 988 1301 debere
1014 1238 1149 1316 propter
1173 1233 1318 1298 rationes
1343 1231 1492 1315 predictae

381 1340 543 1408 Finaliter
560 1343 622 1426 ipsi
639 1342 874 1424 concluserunt,
901 1341 988 1424 quod
1013 1340 1101 1407 nullo
1118 1341 1215 1406 modo
1231 1340 1331 1406 aliter
1344 1339 1442 1404 fecere
1454 1339 1492 1401 in·

380 1448 567 1530 tendebant,
592 1450 655 1516 nisi
679 1451 766 1532 quod
790 1450 940 1516 dominus
964 1449 1037 1514 Rex
1062 1456 1274 1532 cognosceret·
1298 1449 1339 1514 de
1369 1446 1492 1530 posent

387 1578 485 1642 supra
500 1559 703 1639 continetur;
726 1564 761 1623 et
776 1557 865 1640 quod
879 1557 1071 1623 deberemus
1087 1558 1193 1623 redire
1204 1555 1390 1622 Tarvisium
1397 1561 1428 1620 et
1436 1571 1493 1618 esse

384 1688 457 1732 cum
473 1667 603 1734 domiuo
618 1667 793 1748 Zacharia,
810 1673 845 1733 et
859 1689 933 1733 cras
943 1666 1124 1734 deliberare
1142 1675 1175 1734 et
1191 1670 1238 1734 eis
1255 1665 1495 1750 responderem·

385 1797 445 1860 per
456 1776 607 1860 capitulis
624 1782 658 1841 et
672 1776 844 1843 concordio
860 1774 967 1842 fiendo
984 1798 1054 1841 cum
1067 1776 1196 1843 domino
1207 1776 1310 1860 Rege,
1320 1780 1354 1840 et
1362 1793 1450 1857 super
1456 1773 1494 1855 ju·

382 1884 467 1950 ditio
484 1886 576 1969 pacis
586 1885 750 1968 predicte3
765 1887 842 1970 quia
852 1885 982 1951 omuino
993 1906 1104 1951 eorum
1120 1886 1257 1950 intentio
1273 1889 1346 1950 erat
1360 1883 1430 1948 hino
1443 1880 1495 1944 cito

387 1993 539 2059 recedere
556 1999 589 2058 et
605 1993 713 2060 facere
727 1993 816 2059 fecta
832 2015 899 2059 sua.
927 1995 974 2058 Et
989 2015 1054 2060 uon
1069 1993 1214 2060 valentes
1230 1993 1273 2058 ab
1289 1993 1336 2057 eis
1352 1989 1437 2058 aliud
1450 1987 1496 2052 he·

383 2103 472 2183 bere,
498 2100 573 2167 inde
588 2103 790 2183 recessimus,
816 2107 850 2166 et
874 2103 1018 2168 venimus
1044 2101 1239 2168 Tarvisium.
1272 2099 1378 2165 Nobis
1402 2103 1496 2162 autem

385 2209 600 2275 consideratis
626 2209 782 2294 predictis
807 2210 944 2291 videtur,
970 2211 1058 2293 quod
1074 2211 1135 2294 ipsi
1152 2230 1263 2275 omnes
1280 2209 1497 2290 intelligentes

382 2317 575 2384 adinvicem
591 2318 633 2385 ed
660 2318 837 2401 dampnum
862 2326 1018 2398 nostrum,
1036 2325 1069 2384 et
1085 2319 1174 2403 quod
1190 2318 1237 2383 nil
1254 2316 1345 2382 aliud
1360 2317 1496 2400 querunt,

382 2427 444 2492 nisi
460 2423 549 2508 quod
565 2425 763 2492 subiciamus
789 2447 847 2492 nos
873 2427 1006 2493 domino
1031 2427 1135 2510 Regi3
1160 2432 1193 2492 et
1208 2432 1325 2509 postea
1345 2422 1497 2500 credimus,

383 2533 470 2616 quod
486 2532 526 2598 de
541 2554 623 2617 paee
639 2533 749 2600 fienda
776 2556 848 2600 cum
874 2535 1037 2619 colligatis
1052 2533 1242 2617 intelligant
1258 2555 1293 2598 se
1310 2533 1353 2598 ad
1369 2530 1499 2606 invicem,

384 2648 415 2706 et
431 2641 603 2708 intendant
627 2663 687 2708 uos
712 2640 828 2708 rodere
855 2641 981 2727 (regni)
1006 2649 1038 2708 et
1064 2643 1232 2707 destruere
1253 2662 1356 2725 usque
1372 2639 1413 2705 ad
1429 2655 1499 2703 ossa

384 2748 450 2818 Vel
464 2749 543 2831 quia
558 2750 613 2814 isti
630 2749 779 2816 Berones
794 2749 933 2816 multum
951 2751 1155 2832 insteterunt,
1172 2749 1259 2834 quod
1274 2749 1376 2815 libere
1392 2753 1423 2814 et
1437 2747 1499 2810 sim·

386 2855 516 2941 pliciter
539 2856 692 2923 daremus
718 2857 895 2923 dominium
922 2857 1135 2924 Venetiamm
1151 2859 1283 2923 domino
1298 2857 1393 2940 Regi,
1408 2860 1499 2918 osten-

385 2964 509 3048 dentes,
535 2965 596 3031 hoe
621 2965 703 3031 velle
728 2987 788 3048 pro
813 2965 898 3031 bono
923 2971 1054 3047 nostro;
1079 2971 1239 3050 putemus,
1254 2964 1343 3048 quod
1358 2964 1401 3030 ad
1417 2965 1500 3027 istem

384 3093 495 3136 eorum
520 3073 731 3138 intentionem
756 3075 866 3138 uenire
891 3072 1030 3139 creduut
1055 3075 1088 3138 iu
1114 3094 1200 3155 casu,
1227 3092 1291 3155 quo
1318 3069 1500 3137 subiciamus

384 3201 443 3246 nos
461 3179 592 3245 domino
609 3180 704 3263 Regi,
722 3186 756 3246 et
771 3181 859 3264 quod
874 3182 943 3264 ipse
958 3180 1078 3246 debeat
1093 3201 1161 3248 esse
1172 3181 1273 3265 judex
1288 3179 1329 3245 de
1345 3199 1424 3263 paee
1437 3175 1502 3241 fieu-

385 3286 429 3353 da
445 3287 529 3352 inter
554 3308 613 3352 nos
641 3294 675 3353 et
701 3287 873 3372 colligatos
906 3311 965 3373 por
992 3291 1089 3354 istum
1114 3289 1254 3354 modum.
1281 3287 1370 3355 Nam
1394 3283 1502 3353 favebit

385 3394 620 3460 intentionibus
647 3395 884 3477 colligatorum,
912 3395 1050 3462 dicendo
1067 3417 1122 3462 eas
1135 3397 1242 3482 justas
1259 3417 1347 3477 esse;
1371 3401 1437 3460 tam
1452 3411 1502 3477 pro

384 3501 507 3568 honore
533 3523 591 3568 suo
617 3503 846 3587 conservando,
870 3503 913 3569 ad
941 3504 1176 3570 ostendendum
1202 3504 1289 3586 quod
1315 3505 1385 3587 ipse
1410 3507 1441 3568 et
1463 3499 1502 3564 illi

384 3608 507 3675 fuerint
522 3611 556 3675 in
569 3611 659 3694 justo
675 3611 760 3680 bello
771 3611 958 3694 nobiscum;
976 3633 1075 3694 quam
1091 3613 1191 3677 etiam
1206 3611 1241 3676 in
1257 3607 1395 3676 dicendo
1411 3607 1503 3688 uobis

386 3717 474 3799 quod
500 3739 565 3783 non
589 3723 699 3802 potest
723 3725 881 3803 tauquam
902 3719 1005 3805 judex
1030 3740 1180 3786 recusare
1205 3719 1379 3803 petitiones
1404 3737 1504 3783 eorum

386 3831 543 3910 tauquam
565 3827 692 3910 justes3
716 3826 773 3892 sed
799 3827 827 3892 si
853 3826 1006 3893 daremus
1033 3847 1091 3893 nos
1108 3825 1169 3892 sibi
1185 3826 1380 3910 simpliciter
1396 3831 1505 3892 etcum

386 3933 481 4017 pleno
508 3933 661 4014 dominio,
685 3937 764 4000 tunc
789 3942 900 4018 posset
924 3957 984 4001 nos
1009 3933 1183 4001 defendere
1208 3955 1229 3998 a
1254 3933 1468 4017 petitionibus
1479 3938 1505 3996 et

389 4041 623 4122 intentionibus
640 4043 872 4128 predictorum,
888 4043 1025 4110 dicendo
1041 4044 1099 4124 eis,
1118 4044 1205 4127 quod
1222 4039 1348 4110 Civitas
1365 4042 1507 4112 Venetia»

387 4169 461 4213 rum
477 4150 669 4233 simpliciter
694 4156 726 4216 et
751 4172 837 4216 mere
864 4156 913 4216 est
938 4171 1006 4234 sua,
1031 4158 1063 4216 et
1092 4151 1175 4216 illud
1191 4151 1278 4234 quod
1294 4153 1357 4236 ipsi
1375 4149 1506 4235 colligati

387 4262 536 4340 peterent
551 4258 655 4324 exiret
670 4256 710 4322 de
726 4259 825 4324 bursa
842 4281 900 4325 sue
916 4264 1004 4339 tunc,
1020 4266 1054 4324 et
1071 4265 1157 4324 esset
1167 4259 1208 4323 ed
1223 4258 1400 4344 dampnum
1409 4261 1507 4345 potius

388 4362 491 4448 Regis
508 4386 606 4447 quem
635 4371 791 4432 nostrum.
819 4367 865 4432 Et
881 4367 1001 4433 adhoc
1026 4367 1270 4451 imaginandum
1286 4369 1507 4437 nos'iuducuut

389 4473 492 4537 multe
508 4473 607 4538 verbe
623 4473 712 4538 diota
727 4494 786 4558 per
803 4495 867 4558 eos,
883 4480 916 4540 et
931 4476 1072 4541 maxime
1086 4481 1178 4540 certa
1194 4476 1297 4544 verba
1312 4477 1411 4544 hodie
1427 4477 1507 4545 nobis

388 4577 519 4662 prolate
544 4601 604 4661 per
628 4579 794 4644 dominum
819 4581 1001 4664 Karolum3
1025 4584 1082 4666 qui
1108 4582 1184 4648 dum
1209 4589 1398 4667 peteremus
1414 4587 1507 4663 abeo,
