3214 5250
776 438 1007 484 ninuousczmr
1031 423 1195 482 slusam.

950 729 1023 788 332.

421 880 449 945 A
468 885 619 949 velenczei
634 886 977 973 bormouytoudcsuak
988 886 1154 951 utositrtsa
1166 884 1351 951 Sirilr'ribon
1363 884 1431 949 Ζέυό
1444 885 1530 948 loreis

843 999 1005 1060 szdmu'ra.
1025 995 1119 1059 1385.

528 1154 627 1222 Anno
654 1152 968 1222 MOCOLXXXV.
995 1154 1171 1220 indictione
1198 1174 1291 1232 nona,
1317 1153 1371 1218 die
1396 1152 1531 1236 vigesimo
1581 1147 1582 1158 ’

419 1263 537 1332 mensis
549 1261 760 1347 Septembris.
780 1262 868 1347 Gap
882 1269 925 1328 ta
942 1265 976 1328 in
992 1262 1141 1346 Collegio
1153 1262 1228 1327 etin
1240 1260 1468 1326 Additionede
1486 1259 1532 1326 Vi-

420 1369 503 1452 ginti
528 1371 558 1434 ei
574 1370 670 1437 data:
688 1369 784 1456 Quod
814 1369 976 1437 scribatur
992 1369 1130 1436 Nicolao
1160 1369 1200 1434 de
1226 1367 1379 1435 Gerardo
1404 1367 1531 1433 Notario

419 1485 530 1543 nostro
556 1479 754 1563 inpartibus
770 1477 930 1564 Neapolis
945 1477 979 1543 in
995 1478 1057 1545 hac
1076 1477 1188 1544 forma.

525 1587 669 1654 Nicolee.
685 1587 880 1672 Recepimus
896 1587 1012 1653 literas
1028 1594 1103 1652 tuas
1125 1592 1156 1651 et
1169 1585 1348 1651 breviatus
1364 1585 1442 1650 datu
1459 1583 1532 1648 Nea·

418 1695 486 1778 poli
510 1694 562 1760 die
589 1693 707 1766 XXV.
723 1697 844 1762 mensis
871 1693 1026 1779 Augusti,
1042 1701 1074 1760 et
1100 1694 1215 1760 ultimo
1233 1693 1328 1758 datas
1355 1693 1406 1757 die
1430 1695 1532 1776 primo,

418 1804 570 1886 seeundo,
586 1805 710 1888 quinto,
727 1805 1000 1890 septimusomne
1012 1812 1141 1868 etnono
1159 1803 1277 1868 mensis
1293 1803 1451 1885 presentis
1467 1799 1533 1883 Sep

418 1912 566 1978 tembris.
599 1912 726 1998 Quibus
759 1915 944 1998 plenissime
969 1913 1152 1994 intellectis,
1178 1933 1319 1996 pernes
1346 1921 1377 1976 et
1402 1922 1532 1975 nostrum

419 2017 602 2086 Consilium
619 2044 692 2088 oum
709 2021 896 2102 Additione,
908 2021 967 2086 tibi
981 2021 1185 2106 presentibus
1202 2019 1443 2103 respondemus,
1459 2015 1533 2103 quod

419 2133 445 2194 si
462 2127 611 2194 dominus
627 2130 700 2196 Rex
716 2130 864 2196 Karolus
880 2132 1013 2196 recessit
1038 2130 1077 2195 de
1094 2136 1163 2195 toto
1180 2128 1306 2212 Regno.
1332 2129 1416 2194 siout
1432 2129 1464 2192 in
1480 2128 1533 2191 tuis
1581 2175 1582 2184 ,

419 2238 524 2304 literis
540 2241 737 2320 continetur,
754 2245 787 2304 et
803 2260 869 2305 non
885 2238 1009 2318 dimisit
1025 2238 1213 2305 libertatem
1230 2235 1329 2302 elicui
1345 2235 1533 2320 superiectis

419 2346 480 2413 tibi
497 2349 676 2415 commissis
693 2370 750 2432 per
767 2369 834 2431 nos,
851 2349 900 2414 ita
917 2348 1005 2430 quod
1022 2369 1085 2412 non
1112 2345 1224 2412 videas
1248 2346 1380 2411 modum
1396 2341 1533 2430 possendi

420 2454 486 2518 ullo
503 2455 597 2520 modo
614 2453 761 2522 obtinere
776 2463 922 2522 nostram
939 2455 1163 2534 intentionem,
1181 2453 1300 2520 debeas
1320 2453 1426 2519 redire
1442 2451 1533 2518 Vens

419 2563 491 2628 tias.
510 2561 545 2628 Si
562 2585 637 2629 vero
653 2563 801 2630 dominus
817 2563 889 2628 Rex
905 2563 1051 2629 Ksrolus
1076 2585 1140 2628 non
1165 2563 1309 2643 recessit,
1333 2563 1411 2644 quis
1433 2561 1534 2625 multo

419 2670 504 2736 tiens
521 2672 576 2736 isti
592 2672 726 2738 Domini
746 2671 857 2736 dicunt
873 2669 913 2735 de
928 2670 1109 2736 recedendo
1127 2675 1161 2735 et
1177 2691 1242 2734 non
1258 2669 1423 2750 recedunt,
1439 2668 1533 2733 velie

418 2780 570 2845 cessisset
585 2785 617 2845 et
632 2779 809 2845 dimisisset
824 2778 1011 2846 libertatem
1028 2801 1125 2862 super
1140 2777 1226 2844 facto
1244 2777 1409 2861 p1·edicto;
1433 2779 1465 2842 in
1482 2777 1532 2841 hoc

419 2908 498 2953 casu
514 2886 634 2952 debeas
650 2889 804 2972 prosequi
821 2888 953 2971 negotis
968 2888 1029 2953 tibi
1047 2887 1217 2953 commissa
1228 2908 1286 2971 per
1297 2909 1365 2968 nos,
1376 2887 1533 2953 obserrun·
1581 2897 1582 2900 ’

419 2995 461 3061 do
478 2994 626 3077 formem,
643 2997 729 3078 quod
745 2995 860 3062 scribis
877 3004 910 3062 te
927 2997 1086 3080 recepisse
1102 3017 1159 3081 per
1178 3001 1252 3062 tues
1268 2995 1394 3076 literas,
1411 3001 1442 3062 et
1460 2992 1533 3078 quod
1581 3015 1582 3086 j

420 3104 461 3169 od
478 3104 639 3170 cautelam
656 3103 708 3169 bio
724 3103 860 3170 inferius
877 3105 936 3172 tibi
953 3103 1087 3170 fecimus
1103 3104 1264 3188 replicari.
1581 3087 1582 3096 ἒ

473 3250 508 3310 (s
524 3249 632 3300 »ursii«
647 3251 737 3302 czrmu
751 3252 888 3302 verenensi
901 3239 1085 3315 enamkenyv'
1095 3249 1226 3300 xxnnu
1240 3248 1385 3299 setectum
1400 3255 1456 3300 sor.
1470 3250 1496 3308 1.)
1581 3213 1582 3252 ³

945 3545 1019 3606 333.

421 3700 588 3766 Plumatio
604 3702 710 3768 Jooos
726 3727 747 3767 o
767 3703 915 3768 vele-nezel
932 3703 1142 3789 kdztdrsosrtp
1162 3697 1531 3790 meqkotolmozottjo'uok

698 3812 813 3876 Morio
830 3835 970 3898 mappas
986 3812 1149 3898 kiro'tyue'.
1165 3813 1264 3892 Ι1385.

525 3965 635 4038 Maria
651 3971 712 4037 Dei
724 3973 834 4056 grecie
849 3971 1032 4055 Hungsrie,
1050 3969 1226 4053 Dalmatis,
1244 3969 1404 4038 Obroatis
1421 3978 1477 4036 etc.

526 4078 612 4144 Care
628 4077 732 4145 nobis.
758 4079 913 4162 Receptis
938 4080 1056 4146 litteris
1081 4080 1197 4146 vestris
1224 4079 1319 4145 nobis
1345 4078 1483 4158 directis,
1505 4077 1530 4138 in
1581 4119 1582 4168 3

418 4184 535 4269 quibus
550 4187 643 4253 nobis
661 4186 906 4271 significabetis,
922 4189 974 4254 cui
990 4190 1040 4255 vel
1057 4189 1177 4272 quibus
1202 4188 1295 4254 illem
1321 4209 1474 4254 summam
1490 4205 1531 4268 pe-
1581 4177 1582 4248 ζ

324 4355 328 4365 ,
418 4293 510 4357 cunie
527 4301 651 4378 septem
667 4296 806 4362 millium
822 4295 1020 4362 florenorum
1037 4297 1118 4380 suri,
1134 4299 1253 4381 quibus
1277 4296 1398 4363 domini
1425 4294 1496 4360 Dux
1509 4295 1532 4355 et
1581 4269 1582 4298 ¹

418 4399 595 4468 Commune
614 4403 826 4471 Venetierum
844 4407 938 4470 annis
949 4407 1086 4490 singulis
1093 4407 1189 4490 juxta
1205 4407 1451 4473 conventionem
1465 4405 1533 4469 alies

417 4509 532 4573 initam
550 4510 642 4576 nobis
659 4518 820 4594 tenentur,
838 4514 910 4580 dari
937 4517 1174 4581 committemus
1199 4517 1393 4600 requisistis,
1419 4513 1533 4598 subjun·
1581 4529 1582 4538 ¹

418 4622 539 4699 gentes
557 4624 590 4682 ut
609 4619 684 4685 licet
701 4622 809 4686 littere
826 4628 935 4688 nostre
952 4623 1152 4708 expeditorie
1170 4645 1268 4708 super
1288 4623 1375 4689 facto
1392 4623 1476 4689 dicte
1492 4640 1533 4704 pe·
