3172 5254
438 390 502 452 194
791 402 1024 449 arraonnozmr
1043 391 1209 450 auriliana.

432 566 524 630 linito
541 565 625 630 dicte
636 572 747 649 partes
758 585 932 632 econverso
943 565 1063 630 mutari
1074 562 1248 630 debebunt.
1260 561 1443 630 Habuimus
1453 565 1543 642 etiarn,

434 673 521 758 quod
538 672 786 741 Ambssiatores
811 674 950 758 predicti
976 672 1154 738 utebantur
1171 673 1265 738 bonis
1293 671 1399 739 verbis
1415 673 1447 738 in
1461 672 1544 738 hono·
1561 670 1563 677 '

433 804 501 848 rem
527 789 560 847 et
586 787 708 847 statum
733 779 976 848 Dominationis
1002 779 1132 846 Vestre.
1164 779 1321 846 Prodicta
1347 781 1453 846 omnia
1477 779 1544 843 sicut

430 889 614 972 habuimus
646 889 769 958 Vestro
801 889 956 954 Dominio
989 889 1144 956 denotare
1176 891 1368 955 curarimus
1394 889 1545 966 Litteran,

430 1021 528 1082 quam
544 997 735 1065 Dominatio
752 995 878 1065 Vestra
895 998 1048 1065 mittebat
1064 997 1268 1084 Tergestum,
1278 998 1369 1066 nullo
1380 998 1472 1065 modo
1487 996 1544 1061 mit-

428 1113 497 1172 tere
523 1107 805 1190 potuimus31icet
830 1107 936 1190 ipsam
960 1089 1142 1172 miserimus
1167 1105 1209 1172 ad
1235 1107 1398 1190 quendam
1423 1107 1542 1172 amicum

430 1213 676 1282 Dominationis
694 1213 812 1281 Vestro
840 1221 932 1279 extra
957 1213 1063 1280 locum
1084 1215 1191 1297 istum,
1209 1215 1266 1297 qui
1283 1215 1387 1298 ipsam
1404 1213 1491 1280 nobis
1504 1232 1543 1275 re-

429 1322 527 1406 misit,
543 1322 652 1389 dicens
667 1345 732 1389 non
749 1321 869 1388 habere
895 1322 1024 1389 modurn
1052 1343 1157 1405 neque
1183 1324 1270 1388 riam
1294 1323 1386 1388 illam
1404 1319 1543 1396 mittendi,

429 1451 488 1495 nec
505 1431 566 1497 hoo
591 1431 710 1496 audere
726 1429 843 1497 facore.
860 1429 903 1495 In
918 1431 1055 1496 instanti
1071 1430 1153 1496 hora
1169 1433 1401 1515 persensimus,
1418 1430 1467 1495 hio
1481 1449 1544 1510 cup

429 1544 498 1604 tum
513 1537 614 1604 fuisse
641 1537 804 1622 quendam
829 1540 1011 1606 venientem
1029 1539 1068 1604 de
1085 1538 1241 1622 Tergesto
1269 1561 1342 1604 rum
1359 1560 1424 1604 urm
1438 1538 1542 1613 littera¹

358 1629 362 1641 ’
429 1665 528 1728 quam
545 1645 712 1712 deferebat
728 1647 954 1713 Dominationi
971 1646 1102 1727 Vestro,
1119 1654 1149 1712 ct
1168 1647 1229 1712 sibi
1240 1647 1389 1713 ablatum
1407 1666 1471 1712 esse
1487 1643 1541 1708 dic·

428 1761 495 1820 tarn
510 1754 657 1821 litteram
683 1776 744 1838 per
770 1754 987 1840 Capitaneum
1011 1756 1109 1840 hujus
1134 1763 1230 1839 terre,
1256 1777 1295 1821 ac
1322 1756 1542 1821 incarceratum

428 1862 536 1930 fuisse.
553 1862 621 1928 Pro
637 1884 733 1948 posse
750 1864 950 1931 studebimus
976 1870 1185 1947 perscrutare
1201 1864 1241 1928 de
1258 1863 1456 1930 continentia
1470 1859 1542 1924 litte-

426 1995 537 2039 rarum
554 1973 785 2058 predictarum,
811 1981 842 2038 et
865 1973 1108 2058 nostro]uditio
1125 1973 1262 2038 multum
1278 1974 1341 2039 iste
1358 1972 1541 2057 Capitanens

425 2083 519 2166 ponit
534 2089 674 2148 mentem
691 2084 734 2150 ad
750 2082 936 2150 habendum
953 2083 993 2149 de
1010 2082 1145 2169 Nuntijs
1170 2084 1413 2150 Dominationis
1429 2083 1541 2160 Vestro,

427 2189 476 2255 rel
490 2188 668 2257 Raetorum
686 2213 826 2274 suorum,
843 2192 905 2258 hac
922 2192 1168 2259 transeuntibus
1184 2215 1256 2259 cum
1272 2193 1402 2260 litteris.
1413 2191 1541 2256 Littera

424 2303 490 2362 tres
506 2297 748 2366 Dominationis
775 2297 893 2368 Vestra
920 2301 1003 2366 alias
1025 2301 1200 2384 requisitas
1216 2322 1274 2384 per
1291 2322 1360 2383 noe,
1375 2301 1452 2368 bene
1466 2316 1541 2362 rece·

423 2405 530 2488 pimus
557 2428 629 2472 cum
654 2409 866 2491 responsione
892 2408 1136 2474 Dominationis
1158 2408 1276 2476 Vestre
1293 2407 1386 2474 nobis
1401 2406 1492 2486 facta,
1505 2401 1540 2469 ad

424 2511 552 2578 litteras
569 2522 699 2580 nostras
726 2516 821 2582 datas
849 2517 901 2582 hio
927 2524 1017 2582 sexto
1042 2515 1207 2600 Augusti3
1231 2517 1308 2581 licet
1326 2517 1464 2582 litteram
1479 2511 1541 2578 llu-
1578 2599 1579 2604 ἵ

423 2623 517 2706 gistri
534 2620 631 2690 Gurie
646 2625 726 2690 dare
751 2647 817 2690 non
841 2626 1053 2708 potuerimus,
1077 2625 1157 2711 quia
1173 2625 1228 2690 ille
1248 2624 1404 2691 Matheus
1424 2624 1487 2709 jam
1501 2640 1541 2684 re

423 2738 566 2797 cesserat
581 2755 654 2798 curn
671 2733 790 2800 litteris
807 2735 936 2815 nostris,
952 2756 1011 2818 per
1027 2755 1109 2817 quas
1119 2732 1284 2818 Magistro
1297 2731 1397 2799 Ourie
1407 2732 1540 2798 distincte
1576 2763 1577 2768 κ

423 2836 662 2906 notificavimus
688 2841 856 2925 negotium
882 2841 1004 2908 Vestro
1028 2842 1184 2909 Dominio
1211 2842 1290 2908 satis
1318 2848 1437 2907 notum.
1461 2837 1540 2922 Quas

287 2967 294 2978 ·
422 2944 566 3013 Ducales
591 2947 718 3014 litteras
745 2949 859 3030 eidem,
886 2950 1129 3033 quantocitius
1158 2951 1348 3032 poterimus
1374 2945 1540 3015 curabimus
1573 2999 1575 3028 3

422 3074 480 3137 per
495 3053 612 3121 bonum
632 3054 793 3121 Nuntium
810 3055 983 3123 destinare.
1000 3055 1102 3124 Sacili
1119 3055 1225 3122 XIII.
1242 3054 1396 3140 Augusti.

529 3162 702 3247 Replicata
719 3165 770 3231 die
786 3163 909 3232 ΧΠΠ.
928 3162 1082 3249 Augusti,
1099 3187 1171 3232 oum
1187 3167 1252 3231 ista
1268 3164 1460 3231 addictione.
1485 3161 1541 3227 Per

422 3293 468 3353 ea,
485 3293 547 3356 que
565 3272 704 3341 vidimus
720 3282 753 3342 et
770 3277 935 3359 sensimus,
952 3297 990 3342 ao
1001 3297 1063 3360 que
1078 3277 1231 3342 continue
1245 3275 1395 3342 ridemus
1411 3281 1440 3341 et
1455 3269 1540 3337 senti·

422 3399 502 3466 mus,
516 3401 581 3446 non
609 3381 737 3448 videtur
762 3383 863 3464 nobis,
890 3382 976 3467 quod
1002 3384 1058 3448 isti
1083 3383 1260 3466 procedere
1282 3375 1385 3449 velint
1399 3383 1439 3449 ad
1454 3381 1539 3447 istum

421 3493 607 3571 tractatum,
638 3492 701 3556 nisi
733 3493 802 3558 riso
833 3491 896 3556 fine
928 3492 1137 3575 negociorum
1169 3492 1211 3558 ad
1242 3513 1304 3574 que
1331 3512 1451 3559 summe
1474 3488 1540 3572 rigi·

421 3593 500 3660 lant.
543 3593 672 3663 Deinde
707 3600 864 3664 sentimus
899 3600 932 3662 in
972 3597 1056 3665 hora
1095 3600 1247 3682 presenti,
1288 3599 1376 3683 quod
1407 3597 1540 3664 dominus

420 3701 629 3790 Patriarchu,
653 3708 710 3792 qui
735 3716 807 3774 erat
831 3707 935 3790 Utini,
951 3708 1011 3772 ivit
1029 3705 1190 3774 Gradum.
1216 3706 1377 3773 Preterea
1408 3707 1449 3773 ad
1478 3725 1540 3770 con·

419 3809 636 3880 firmationem
667 3814 835 3882 divisionis
861 3815 1064 3881 dominorum
1090 3815 1228 3900 Ducum,
1254 3816 1294 3881 de
1322 3837 1388 3900 qua
1411 3815 1448 3879 fit
1467 3833 1540 3878 men·

419 3919 466 3986 tio
493 3941 603 4005 supra,
626 3923 784 3990 mittimus
809 3923 1037 3991 Dominationi
1078 3923 1195 3992 Vestra
1224 3925 1352 4008 copiam
1385 3924 1477 3990 unius
1497 3919 1540 3984 lit·

418 4033 498 4107 tere,
522 4049 622 4112 quarn
647 4033 828 4115 recepimus
859 4053 880 4097 a
910 4032 1041 4099 domino
1075 4033 1306 4117 Valchpdoldo
1339 4031 1426 4117 (tgp)
1457 4047 1539 4114 snper

419 4137 559 4202 materia
574 4138 733 4221 prodicta.
750 4139 860 4206 Hodie
877 4141 959 4206 hora
975 4140 1101 4208 XllII.
1118 4142 1271 4207 dominus
1282 4139 1431 4208 Karolus
1441 4156 1539 4223 exper-

418 4248 508 4309 tetur
524 4243 576 4310 hic
592 4247 644 4311 die
661 4247 831 4334 Mercurij,
847 4254 881 4314 et
896 4270 954 4333 per
965 4271 1003 4314 ea
1014 4271 1077 4332 que
1089 4251 1246 4316 sentimus
1257 4250 1463 4316 insalibiliter
1479 4265 1540 4312 cunr

418 4349 524 4522 pulta
556 4359 652 4436 gente
683 4355 788 4422 iturus
820 4363 870 4424 est
901 4357 1060 4424 Paduam.
1093 4357 1194 4424 Sacili
1225 4355 1304 4426 XV.
1330 4359 1384 4425 die
1411 4351 1541 4441 Augusti

441 4479 500 4524 ora
515 4481 631 4542 prima.
