3226 5258
1163 333 1205 403 39

103 525 191 609 galeis,
214 533 247 592 et
263 522 364 591 fuerit
388 531 574 590 extractum·
597 524 635 588 de
662 526 749 587 iutra
772 520 911 612 Culfum,
938 521 1062 586 solvere
1088 519 1205 584 debeat

24 635 26 670 ¹
103 635 203 702 decium
214 643 327 700 nostro
337 633 519 712 Communi,
537 639 569 696 et
585 629 737 696 nabulum
756 630 868 714 galeis,
887 632 968 694 sicut
986 631 1011 693 si
1031 635 1116 693 esset
1131 649 1205 692 oon·

102 743 205 808 ductum
232 741 402 822 Veneriae,
428 748 461 806 et
485 743 664 805 caricatum
690 742 721 803 in
747 735 900 806 Veneciis
918 757 1015 820 super
1031 736 1144 820 galeis.
1160 733 1206 799 Et

24 903 26 938 :
103 850 217 914 addatur
243 853 275 914 in
302 850 523 914 commissione
542 846 796 930 Capitaueorum
823 845 990 928 galearum
1016 849 1206 912 emersam.

103 959 168 1038 qued
190 959 320 1041 exigant
348 956 469 1021 dictum
487 956 614 1020 dacium
633 959 665 1018 et
681 954 844 1032 nabulum,
861 952 969 1017 (lando
989 953 1135 1034 patronis
1152 971 1207 1032 gs-

103 1063 201 1128 leamm
234 1065 325 1128 illam
356 1071 482 1146 partem
508 1061 630 1142 nabuli,
657 1082 719 1144 que
746 1081 799 1124 eos
825 1069 952 1144 tanget,
978 1068 1009 1122 et
1042 1057 1204 1122 residuum

24 1177 26 1258 j
104 1170 277 1236 nebulinum
295 1171 389 1238 dacio
406 1177 571 1238 reservent
588 1175 620 1234 et
636 1171 803 1252 assignent
817 1175 929 1232 nostro
947 1164 1127 1232 Communi.

156 1314 185 1368 lit
200 1314 310 1362 ›Missi‹
326 1316 414 1364 ezimti
428 1314 568 1364 velencaei
582 1313 811 1373 dllsmkbnyvbbl
826 1311 954 1360 XXXIV.
970 1311 1027 1358 hbt.
1043 1315 1085 1358 34.
1099 1310 1128 1369 l.)

563 1473 722 1482 ——.---—r

617 1623 670 1682 31.
692 1583 699 1591 ’

24 1783 26 1874 ᾧ
101 1775 125 1840 l.
141 1780 229 1864 bojor
243 1803 384 1865 nrapyar
400 1781 433 1842 ds
448 1779 569 1865 dropped
586 1779 767 1866 leiro'lpnolc
784 1778 843 1844 XI.
860 1779 995 1865 Cerqolp
1010 1783 1110 1865 palpa,
1127 1781 1208 1864 bopp

24 1883 26 1912 ⁵
103 1887 272 1952 ocelenczei
288 1888 531 1974 bdztdrsasrtpot
548 1888 710 1953 Currendi
729 1887 868 1951 Ferenrz
883 1887 1207 1972 padroni-fejedelem·

466 1995 525 2058 orel
543 1994 705 2058 biettine.
732 1991 826 2058 1:372.

190 2151 372 2236 Gregorius
387 2154 572 2237 Episcopus
589 2163 648 2218 eto.
675 2154 843 2218 carissimo
860 2155 893 2217 iu
911 2151 1044 2218 Christo
1061 2151 1129 2216 filio
1145 2151 1208 2216 Lu·

24 2319 26 2336 ‚
101 2256 196 2324 dorico
212 2259 296 2342 Regi
308 2258 456 2346 ,Vugarie
471 2261 593 2326 illustri
619 2261 766 2342 salutem,
783 2267 841 2325 eto.
864 2260 1030 2344 Quamvis,
1046 2259 1092 2324 fili
1110 2261 1209 2324 caris·

102 2366 173 2448 sinte,
196 2367 363 2432 credamus
390 2367 531 2450 indubie,
554 2369 642 2452 quod
670 2377 804 2452 propter
829 2370 1000 2452 antiquam
1027 2369 1208 2432 devotionis

100 2474 196 2539 intime
210 2479 396 2558 puritatem,
414 2497 511 2561 quam
537 2477 689 2542 dilectum
711 2475 810 2542 filium
827 2476 969 2542 nobilem
985 2479 1087 2544 virum
1106 2475 1211 2540 Frau-

101 2583 200 2646 cisoum
215 2584 254 2648 de
272 2581 431 2650 Carraria
447 2584 592 2668 militem,
610 2588 643 2649 in
661 2582 802 2649 Ciuitate
832 2584 988 2652 Paduana
1004 2584 1208 2669 Imperialem

100 2687 349 2774 viennensum
376 2693 525 2759 Romana
551 2693 701 2759 Ecclesia
717 2693 916 2778 colligatum,
934 2694 975 2759 sd
993 2691 1209 2760 serenitatem

27 2852 32 2861 .
101 2792 188 2860 'luam
204 2799 342 2881 gessisse
369 2797 536 2882 hactenus,
561 2800 824 2882 incessanterque
845 2819 958 2883 gerere
975 2820 1051 2882 sepe
1066 2801 1210 2883 percepi-

100 2921 166 2982 mus,
189 2905 288 2971 eidem
315 2907 493 2972 Francisoo
520 2907 664 2990 cupienti
688 2929 760 2973 oum
787 2907 914 2973 dilectis
933 2905 1008 2972 filiis
1023 2906 1125 2976 nobili
1141 2889 1210 2973 rire

32 3024 37 3036 “
99 3011 244 3077 ...Duce
269 3035 309 3079 ac
336 3013 508 3078 Communi
535 3013 757 3096 Venetiarum,
783 3037 854 3082 cum
875 3017 990 3101 quibus
1007 3022 1059 3080 est
1075 3015 1210 3096 discors,

99 3113 201 3183 habere
224 3121 448 3202 eoncordiam3
473 3124 528 3188 sed
553 3145 623 3188 eam
648 3126 777 3207 assequi
803 3125 907 3189 eciam
933 3146 1004 3190 oum
1023 3121 1211 3189 decentibus

99 3223 301 3294 oblationibus
318 3231 503 3314 nequeunti,
520 3232 725 3296 concordiam
741 3232 844 3314 ipsam
861 3232 925 3296 tuis
941 3249 1096 3315 procures
1108 3231 1211 3313 operi.

101 3328 151 3394 bos
166 3337 311 3403 studiosis
329 3338 581 3404 :nichilominus
605 3345 724 3419 tamen,
741 3339 820 3422 quia
837 3360 895 3405 nos
913 3339 1081 3423 nequimus
1097 3338 1131 3402 iu
1148 3337 1209 3403 hac

100 3446 186 3518 parte
198 3443 364 3526 proficere,
381 3454 414 3512 et
430 3467 607 3530 speramus,
625 3446 714 3530 quod
730 3446 914 3513 exhortatio
930 3452 1084 3512 nostrate
1095 3445 1138 3511 ad
1148 3446 1208 3510 hoc

101 3557 278 3632 promptum,
294 3551 424 3618 debebit
440 3554 578 3618 reddere
595 3549 848 3638 promptiorem:
865 3555 1129 3640 Magnitudinem
1147 3553 1211 3620 Re-

102 3654 179 3734 giam
194 3668 311 3740 quanto
338 3660 515 3726 cordialius
541 3682 711 3745 possumus
739 3663 963 3746 deprecamur,
980 3671 1141 3746 quatenus
1158 3665 1211 3746 pie

102 3765 303 3848 considerans,
329 3768 418 3852 qnod
443 3789 563 3852 guerra
588 3768 813 3834 dissidentium
830 3770 1056 3853 predictorum,
1074 3771 1109 3854 si,
1125 3770 1211 3854 quod

100 3866 187 3948 absit,
200 3875 376 3958 inchoetur,
402 3876 490 3944 dicte
516 3876 664 3942 Romane
686 3877 833 3942 Ecclesie
850 3883 882 3943 et
899 3880 1049 3962 negotiis,
1065 3899 1126 3961 que
1141 3879 1213 3961 ipso

100 3972 234 4046 Ecclesia
248 3983 456 4065 prosequitur
483 3984 523 4048 de
548 3992 708 4066 presente,
725 3986 805 4049 etin
823 3986 940 4068 quibus
961 3991 1066 4051 status
1083 3986 1152 4048 eius
1168 3985 1213 4048 ni·

99 4083 189 4149 mium
202 4091 344 4172 vertitur,
370 4096 404 4155 et
432 4090 515 4154 alias
540 4091 724 4174 reipubhce‚
742 4112 780 4158 ao
798 4094 896 4158 etiam
923 4091 1112 4159 Christiane
1129 4089 1212 4171 fidei,

100 4193 184 4256 cuius
197 4197 283 4280 pugil
300 4197 423 4280 existis,
438 4197 623 4282 periculosa
649 4200 713 4264 erit
728 4200 861 4265 nimium
879 4209 912 4266 et
928 4201 1124 4283 dampnosa3
1148 4220 1214 4263 om·

100 4294 189 4363 nibus
203 4303 258 4366 riis
275 4311 308 4368 et
324 4305 438 4384 modis,
464 4305 583 4388 quibus
608 4309 740 4389 poteris,
757 4329 818 4390 pro
836 4309 1009 4372 eorundem
1026 4306 1214 4372 discordan-

102 4405 180 4467 tium
195 4411 395 4477 reformanda
423 4414 606 4492 concordia,
622 4413 673 4479 rel
689 4415 804 4479 saltem
820 4435 878 4498 pro
894 4417 993 4479 trium
1009 4412 1060 4476 rel
1075 4413 1212 4478 duorum

101 4531 248 4580 annorum
272 4505 396 4601 treugis
423 4520 482 4586 sub
502 4542 558 4604 spe
576 4522 665 4603 pacis
682 4521 879 4587 commodius
897 4518 1136 4604 pertractande,
1153 4521 1214 4586 sol-

152 4647 207 4687 UCN.
221 4651 292 4692 burte.
308 4656 377 4695 ΕΜ.
393 4667 437 4678 ·-
453 4655 522 4719 AGRI&
535 4657 596 4694 EXT·
614 4657 653 4694 111.
1084 4629 1104 4719 a
