<?xml version="1.0" encoding="UTF-8"?>
<!DOCTYPE html PUBLIC "-//W3C//DTD XHTML 1.0 Transitional//EN"
    "http://www.w3.org/TR/xhtml1/DTD/xhtml1-transitional.dtd">
<html xmlns="http://www.w3.org/1999/xhtml" xml:lang="en" lang="en">
 <head>
  <title>
</title>
<meta http-equiv="Content-Type" content="text/html;charset=utf-8" />
  <meta name='ocr-system' content='tesseract 3.04.00' />
  <meta name='ocr-capabilities' content='ocr_page ocr_carea ocr_par ocr_line ocrx_word'/>
</head>
<body>
  <div class='ocr_page' id='page_1' title='image "./magyardiplomacz00wenzgoog_0699.png"; bbox 0 0 3214 5250; ppageno 0'>
   <div class='ocr_carea' id='block_1_1' title="bbox 632 374 1246 447">
    <p class='ocr_par' dir='ltr' id='par_1_1' title="bbox 632 374 1246 447">
     <span class='ocr_line' id='line_1_1' title="bbox 632 374 1246 447; baseline 0 -3"><span class='ocrx_word' id='word_1_1' title='bbox 632 375 726 447; x_wconf 78' lang='lat'><strong>1389.</strong></span> <span class='ocrx_word' id='word_1_2' title='bbox 1183 374 1246 444; x_wconf 85' lang='grc'><strong>679</strong></span> 
     </span>
    </p>
   </div>
   <div class='ocr_carea' id='block_1_2' title="bbox 102 559 1248 2584">
    <p class='ocr_par' dir='ltr' id='par_1_2' title="bbox 102 559 1246 1380">
     <span class='ocr_line' id='line_1_2' title="bbox 104 559 1239 643; baseline -0.001 -17"><span class='ocrx_word' id='word_1_3' title='bbox 104 561 245 626; x_wconf 87' lang='lat' dir='ltr'><strong>mittere</strong></span> <span class='ocrx_word' id='word_1_4' title='bbox 260 565 294 626; x_wconf 92' lang='lat' dir='ltr'><strong>et</strong></span> <span class='ocrx_word' id='word_1_5' title='bbox 309 559 472 643; x_wconf 88' lang='lat' dir='ltr'><strong>assignari</strong></span> <span class='ocrx_word' id='word_1_6' title='bbox 487 560 593 626; x_wconf 84' lang='lat' dir='ltr'><strong>facere</strong></span> <span class='ocrx_word' id='word_1_7' title='bbox 608 562 772 628; x_wconf 82' lang='lat' dir='ltr'><strong>ornabitis.</strong></span> <span class='ocrx_word' id='word_1_8' title='bbox 789 559 899 627; x_wconf 78' lang='lat' dir='ltr'><strong>Aliter</strong></span> <span class='ocrx_word' id='word_1_9' title='bbox 916 561 943 626; x_wconf 91' lang='lat' dir='ltr'><strong>si</strong></span> <span class='ocrx_word' id='word_1_10' title='bbox 959 560 993 625; x_wconf 93' lang='lat' dir='ltr'><strong>in</strong></span> <span class='ocrx_word' id='word_1_11' title='bbox 1009 559 1155 643; x_wconf 89' lang='lat' dir='ltr'><strong>predicto</strong></span> <span class='ocrx_word' id='word_1_12' title='bbox 1172 563 1239 625; x_wconf 86' lang='lat' dir='ltr'><strong>ter·</strong></span> 
     </span>
     <span class='ocr_line' id='line_1_3' title="bbox 106 667 1242 754; baseline -0.002 -19"><span class='ocrx_word' id='word_1_13' title='bbox 106 671 203 735; x_wconf 89' lang='lat' dir='ltr'><strong>mino</strong></span> <span class='ocrx_word' id='word_1_14' title='bbox 219 669 307 754; x_wconf 87' lang='lat' dir='ltr'><strong>ipsas</strong></span> <span class='ocrx_word' id='word_1_15' title='bbox 324 668 404 733; x_wconf 93' lang='lat' dir='ltr'><strong>mihi</strong></span> <span class='ocrx_word' id='word_1_16' title='bbox 420 670 581 754; x_wconf 84' lang='lat' dir='ltr'><strong>assignari</strong></span> <span class='ocrx_word' id='word_1_17' title='bbox 598 667 704 735; x_wconf 84' lang='lat' dir='ltr'><strong>facere</strong></span> <span class='ocrx_word' id='word_1_18' title='bbox 720 691 785 736; x_wconf 89' lang='lat' dir='ltr'><strong>nou</strong></span> <span class='ocrx_word' id='word_1_19' title='bbox 803 669 969 750; x_wconf 86' lang='lat' dir='ltr'><strong>curabitis,</strong></span> <span class='ocrx_word' id='word_1_20' title='bbox 985 674 1153 752; x_wconf 75' lang='lat' dir='ltr'><strong>presentes</strong></span> <span class='ocrx_word' id='word_1_21' title='bbox 1170 690 1242 734; x_wconf 88' lang='lat' dir='ltr'><strong>mee</strong></span> 
     </span>
     <span class='ocr_line' id='line_1_4' title="bbox 103 774 1242 862; baseline 0 -22"><span class='ocrx_word' id='word_1_22' title='bbox 103 777 341 862; x_wconf 80' lang='lat' dir='ltr'><strong>promissiones</strong></span> <span class='ocrx_word' id='word_1_23' title='bbox 372 776 492 842; x_wconf 91' lang='lat' dir='ltr'><strong>nullius</strong></span> <span class='ocrx_word' id='word_1_24' title='bbox 523 798 593 842; x_wconf 89' lang='lat' dir='ltr'><strong>esse</strong></span> <span class='ocrx_word' id='word_1_25' title='bbox 617 777 843 860; x_wconf 87' lang='lat' dir='ltr'><strong>intelligantur</strong></span> <span class='ocrx_word' id='word_1_26' title='bbox 868 776 997 842; x_wconf 88' lang='lat' dir='ltr'><strong>roboris</strong></span> <span class='ocrx_word' id='word_1_27' title='bbox 1027 781 1060 841; x_wconf 89' lang='lat' dir='ltr'><strong>et</strong></span> <span class='ocrx_word' id='word_1_28' title='bbox 1091 774 1242 841; x_wconf 78' lang='lat' dir='ltr'><strong>efficacis.</strong></span> 
     </span>
     <span class='ocr_line' id='line_1_5' title="bbox 104 885 1246 967; baseline -0.002 -17"><span class='ocrx_word' id='word_1_29' title='bbox 104 885 152 950; x_wconf 91' lang='lat' dir='ltr'><strong>In</strong></span> <span class='ocrx_word' id='word_1_30' title='bbox 187 887 275 953; x_wconf 84' lang='lat' dir='ltr'><strong>cuius</strong></span> <span class='ocrx_word' id='word_1_31' title='bbox 306 887 353 951; x_wconf 88' lang='lat' dir='ltr'><strong>rei</strong></span> <span class='ocrx_word' id='word_1_32' title='bbox 385 888 610 954; x_wconf 84' lang='lat' dir='ltr'><strong>testimouium</strong></span> <span class='ocrx_word' id='word_1_33' title='bbox 646 892 685 950; x_wconf 23' lang='lat' dir='ltr'><strong>iet</strong></span> <span class='ocrx_word' id='word_1_34' title='bbox 710 885 982 951; x_wconf 82' lang='lat' dir='ltr'><strong>&#39;obseruacionem</strong></span> <span class='ocrx_word' id='word_1_35' title='bbox 1013 886 1246 967; x_wconf 87' lang='lat' dir='ltr'><strong>premissorum</strong></span> 
     </span>
     <span class='ocr_line' id='line_1_6' title="bbox 102 993 1244 1079; baseline 0.001 -22"><span class='ocrx_word' id='word_1_36' title='bbox 102 999 279 1079; x_wconf 81' lang='lat' dir='ltr'><strong>presentes</strong></span> <span class='ocrx_word' id='word_1_37' title='bbox 305 1015 393 1059; x_wconf 85' lang='lat' dir='ltr'><strong>meas</strong></span> <span class='ocrx_word' id='word_1_38' title='bbox 419 993 494 1058; x_wconf 90' lang='lat' dir='ltr'><strong>dedi</strong></span> <span class='ocrx_word' id='word_1_39' title='bbox 527 993 750 1078; x_wconf 87' lang='lat' dir='ltr'><strong>promissionis</strong></span> <span class='ocrx_word' id='word_1_40' title='bbox 780 993 908 1058; x_wconf 78' lang='lat' dir='ltr'><strong>litteras</strong></span> <span class='ocrx_word' id='word_1_41' title='bbox 939 994 1001 1058; x_wconf 88' lang='lat' dir='ltr'><strong>mei</strong></span> <span class='ocrx_word' id='word_1_42' title='bbox 1033 993 1244 1076; x_wconf 87' lang='lat' dir='ltr'><strong>impressione</strong></span> 
     </span>
     <span class='ocr_line' id='line_1_7' title="bbox 103 1098 1242 1183; baseline 0 -19"><span class='ocrx_word' id='word_1_43' title='bbox 103 1100 214 1182; x_wconf 85' lang='lat' dir='ltr'><strong>sigilli</strong></span> <span class='ocrx_word' id='word_1_44' title='bbox 240 1101 402 1165; x_wconf 72' lang='lat' dir='ltr'><strong>munitas</strong></span> <span class='ocrx_word' id='word_1_45' title='bbox 416 1100 541 1165; x_wconf 86' lang='lat' dir='ltr'><strong>Datum</strong></span> <span class='ocrx_word' id='word_1_46' title='bbox 566 1102 599 1164; x_wconf 92' lang='lat' dir='ltr'><strong>iu</strong></span> <span class='ocrx_word' id='word_1_47' title='bbox 625 1101 729 1183; x_wconf 84' lang='lat' dir='ltr'><strong>Regio</strong></span> <span class='ocrx_word' id='word_1_48' title='bbox 747 1098 866 1167; x_wconf 82' lang='lat' dir='ltr'><strong>Castro</strong></span> <span class='ocrx_word' id='word_1_49' title='bbox 882 1100 982 1166; x_wconf 86' lang='lat' dir='ltr'><strong>Barri</strong></span> <span class='ocrx_word' id='word_1_50' title='bbox 1006 1121 1092 1165; x_wconf 87' lang='lat' dir='ltr'><strong>anno</strong></span> <span class='ocrx_word' id='word_1_51' title='bbox 1107 1100 1242 1164; x_wconf 89' lang='lat' dir='ltr'><strong>Domini</strong></span> 
     </span>
     <span class='ocr_line' id='line_1_8' title="bbox 104 1204 1243 1294; baseline 0.003 -21"><span class='ocrx_word' id='word_1_52' title='bbox 104 1204 513 1275; x_wconf 79' lang='lat' dir='ltr'>MOOOLXXXVIIII.</span> <span class='ocrx_word' id='word_1_53' title='bbox 539 1207 590 1273; x_wconf 93' lang='lat' dir='ltr'><strong>die</strong></span> <span class='ocrx_word' id='word_1_54' title='bbox 614 1208 770 1291; x_wconf 82' lang='lat' dir='ltr'><strong>vigesimo</strong></span> <span class='ocrx_word' id='word_1_55' title='bbox 796 1208 914 1274; x_wconf 88' lang='lat' dir='ltr'><strong>mensis</strong></span> <span class='ocrx_word' id='word_1_56' title='bbox 935 1207 1080 1294; x_wconf 86' lang='lat' dir='ltr'><strong>Augusti</strong></span> <span class='ocrx_word' id='word_1_57' title='bbox 1097 1208 1179 1274; x_wconf 83' lang='lat' dir='ltr'>XII.</span> <span class='ocrx_word' id='word_1_58' title='bbox 1196 1208 1243 1276; x_wconf 88' lang='lat' dir='ltr'><strong>iu·</strong></span> 
     </span>
     <span class='ocr_line' id='line_1_9' title="bbox 107 1313 280 1380; baseline -0.006 0"><span class='ocrx_word' id='word_1_59' title='bbox 107 1313 280 1380; x_wconf 87' lang='lat' dir='ltr'><strong>diceionis.</strong></span> 
     </span>
    </p>

    <p class='ocr_par' dir='ltr' id='par_1_3' title="bbox 104 1420 1246 2152">
     <span class='ocr_line' id='line_1_10' title="bbox 208 1420 1242 1508; baseline -0.002 -18"><span class='ocrx_word' id='word_1_60' title='bbox 208 1488 209 1491; x_wconf 73' lang='grc'>,</span> <span class='ocrx_word' id='word_1_61' title='bbox 223 1423 304 1489; x_wconf 89' lang='lat' dir='ltr'><strong>Post</strong></span> <span class='ocrx_word' id='word_1_62' title='bbox 318 1424 439 1488; x_wconf 82' lang='lat' dir='ltr'><strong>datum.</strong></span> <span class='ocrx_word' id='word_1_63' title='bbox 465 1421 552 1506; x_wconf 77' lang='lat' dir='ltr'><strong>Quia</strong></span> <span class='ocrx_word' id='word_1_64' title='bbox 576 1423 728 1489; x_wconf 79' lang='lat' dir='ltr'><strong>Castrum</strong></span> <span class='ocrx_word' id='word_1_65' title='bbox 754 1420 920 1488; x_wconf 77' lang='lat' dir='ltr'><strong>Scardona</strong></span> <span class='ocrx_word' id='word_1_66' title='bbox 938 1429 1085 1503; x_wconf 72' lang='lat' dir='ltr'><strong>esserra,</strong></span> <span class='ocrx_word' id='word_1_67' title='bbox 1101 1425 1242 1508; x_wconf 86' lang='lat' dir='ltr'><strong>partium</strong></span> 
     </span>
     <span class='ocr_line' id='line_1_11' title="bbox 107 1529 1246 1614; baseline -0.001 -18"><span class='ocrx_word' id='word_1_68' title='bbox 107 1531 293 1611; x_wconf 81' lang='lat' dir='ltr'><strong>Dalmatio,</strong></span> <span class='ocrx_word' id='word_1_69' title='bbox 318 1549 391 1596; x_wconf 90' lang='lat' dir='ltr'><strong>cum</strong></span> <span class='ocrx_word' id='word_1_70' title='bbox 417 1529 512 1596; x_wconf 87' lang='lat' dir='ltr'><strong>dictis</strong></span> <span class='ocrx_word' id='word_1_71' title='bbox 538 1529 800 1596; x_wconf 83' lang='lat' dir='ltr'><strong>Sibenicensibus</strong></span> <span class='ocrx_word' id='word_1_72' title='bbox 817 1532 849 1596; x_wconf 91' lang='lat' dir='ltr'><strong>in</strong></span> <span class='ocrx_word' id='word_1_73' title='bbox 867 1533 982 1596; x_wconf 75' lang='lat' dir='ltr'><strong>unione</strong></span> <span class='ocrx_word' id='word_1_74' title='bbox 1001 1532 1149 1614; x_wconf 84' lang='lat' dir='ltr'><strong>ligatum,</strong></span> <span class='ocrx_word' id='word_1_75' title='bbox 1166 1530 1246 1597; x_wconf 89' lang='lat' dir='ltr'><strong>obli-</strong></span> 
     </span>
     <span class='ocr_line' id='line_1_12' title="bbox 104 1637 1246 1722; baseline -0.002 -16"><span class='ocrx_word' id='word_1_76' title='bbox 104 1642 210 1706; x_wconf 89' lang='lat' dir='ltr'><strong>uione</strong></span> <span class='ocrx_word' id='word_1_77' title='bbox 227 1639 260 1704; x_wconf 92' lang='lat' dir='ltr'><strong>in</strong></span> <span class='ocrx_word' id='word_1_78' title='bbox 277 1637 432 1722; x_wconf 78' lang='lat' dir='ltr'><strong>predictis</strong></span> <span class='ocrx_word' id='word_1_79' title='bbox 448 1661 511 1703; x_wconf 96' lang='lat' dir='ltr'><strong>non</strong></span> <span class='ocrx_word' id='word_1_80' title='bbox 537 1640 646 1703; x_wconf 85' lang='lat' dir='ltr'><strong>extitit</strong></span> <span class='ocrx_word' id='word_1_81' title='bbox 663 1639 853 1704; x_wconf 87' lang='lat' dir='ltr'><strong>denotatum</strong></span> <span class='ocrx_word' id='word_1_82' title='bbox 870 1661 877 1701; x_wconf 77' lang='grc' dir='ltr'><strong><em>ε</em></strong></span> <span class='ocrx_word' id='word_1_83' title='bbox 896 1659 998 1720; x_wconf 82' lang='lat' dir='ltr'><strong>quare</strong></span> <span class='ocrx_word' id='word_1_84' title='bbox 1014 1660 1085 1704; x_wconf 88' lang='lat' dir='ltr'><strong>cum</strong></span> <span class='ocrx_word' id='word_1_85' title='bbox 1102 1640 1189 1722; x_wconf 91' lang='lat' dir='ltr'><strong>ipsis,</strong></span> <span class='ocrx_word' id='word_1_86' title='bbox 1205 1640 1246 1704; x_wconf 92' lang='lat' dir='ltr'><strong>si·</strong></span> 
     </span>
     <span class='ocr_line' id='line_1_13' title="bbox 106 1744 1245 1831; baseline -0.004 -16"><span class='ocrx_word' id='word_1_87' title='bbox 106 1754 169 1815; x_wconf 88' lang='lat' dir='ltr'><strong>cut</strong></span> <span class='ocrx_word' id='word_1_88' title='bbox 185 1747 219 1810; x_wconf 91' lang='lat' dir='ltr'><strong>iu</strong></span> <span class='ocrx_word' id='word_1_89' title='bbox 236 1747 400 1831; x_wconf 86' lang='lat' dir='ltr'><strong>predictis,</strong></span> <span class='ocrx_word' id='word_1_90' title='bbox 415 1745 459 1813; x_wconf 88' lang='lat' dir='ltr'><strong>ad</strong></span> <span class='ocrx_word' id='word_1_91' title='bbox 473 1745 733 1829; x_wconf 84' lang='lat' dir='ltr'><strong>pacificaoionem</strong></span> <span class='ocrx_word' id='word_1_92' title='bbox 761 1765 812 1810; x_wconf 92' lang='lat' dir='ltr'><strong>me</strong></span> <span class='ocrx_word' id='word_1_93' title='bbox 833 1744 963 1826; x_wconf 88' lang='lat' dir='ltr'><strong>reduco,</strong></span> <span class='ocrx_word' id='word_1_94' title='bbox 979 1751 1012 1810; x_wconf 90' lang='lat' dir='ltr'><strong>et</strong></span> <span class='ocrx_word' id='word_1_95' title='bbox 1028 1767 1097 1811; x_wconf 89' lang='lat' dir='ltr'><strong>esse</strong></span> <span class='ocrx_word' id='word_1_96' title='bbox 1112 1745 1185 1810; x_wconf 82' lang='lat' dir='ltr'><strong>volo</strong></span> <span class='ocrx_word' id='word_1_97' title='bbox 1203 1747 1245 1810; x_wconf 89' lang='lat' dir='ltr'><strong>de</strong></span> 
     </span>
     <span class='ocr_line' id='line_1_14' title="bbox 107 1853 1246 1937; baseline -0.001 -17"><span class='ocrx_word' id='word_1_98' title='bbox 107 1860 226 1920; x_wconf 88' lang='lat' dir='ltr'><strong>cetero</strong></span> <span class='ocrx_word' id='word_1_99' title='bbox 244 1876 315 1920; x_wconf 91' lang='lat' dir='ltr'><strong>cum</strong></span> <span class='ocrx_word' id='word_1_100' title='bbox 332 1855 426 1920; x_wconf 87' lang='lat' dir='ltr'><strong>eisin</strong></span> <span class='ocrx_word' id='word_1_101' title='bbox 443 1854 556 1919; x_wconf 88' lang='lat' dir='ltr'><strong>eadem</strong></span> <span class='ocrx_word' id='word_1_102' title='bbox 573 1855 688 1919; x_wconf 89' lang='lat' dir='ltr'><strong>vnione</strong></span> <span class='ocrx_word' id='word_1_103' title='bbox 705 1859 739 1919; x_wconf 88' lang='lat' dir='ltr'><strong>et</strong></span> <span class='ocrx_word' id='word_1_104' title='bbox 754 1873 843 1937; x_wconf 88' lang='lat' dir='ltr'><strong>pace,</strong></span> <span class='ocrx_word' id='word_1_105' title='bbox 860 1854 943 1918; x_wconf 86' lang='lat' dir='ltr'><strong>sicut</strong></span> <span class='ocrx_word' id='word_1_106' title='bbox 960 1853 987 1918; x_wconf 89' lang='lat' dir='ltr'><strong>si</strong></span> <span class='ocrx_word' id='word_1_107' title='bbox 1005 1855 1085 1935; x_wconf 90' lang='lat' dir='ltr'><strong>quid</strong></span> <span class='ocrx_word' id='word_1_108' title='bbox 1102 1855 1246 1936; x_wconf 87' lang='lat' dir='ltr'><strong>particu-</strong></span> 
     </span>
     <span class='ocr_line' id='line_1_15' title="bbox 108 1951 1246 2045; baseline -0.003 -17"><span class='ocrx_word' id='word_1_109' title='bbox 108 1963 232 2028; x_wconf 88' lang='lat' dir='ltr'><strong>lariter</strong></span> <span class='ocrx_word' id='word_1_110' title='bbox 248 1963 372 2028; x_wconf 87' lang='lat' dir='ltr'><strong>dictum</strong></span> <span class='ocrx_word' id='word_1_111' title='bbox 389 1967 485 2042; x_wconf 86' lang='lat' dir='ltr'><strong>esset,</strong></span> <span class='ocrx_word' id='word_1_112' title='bbox 495 1961 654 2044; x_wconf 80' lang='lat' dir='ltr'><strong>dictisque</strong></span> <span class='ocrx_word' id='word_1_113' title='bbox 671 1951 826 2045; x_wconf 86' lang='lat' dir='ltr'><strong>promitto</strong></span> <span class='ocrx_word' id='word_1_114' title='bbox 844 1960 1004 2043; x_wconf 89' lang='lat' dir='ltr'><strong>promissa</strong></span> <span class='ocrx_word' id='word_1_115' title='bbox 1021 1982 1162 2026; x_wconf 85' lang='lat' dir='ltr'><strong>seruare.</strong></span> <span class='ocrx_word' id='word_1_116' title='bbox 1178 1959 1246 2025; x_wconf 88' lang='lat' dir='ltr'><strong>Da-</strong></span> 
     </span>
     <span class='ocr_line' id='line_1_16' title="bbox 107 2067 1047 2152; baseline -0.006 -15"><span class='ocrx_word' id='word_1_117' title='bbox 107 2077 148 2137; x_wconf 87' lang='lat' dir='ltr'><strong>ta</strong></span> <span class='ocrx_word' id='word_1_118' title='bbox 168 2069 230 2151; x_wconf 89' lang='lat' dir='ltr'><strong>die,</strong></span> <span class='ocrx_word' id='word_1_119' title='bbox 246 2069 326 2149; x_wconf 90' lang='lat' dir='ltr'><strong>loco,</strong></span> <span class='ocrx_word' id='word_1_120' title='bbox 343 2087 450 2134; x_wconf 89' lang='lat' dir='ltr'><strong>mense</strong></span> <span class='ocrx_word' id='word_1_121' title='bbox 466 2074 499 2133; x_wconf 84' lang='lat' dir='ltr'><strong>et</strong></span> <span class='ocrx_word' id='word_1_122' title='bbox 515 2067 697 2133; x_wconf 89' lang='lat' dir='ltr'><strong>indiccione</strong></span> <span class='ocrx_word' id='word_1_123' title='bbox 713 2067 861 2152; x_wconf 87' lang='lat' dir='ltr'><strong>superius</strong></span> <span class='ocrx_word' id='word_1_124' title='bbox 876 2067 1047 2133; x_wconf 87' lang='lat' dir='ltr'><strong>denotatis.</strong></span> 
     </span>
    </p>

    <p class='ocr_par' dir='ltr' id='par_1_4' title="bbox 107 2174 1248 2584">
     <span class='ocr_line' id='line_1_17' title="bbox 226 2174 1246 2260; baseline -0.001 -19"><span class='ocrx_word' id='word_1_125' title='bbox 226 2175 306 2242; x_wconf 88' lang='lat' dir='ltr'><strong>Post</strong></span> <span class='ocrx_word' id='word_1_126' title='bbox 331 2176 489 2260; x_wconf 88' lang='lat' dir='ltr'><strong>predicta,</strong></span> <span class='ocrx_word' id='word_1_127' title='bbox 514 2181 548 2240; x_wconf 91' lang='lat' dir='ltr'><strong>et</strong></span> <span class='ocrx_word' id='word_1_128' title='bbox 573 2174 726 2258; x_wconf 87' lang='lat' dir='ltr'><strong>predictis</strong></span> <span class='ocrx_word' id='word_1_129' title='bbox 751 2174 836 2241; x_wconf 86' lang='lat' dir='ltr'><strong>addo</strong></span> <span class='ocrx_word' id='word_1_130' title='bbox 861 2196 920 2257; x_wconf 90' lang='lat' dir='ltr'><strong>per</strong></span> <span class='ocrx_word' id='word_1_131' title='bbox 944 2175 1189 2259; x_wconf 89' lang='lat' dir='ltr'><strong>promissionem</strong></span> <span class='ocrx_word' id='word_1_132' title='bbox 1213 2182 1246 2240; x_wconf 90' lang='lat' dir='ltr'><strong>et</strong></span> 
     </span>
     <span class='ocr_line' id='line_1_18' title="bbox 107 2283 1246 2373; baseline -0.003 -22"><span class='ocrx_word' id='word_1_133' title='bbox 107 2291 248 2373; x_wconf 87' lang='lat' dir='ltr'><strong>pactum</strong></span> <span class='ocrx_word' id='word_1_134' title='bbox 273 2289 477 2365; x_wconf 89' lang='lat' dir='ltr'><strong>conuentum,</strong></span> <span class='ocrx_word' id='word_1_135' title='bbox 503 2284 589 2366; x_wconf 92' lang='lat' dir='ltr'><strong>quod</strong></span> <span class='ocrx_word' id='word_1_136' title='bbox 615 2285 642 2348; x_wconf 92' lang='lat' dir='ltr'><strong>si</strong></span> <span class='ocrx_word' id='word_1_137' title='bbox 668 2283 762 2367; x_wconf 81' lang='lat' dir='ltr'><strong>galea</strong></span> <span class='ocrx_word' id='word_1_138' title='bbox 779 2291 811 2348; x_wconf 89' lang='lat' dir='ltr'><strong>et</strong></span> <span class='ocrx_word' id='word_1_139' title='bbox 826 2283 913 2349; x_wconf 81' lang='lat' dir='ltr'><strong>iusta</strong></span> <span class='ocrx_word' id='word_1_140' title='bbox 938 2290 1067 2350; x_wconf 86' lang='lat' dir='ltr'><strong>armata</strong></span> <span class='ocrx_word' id='word_1_141' title='bbox 1084 2284 1246 2350; x_wconf 88' lang='lat' dir='ltr'><strong>dictarum</strong></span> 
     </span>
     <span class='ocr_line' id='line_1_19' title="bbox 108 2389 1247 2475; baseline -0.007 -13"><span class='ocrx_word' id='word_1_142' title='bbox 108 2406 281 2462; x_wconf 87' lang='lat' dir='ltr'><strong>terrarum</strong></span> <span class='ocrx_word' id='word_1_143' title='bbox 298 2392 452 2472; x_wconf 81' lang='lat' dir='ltr'><strong>Sibenici‚</strong></span> <span class='ocrx_word' id='word_1_144' title='bbox 479 2391 606 2475; x_wconf 84' lang='lat' dir='ltr'><strong>Spaleti</strong></span> <span class='ocrx_word' id='word_1_145' title='bbox 624 2399 657 2456; x_wconf 90' lang='lat' dir='ltr'><strong>et</strong></span> <span class='ocrx_word' id='word_1_146' title='bbox 674 2389 841 2457; x_wconf 83' lang='lat' dir='ltr'><strong>Scardone</strong></span> <span class='ocrx_word' id='word_1_147' title='bbox 857 2413 896 2456; x_wconf 87' lang='lat' dir='ltr'><strong>ex</strong></span> <span class='ocrx_word' id='word_1_148' title='bbox 912 2391 1168 2475; x_wconf 85' lang='lat' dir='ltr'><strong>quibuscumque</strong></span> <span class='ocrx_word' id='word_1_149' title='bbox 1195 2390 1247 2457; x_wconf 79' lang='lat' dir='ltr'><strong>Oi·</strong></span> 
     </span>
     <span class='ocr_line' id='line_1_20' title="bbox 109 2499 1248 2584; baseline -0.004 -15"><span class='ocrx_word' id='word_1_150' title='bbox 109 2502 277 2569; x_wconf 87' lang='lat' dir='ltr'><strong>uitatibus</strong></span> <span class='ocrx_word' id='word_1_151' title='bbox 293 2503 422 2566; x_wconf 79' lang='lat' dir='ltr'><strong>venient</strong></span> <span class='ocrx_word' id='word_1_152' title='bbox 438 2500 480 2567; x_wconf 87' lang='lat' dir='ltr'><strong>ad</strong></span> <span class='ocrx_word' id='word_1_153' title='bbox 497 2508 609 2584; x_wconf 89' lang='lat' dir='ltr'><strong>portus</strong></span> <span class='ocrx_word' id='word_1_154' title='bbox 630 2499 784 2566; x_wconf 82' lang='lat' dir='ltr'><strong>Ciuitatis</strong></span> <span class='ocrx_word' id='word_1_155' title='bbox 802 2501 898 2566; x_wconf 88' lang='lat' dir='ltr'><strong>Barri</strong></span> <span class='ocrx_word' id='word_1_156' title='bbox 916 2506 949 2564; x_wconf 92' lang='lat' dir='ltr'><strong>et</strong></span> <span class='ocrx_word' id='word_1_157' title='bbox 963 2501 1108 2566; x_wconf 90' lang='lat' dir='ltr'><strong>locorum</strong></span> <span class='ocrx_word' id='word_1_158' title='bbox 1123 2500 1248 2566; x_wconf 90' lang='lat' dir='ltr'><strong>subiec-</strong></span> 
     </span>
    </p>
   </div>
   <div class='ocr_carea' id='block_1_3' title="bbox 107 2608 1381 2693">
    <p class='ocr_par' dir='ltr' id='par_1_5' title="bbox 107 2608 1381 2693">
     <span class='ocr_line' id='line_1_21' title="bbox 107 2608 1381 2693; baseline -0.005 -15"><span class='ocrx_word' id='word_1_159' title='bbox 107 2620 224 2678; x_wconf 87' lang='lat' dir='ltr'><strong>torum</strong></span> <span class='ocrx_word' id='word_1_160' title='bbox 251 2609 349 2690; x_wconf 90' lang='lat' dir='ltr'><strong>mihi;</strong></span> <span class='ocrx_word' id='word_1_161' title='bbox 372 2608 446 2675; x_wconf 89' lang='lat' dir='ltr'><strong>illas</strong></span> <span class='ocrx_word' id='word_1_162' title='bbox 475 2608 594 2673; x_wconf 90' lang='lat' dir='ltr'><strong>ibidem</strong></span> <span class='ocrx_word' id='word_1_163' title='bbox 620 2609 803 2693; x_wconf 87' lang='lat' dir='ltr'><strong>receptab0,</strong></span> <span class='ocrx_word' id='word_1_164' title='bbox 830 2615 862 2674; x_wconf 90' lang='lat' dir='ltr'><strong>et</strong></span> <span class='ocrx_word' id='word_1_165' title='bbox 886 2609 1047 2693; x_wconf 84' lang='lat' dir='ltr'><strong>receptari</strong></span> <span class='ocrx_word' id='word_1_166' title='bbox 1073 2609 1191 2674; x_wconf 84' lang='lat' dir='ltr'><strong>faciam</strong></span> <span class='ocrx_word' id='word_1_167' title='bbox 1208 2630 1246 2673; x_wconf 86' lang='lat' dir='ltr'><strong>ac</strong></span> <span class='ocrx_word' id='word_1_168' title='bbox 1369 2613 1381 2634; x_wconf 79' lang='lat'>⁵</span> 
     </span>
    </p>
   </div>
   <div class='ocr_carea' id='block_1_4' title="bbox 11 2716 1247 3024">
    <p class='ocr_par' dir='ltr' id='par_1_6' title="bbox 11 2716 1247 3024">
     <span class='ocr_line' id='line_1_22' title="bbox 107 2716 1247 2803; baseline -0.005 -17"><span class='ocrx_word' id='word_1_169' title='bbox 107 2719 218 2803; x_wconf 88' lang='lat' dir='ltr'><strong>recipi</strong></span> <span class='ocrx_word' id='word_1_170' title='bbox 234 2718 321 2783; x_wconf 86' lang='lat' dir='ltr'><strong>infra</strong></span> <span class='ocrx_word' id='word_1_171' title='bbox 347 2716 523 2783; x_wconf 79' lang='lat' dir='ltr'><strong>Ciuitatem</strong></span> <span class='ocrx_word' id='word_1_172' title='bbox 549 2724 583 2781; x_wconf 89' lang='lat' dir='ltr'><strong>et</strong></span> <span class='ocrx_word' id='word_1_173' title='bbox 607 2721 712 2782; x_wconf 87' lang='lat' dir='ltr'><strong>terras&#39;</strong></span> <span class='ocrx_word' id='word_1_174' title='bbox 738 2717 876 2801; x_wconf 85' lang='lat' dir='ltr'><strong>easdem,</strong></span> <span class='ocrx_word' id='word_1_175' title='bbox 892 2717 918 2782; x_wconf 92' lang='lat' dir='ltr'><strong>si</strong></span> <span class='ocrx_word' id='word_1_176' title='bbox 936 2718 1112 2797; x_wconf 80' lang='lat' dir='ltr'><strong>voluerint3</strong></span> <span class='ocrx_word' id='word_1_177' title='bbox 1137 2717 1247 2799; x_wconf 87' lang='lat' dir='ltr'><strong>eisque</strong></span> 
     </span>
     <span class='ocr_line' id='line_1_23' title="bbox 108 2824 1247 2909; baseline -0.008 -14"><span class='ocrx_word' id='word_1_178' title='bbox 108 2828 189 2895; x_wconf 89' lang='lat' dir='ltr'><strong>dari</strong></span> <span class='ocrx_word' id='word_1_179' title='bbox 206 2825 325 2892; x_wconf 84' lang='lat' dir='ltr'><strong>faciam</strong></span> <span class='ocrx_word' id='word_1_180' title='bbox 352 2825 497 2891; x_wconf 88' lang='lat' dir='ltr'><strong>exhiberi</strong></span> <span class='ocrx_word' id='word_1_181' title='bbox 521 2825 669 2908; x_wconf 86' lang='lat' dir='ltr'><strong>ferragia</strong></span> <span class='ocrx_word' id='word_1_182' title='bbox 685 2825 808 2905; x_wconf 81' lang='lat' dir='ltr'><strong>etalio,</strong></span> <span class='ocrx_word' id='word_1_183' title='bbox 835 2846 897 2909; x_wconf 91' lang='lat' dir='ltr'><strong>que</strong></span> <span class='ocrx_word' id='word_1_184' title='bbox 913 2825 1081 2904; x_wconf 87' lang='lat' dir='ltr'><strong>voluerint,</strong></span> <span class='ocrx_word' id='word_1_185' title='bbox 1097 2824 1247 2907; x_wconf 81' lang='lat' dir='ltr'><strong>congruis</strong></span> 
     </span>
     <span class='ocr_line' id='line_1_24' title="bbox 11 2929 1014 3024; baseline -0.006 -24"><span class='ocrx_word' id='word_1_186' title='bbox 11 3016 13 3024; x_wconf 21' lang='grc' dir='ltr'>Ι</span> <span class='ocrx_word' id='word_1_187' title='bbox 108 2935 231 3022; x_wconf 87' lang='lat' dir='ltr'><strong>pretiis</strong></span> <span class='ocrx_word' id='word_1_188' title='bbox 248 2953 359 2998; x_wconf 90' lang='lat' dir='ltr'><strong>eorum</strong></span> <span class='ocrx_word' id='word_1_189' title='bbox 374 2933 512 3015; x_wconf 88' lang='lat' dir='ltr'><strong>pecunia</strong></span> <span class='ocrx_word' id='word_1_190' title='bbox 529 2931 700 2996; x_wconf 87' lang='lat' dir='ltr'><strong>mediante.</strong></span> <span class='ocrx_word' id='word_1_191' title='bbox 717 2929 841 2997; x_wconf 87' lang='lat' dir='ltr'><strong>Actum</strong></span> <span class='ocrx_word' id='word_1_192' title='bbox 859 2937 1014 3013; x_wconf 78' lang='lat' dir='ltr'><strong>utsupra.</strong></span> 
     </span>
    </p>
   </div>
   <div class='ocr_carea' id='block_1_5' title="bbox 111 3035 1247 3231">
    <p class='ocr_par' dir='ltr' id='par_1_7' title="bbox 111 3035 1247 3231">
     <span class='ocr_line' id='line_1_25' title="bbox 226 3035 1247 3122; baseline -0.007 -15"><span class='ocrx_word' id='word_1_193' title='bbox 226 3040 423 3107; x_wconf 84' lang='lat' dir='ltr'><strong>Presentate</strong></span> <span class='ocrx_word' id='word_1_194' title='bbox 440 3046 547 3104; x_wconf 81' lang='lat' dir='ltr'><strong>autem</strong></span> <span class='ocrx_word' id='word_1_195' title='bbox 565 3061 624 3122; x_wconf 91' lang='lat' dir='ltr'><strong>per</strong></span> <span class='ocrx_word' id='word_1_196' title='bbox 641 3041 745 3104; x_wconf 88' lang='lat' dir='ltr'><strong>virum</strong></span> <span class='ocrx_word' id='word_1_197' title='bbox 762 3036 902 3105; x_wconf 87' lang='lat' dir='ltr'><strong>nobilem</strong></span> <span class='ocrx_word' id='word_1_198' title='bbox 919 3059 972 3102; x_wconf 90' lang='lat' dir='ltr'><strong>ser</strong></span> <span class='ocrx_word' id='word_1_199' title='bbox 986 3037 1158 3102; x_wconf 81' lang='lat' dir='ltr'><strong>Danielem</strong></span> <span class='ocrx_word' id='word_1_200' title='bbox 1174 3035 1247 3100; x_wconf 84' lang='lat' dir='ltr'><strong>Ma-</strong></span> 
     </span>
     <span class='ocr_line' id='line_1_26' title="bbox 111 3141 1247 3231; baseline -0.01 -14"><span class='ocrx_word' id='word_1_201' title='bbox 111 3154 225 3217; x_wconf 90' lang='lat' dir='ltr'><strong>rinum</strong></span> <span class='ocrx_word' id='word_1_202' title='bbox 236 3148 276 3213; x_wconf 87' lang='lat' dir='ltr'><strong>de</strong></span> <span class='ocrx_word' id='word_1_203' title='bbox 286 3146 438 3213; x_wconf 85' lang='lat' dir='ltr'><strong>Sibenico</strong></span> <span class='ocrx_word' id='word_1_204' title='bbox 450 3147 502 3212; x_wconf 91' lang='lat' dir='ltr'><strong>die</strong></span> <span class='ocrx_word' id='word_1_205' title='bbox 512 3147 687 3231; x_wconf 88' lang='lat' dir='ltr'><strong>perultima</strong></span> <span class='ocrx_word' id='word_1_206' title='bbox 703 3145 847 3230; x_wconf 80' lang='lat' dir='ltr'><strong>Augusti</strong></span> <span class='ocrx_word' id='word_1_207' title='bbox 858 3141 1247 3213; x_wconf 81' lang='lat' dir='ltr'>MOCOLXXXVIIII.</span> 
     </span>
    </p>
   </div>
   <div class='ocr_carea' id='block_1_6' title="bbox 110 3255 401 3326">
    <p class='ocr_par' dir='ltr' id='par_1_8' title="bbox 110 3255 401 3326">
     <span class='ocr_line' id='line_1_27' title="bbox 110 3255 401 3326; baseline -0.014 0"><span class='ocrx_word' id='word_1_208' title='bbox 110 3259 297 3326; x_wconf 88' lang='lat' dir='ltr'><strong>indictione</strong></span> <span class='ocrx_word' id='word_1_209' title='bbox 314 3255 401 3322; x_wconf 89' lang='lat' dir='ltr'>XII.</span> 
     </span>
    </p>
   </div>
   <div class='ocr_carea' id='block_1_7' title="bbox 441 3401 911 3468">
    <p class='ocr_par' dir='ltr' id='par_1_9' title="bbox 441 3401 911 3468">
     <span class='ocr_line' id='line_1_28' title="bbox 441 3401 911 3468; baseline -0.009 -14"><span class='ocrx_word' id='word_1_210' title='bbox 441 3404 566 3468; x_wconf 69' lang='lat' dir='ltr'><strong>(spalato</strong></span> <span class='ocrx_word' id='word_1_211' title='bbox 581 3403 662 3456; x_wconf 69' lang='lat' dir='ltr'><strong>vairos</strong></span> <span class='ocrx_word' id='word_1_212' title='bbox 675 3401 911 3467; x_wconf 79' lang='lat' dir='ltr'><strong>regestumaibol.)</strong></span> 
     </span>
    </p>
   </div>
   <div class='ocr_carea' id='block_1_8' title="bbox 685 3561 762 3569">
    <p class='ocr_par' dir='ltr' id='par_1_10' title="bbox 685 3561 762 3569">
     <span class='ocr_line' id='line_1_29' title="bbox 685 3561 762 3569; baseline 0.013 -1"><span class='ocrx_word' id='word_1_213' title='bbox 685 3565 708 3568; x_wconf 86' lang='lat'><strong>...</strong></span> <span class='ocrx_word' id='word_1_214' title='bbox 719 3561 762 3569; x_wconf 74' lang='lat'><strong>-—·</strong></span> 
     </span>
    </p>
   </div>
   <div class='ocr_carea' id='block_1_9' title="bbox 607 3697 718 3772">
    <p class='ocr_par' dir='ltr' id='par_1_11' title="bbox 607 3697 718 3772">
     <span class='ocr_line' id='line_1_30' title="bbox 607 3697 718 3772; baseline -0.027 1"><span class='ocrx_word' id='word_1_215' title='bbox 607 3697 608 3700; x_wconf 67' lang='lat'>‘</span> <span class='ocrx_word' id='word_1_216' title='bbox 644 3710 718 3772; x_wconf 87' lang='lat'>411.</span> 
     </span>
    </p>
   </div>
   <div class='ocr_carea' id='block_1_10' title="bbox 184 3869 1192 3961">
    <p class='ocr_par' dir='ltr' id='par_1_12' title="bbox 184 3869 1192 3961">
     <span class='ocr_line' id='line_1_31' title="bbox 184 3869 1192 3961; baseline -0.009 -23"><span class='ocrx_word' id='word_1_217' title='bbox 184 3874 382 3961; x_wconf 74' lang='lat' dir='ltr'><strong>Fraupepcin</strong></span> <span class='ocrx_word' id='word_1_218' title='bbox 398 3873 572 3938; x_wconf 80' lang='lat' dir='ltr'><strong>Jdnosnuk</strong></span> <span class='ocrx_word' id='word_1_219' title='bbox 589 3896 610 3935; x_wconf 84' lang='lat' dir='ltr'><strong>a</strong></span> <span class='ocrx_word' id='word_1_220' title='bbox 629 3871 780 3934; x_wconf 75' lang='lat' dir='ltr'><strong>celenensi</strong></span> <span class='ocrx_word' id='word_1_221' title='bbox 796 3869 1079 3956; x_wconf 74' lang='lat' dir='ltr'><strong>leorrndnytancics.</strong></span> <span class='ocrx_word' id='word_1_222' title='bbox 1098 3869 1192 3930; x_wconf 74' lang='lat'><em>1389.</em></span> 
     </span>
    </p>
   </div>
   <div class='ocr_carea' id='block_1_11' title="bbox 111 4023 1246 4236">
    <p class='ocr_par' dir='ltr' id='par_1_13' title="bbox 111 4023 1246 4236">
     <span class='ocr_line' id='line_1_32' title="bbox 226 4023 1245 4110; baseline -0.009 -13"><span class='ocrx_word' id='word_1_223' title='bbox 226 4031 327 4097; x_wconf 89' lang='lat' dir='ltr'><strong>Anno</strong></span> <span class='ocrx_word' id='word_1_224' title='bbox 366 4029 760 4100; x_wconf 77' lang='lat' dir='ltr'><strong>Meocnxxxvnss.</strong></span> <span class='ocrx_word' id='word_1_225' title='bbox 809 4028 861 4093; x_wconf 88' lang='lat' dir='ltr'><strong>die</strong></span> <span class='ocrx_word' id='word_1_226' title='bbox 902 4028 1041 4110; x_wconf 91' lang='lat' dir='ltr'><strong>septimo</strong></span> <span class='ocrx_word' id='word_1_227' title='bbox 1076 4023 1245 4091; x_wconf 90' lang='lat' dir='ltr'><strong>Obtubris.</strong></span> 
     </span>
     <span class='ocr_line' id='line_1_33' title="bbox 111 4132 1246 4236; baseline -0.009 -28"><span class='ocrx_word' id='word_1_228' title='bbox 111 4141 264 4224; x_wconf 78' lang='lat' dir='ltr'><strong>Capta</strong></span> <span class='ocrx_word' id='word_1_229' title='bbox 281 4167 287 4204; x_wconf 94' lang='lat'>:</span> <span class='ocrx_word' id='word_1_230' title='bbox 306 4138 404 4223; x_wconf 80' lang='lat' dir='ltr'><strong>Quod</strong></span> <span class='ocrx_word' id='word_1_231' title='bbox 420 4139 660 4236; x_wconf 85' lang='lat' dir='ltr'><strong>respondeatur</strong></span> <span class='ocrx_word' id='word_1_232' title='bbox 676 4137 729 4202; x_wconf 92' lang='lat' dir='ltr'><strong>isti</strong></span> <span class='ocrx_word' id='word_1_233' title='bbox 749 4136 879 4202; x_wconf 89' lang='lat' dir='ltr'><strong>Nuncio</strong></span> <span class='ocrx_word' id='word_1_234' title='bbox 895 4142 928 4200; x_wconf 90' lang='lat' dir='ltr'><strong>et</strong></span> <span class='ocrx_word' id='word_1_235' title='bbox 955 4133 1174 4200; x_wconf 87' lang='lat' dir='ltr'><strong>Ambaxatori</strong></span> <span class='ocrx_word' id='word_1_236' title='bbox 1191 4132 1246 4198; x_wconf 90' lang='lat' dir='ltr'><strong>do·</strong></span> 
     </span>
    </p>
   </div>
   <div class='ocr_carea' id='block_1_12' title="bbox 7 4240 1245 4328">
    <p class='ocr_par' dir='ltr' id='par_1_14' title="bbox 7 4240 1245 4328">
     <span class='ocr_line' id='line_1_34' title="bbox 7 4240 1245 4328; baseline -0.006 -18"><span class='ocrx_word' id='word_1_237' title='bbox 7 4297 17 4310; x_wconf 88' lang='grc'><em>,</em></span> <span class='ocrx_word' id='word_1_238' title='bbox 111 4250 198 4316; x_wconf 87' lang='lat' dir='ltr'><strong>mini</strong></span> <span class='ocrx_word' id='word_1_239' title='bbox 215 4246 355 4314; x_wconf 77' lang='lat' dir='ltr'><strong>Comitis</strong></span> <span class='ocrx_word' id='word_1_240' title='bbox 379 4244 542 4311; x_wconf 83' lang='lat' dir='ltr'><strong>Johennis</strong></span> <span class='ocrx_word' id='word_1_241' title='bbox 571 4243 684 4328; x_wconf 76' lang='lat' dir='ltr'><strong>segne,</strong></span> <span class='ocrx_word' id='word_1_242' title='bbox 713 4244 800 4326; x_wconf 92' lang='lat' dir='ltr'><strong>quod</strong></span> <span class='ocrx_word' id='word_1_243' title='bbox 826 4243 899 4307; x_wconf 92' lang='lat' dir='ltr'><strong>Deo</strong></span> <span class='ocrx_word' id='word_1_244' title='bbox 925 4247 1008 4307; x_wconf 89' lang='lat' dir='ltr'><strong>teste</strong></span> <span class='ocrx_word' id='word_1_245' title='bbox 1032 4240 1170 4306; x_wconf 91' lang='lat' dir='ltr'><strong>multum</strong></span> <span class='ocrx_word' id='word_1_246' title='bbox 1188 4258 1245 4303; x_wconf 88' lang='lat' dir='ltr'><strong>uos</strong></span> 
     </span>
    </p>
   </div>
   <div class='ocr_carea' id='block_1_13' title="bbox 111 4345 1245 4660">
    <p class='ocr_par' dir='ltr' id='par_1_15' title="bbox 111 4345 1245 4660">
     <span class='ocr_line' id='line_1_35' title="bbox 112 4345 1245 4444; baseline -0.011 -22"><span class='ocrx_word' id='word_1_247' title='bbox 112 4361 244 4444; x_wconf 87' lang='lat' dir='ltr'><strong>gravat,</strong></span> <span class='ocrx_word' id='word_1_248' title='bbox 261 4355 348 4438; x_wconf 89' lang='lat' dir='ltr'><strong>quod</strong></span> <span class='ocrx_word' id='word_1_249' title='bbox 364 4355 451 4419; x_wconf 88' lang='lat' dir='ltr'><strong>inter</strong></span> <span class='ocrx_word' id='word_1_250' title='bbox 468 4351 754 4434; x_wconf 85' lang='lat' dir='ltr'><strong>Magnificentiam</strong></span> <span class='ocrx_word' id='word_1_251' title='bbox 766 4347 866 4416; x_wconf 83' lang='lat' dir='ltr'><strong>Suam</strong></span> <span class='ocrx_word' id='word_1_252' title='bbox 878 4355 911 4414; x_wconf 91' lang='lat' dir='ltr'><strong>et</strong></span> <span class='ocrx_word' id='word_1_253' title='bbox 922 4347 995 4413; x_wconf 91' lang='lat' dir='ltr'><strong>illos</strong></span> <span class='ocrx_word' id='word_1_254' title='bbox 1007 4346 1155 4412; x_wconf 92' lang='lat' dir='ltr'><strong>dominos</strong></span> <span class='ocrx_word' id='word_1_255' title='bbox 1166 4345 1245 4412; x_wconf 86' lang='lat' dir='ltr'><strong>Cor-</strong></span> 
     </span>
     <span class='ocr_line' id='line_1_36' title="bbox 111 4457 1244 4535; baseline -0.011 -4"><span class='ocrx_word' id='word_1_256' title='bbox 111 4465 212 4531; x_wconf 86' lang='lat' dir='ltr'><strong>bavie</strong></span> <span class='ocrx_word' id='word_1_257' title='bbox 229 4469 299 4528; x_wconf 87' lang='lat' dir='ltr'><strong>orte</strong></span> <span class='ocrx_word' id='word_1_258' title='bbox 316 4469 393 4528; x_wconf 87' lang='lat' dir='ltr'><strong>sunt</strong></span> <span class='ocrx_word' id='word_1_259' title='bbox 409 4463 468 4526; x_wconf 89' lang='lat' dir='ltr'><strong>iste</strong></span> <span class='ocrx_word' id='word_1_260' title='bbox 494 4461 679 4526; x_wconf 84' lang='lat' dir='ltr'><strong>differentis</strong></span> <span class='ocrx_word' id='word_1_261' title='bbox 705 4465 739 4525; x_wconf 85' lang='lat' dir='ltr'><strong>ot</strong></span> <span class='ocrx_word' id='word_1_262' title='bbox 765 4459 829 4523; x_wconf 85' lang='lat' dir='ltr'><strong>ista</strong></span> <span class='ocrx_word' id='word_1_263' title='bbox 855 4457 1010 4523; x_wconf 84' lang='lat' dir='ltr'><strong>scandala</strong></span> <span class='ocrx_word' id='word_1_264' title='bbox 1035 4478 1073 4522; x_wconf 88' lang='lat' dir='ltr'><strong>ac</strong></span> <span class='ocrx_word' id='word_1_265' title='bbox 1099 4476 1244 4535; x_wconf 88' lang='lat' dir='ltr'><strong>errores;</strong></span> 
     </span>
     <span class='ocr_line' id='line_1_37' title="bbox 114 4563 1245 4660; baseline -0.01 -22"><span class='ocrx_word' id='word_1_266' title='bbox 114 4571 369 4660; x_wconf 85' lang='lat' dir='ltr'><strong>quiavellemus</strong></span> <span class='ocrx_word' id='word_1_267' title='bbox 385 4570 534 4650; x_wconf 89' lang='lat' dir='ltr'><strong>libenter,</strong></span> <span class='ocrx_word' id='word_1_268' title='bbox 550 4568 636 4655; x_wconf 88' lang='lat' dir='ltr'><strong>quod</strong></span> <span class='ocrx_word' id='word_1_269' title='bbox 662 4567 857 4652; x_wconf 83' lang='lat' dir='ltr'><strong>Magnitudo</strong></span> <span class='ocrx_word' id='word_1_270' title='bbox 875 4563 943 4632; x_wconf 84' lang='lat' dir='ltr'><strong>Sua</strong></span> <span class='ocrx_word' id='word_1_271' title='bbox 967 4564 1091 4631; x_wconf 86' lang='lat' dir='ltr'><strong>viveret</strong></span> <span class='ocrx_word' id='word_1_272' title='bbox 1116 4564 1149 4628; x_wconf 93' lang='lat' dir='ltr'><strong>in</strong></span> <span class='ocrx_word' id='word_1_273' title='bbox 1166 4583 1245 4649; x_wconf 86' lang='lat' dir='ltr'><strong>pace</strong></span> 
     </span>
    </p>
   </div>
   <div class='ocr_carea' id='block_1_14' title="bbox 0 0 1620 5250">
    <p class='ocr_par' dir='ltr' id='par_1_16' title="bbox 0 0 1620 5250">
     <span class='ocr_line' id='line_1_38' title="bbox 0 0 1620 5250; baseline 0 0"><span class='ocrx_word' id='word_1_274' title='bbox 0 0 1620 5250; x_wconf 95' lang='lat' dir='ltr'><strong> </strong></span> 
     </span>
    </p>
   </div>
  </div>
 </body>
</html>
