3248 5242
1342 242 1347 252 .
1517 1 1623 235 ss'l

406 567 454 626 tes
471 560 588 627 merita
604 561 728 628 sincere
745 563 927 629 deuotionis
954 571 985 628 et
1008 563 1083 628 fidei
1111 563 1256 627 virorum
1272 561 1430 628 nobilium
1447 559 1530 626 Tho-

405 691 455 734 me
473 668 592 748 militis,
609 667 763 755 Gregorij
780 677 814 736 et
831 670 965 737 Andree
991 669 1131 737 tiliorum
1158 669 1329 754 Stephanj,
1346 675 1531 736 nostrorum

405 777 549 842 fidelium
566 775 768 860 dilectorum,
786 781 842 863 qui
860 801 918 864 pro
935 778 997 844 fide
1015 786 1049 845 et
1064 785 1152 844 statu
1169 778 1288 844 nostris
1300 799 1333 842 se
1344 799 1410 843 non
1425 776 1533 842 formi-

405 883 567 949 daverunt
581 904 739 967 exponere
755 884 851 950 dubie
868 886 966 951 sortis
992 884 1173 964 euentibus,
1188 885 1357 951 laboribus
1373 884 1487 967 uarijs,
1503 891 1534 948 ct

404 989 558 1076 periculis
585 989 809 1075 formidandis,
835 992 1044 1058 vendicantes
1075 990 1137 1057 sibi
1169 997 1345 1076 propterea
1375 989 1533 1055 uberioris

405 1097 616 1182 gratitudinis
632 1106 743 1165 nostre
760 1122 883 1181 munus,
900 1106 1070 1184 grataque,
1086 1099 1180 1164 utilia
1196 1105 1230 1164 et
1246 1105 1383 1182 accepta
1400 1099 1533 1163 seruitia

409 1229 468 1292 per
484 1230 540 1272 eos
557 1207 700 1273 Culmini
728 1206 850 1274 Nostro
877 1209 1024 1292 prestita,
1050 1229 1154 1292 queue
1181 1212 1331 1290 prestant
1346 1206 1389 1271 ad
1407 1227 1536 1289 presens
1590 1195 1593 1199 ¹

404 1324 438 1382 et
453 1323 601 1401 prestare
627 1322 782 1399 poterunt
798 1315 1008 1382 laudabiliter
1032 1317 1066 1382 in
1091 1317 1247 1389 futurum,
1274 1337 1315 1379 ex
1341 1315 1462 1398 quibus
1478 1335 1534 1398 per

405 1448 462 1492 nos
488 1423 625 1509 benigne
651 1427 803 1512 prosequi
829 1432 1062 1511 promerentur,
1079 1425 1201 1490 eisdem
1220 1423 1353 1504 Thone,
1370 1421 1533 1507 Gregorio

405 1541 437 1598 et
454 1532 597 1614 Andree,
616 1555 654 1598 ac
670 1535 815 1617 ipsorum
841 1541 873 1600 et
899 1533 1073 1600 cuiuslibet
1090 1555 1202 1599 eorum
1219 1531 1395 1598 heredibus
1411 1553 1535 1597 mascu-

405 1643 462 1708 lini
480 1665 575 1709 sexus
601 1666 639 1708 ex
655 1645 801 1727 ipsorum
816 1642 1006 1728 corporibus
1025 1643 1169 1727 legitime
1185 1639 1465 1720 descendentibus,
1480 1661 1535 1705 na·

407 1751 530 1817 tisiam
547 1759 580 1818 et
598 1753 729 1818 inantea
744 1753 928 1833 nascituris,
945 1751 1170 1835 inperpetuum
1190 1757 1258 1815 tam
1270 1748 1382 1816 villam
1398 1747 1533 1828 Arione,

406 1879 469 1942 que
485 1859 547 1924 fuit
563 1859 727 1925 Dominici
745 1860 801 1946 filij
828 1861 853 1928 ,J
855 1860 992 1926 ohannis
1010 1858 1141 1925 rebellis
1165 1859 1279 1938 nostri,
1295 1881 1353 1943 per
1368 1859 1473 1942 ipsius
1488 1883 1536 1925 re-

405 1966 580 2032 bellionem
606 1969 768 2034 notoriam
794 1975 827 2034 et
853 1969 918 2034 lese
944 1965 1067 2033 Nostro
1094 1967 1283 2034 Maiestatis
1300 1968 1433 2047 crimen,
1448 1969 1535 2052 quod

406 2074 545 2139 incurrit
562 2072 748 2144 adherendo
772 2074 916 2160 parendo
946 2074 1084 2140 favendo
1101 2081 1133 2140 et
1149 2074 1334 2140 assistendo
1351 2074 1535 2161 Marchionj

406 386 469 448 716
761 405 995 453 ninnouaozmr
1011 392 1178 450 sundran.

406 2179 695 2266 Brandeburgensi
711 2189 744 2250 et
760 2184 829 2249 eius
855 2184 998 2249 consorti
1023 2181 1169 2248 hostibus
1185 2184 1316 2262 nostris,
1332 2182 1536 2264 sequacibus,

405 2289 640 2356 adherentibus
667 2297 699 2355 et
715 2289 898 2356 fautoribus
917 2290 1102 2371 eorundem,
1118 2289 1160 2354 ad
1177 2311 1291 2355 manus
1308 2297 1419 2355 nostre
1436 2287 1535 2355 Ourie

406 2397 648 2463 rationabiliter
675 2397 882 2481 deuolutam3
909 2421 1009 2482 quam
1036 2399 1145 2464 uillam
1175 2398 1291 2481 libres,
1317 2404 1351 2464 et
1375 2399 1534 2483 oppidum

408 2504 514 2590 Boya,
530 2529 592 2591 que
608 2507 738 2574 fuerunt
754 2509 918 2594 quondam
934 2508 1063 2594 Nicolaj
1082 2510 1122 2574 de
1139 2507 1231 2576 Gara
1247 2509 1325 2574 olim
1340 2509 1448 2592 Regni
1464 2530 1538 2574 nos·

406 2615 448 2678 tri
468 2615 638 2696 Hungarie
654 2615 810 2700 Palatinj,
835 2617 933 2700 Regij
951 2620 1081 2700 paterni
1098 2623 1132 2681 et
1147 2617 1249 2683 nostri
1266 2616 1397 2682 rebellis
1414 2622 1448 2682 et
1462 2638 1537 2700 pro-

406 2720 521 2787 ditoris
538 2724 666 2808 notorij,
683 2745 740 2807 per
757 2723 858 2807 ipsius
886 2725 986 2790 etiam
1012 2725 1171 2789 notoriam
1199 2723 1408 2790 rebellionem
1426 2731 1458 2788 et
1476 2727 1537 2789 cri·

405 2851 479 2896 men
496 2851 555 2914 per
570 2853 643 2897 eum
660 2834 865 2899 commissum
883 2835 916 2898 in
933 2853 1104 2917 personam
1131 2833 1219 2898 clare
1240 2834 1395 2899 memorie
1412 2833 1536 2916 dominj

406 2939 508 3022 Regis
535 2937 653 3023 Karolj
681 2940 853 3026 renerendj
880 2941 1002 3006 domini
1029 2941 1185 3024 genitoris
1212 2943 1328 3021 nostri,
1344 2942 1538 3006 ouiusnecis

405 3045 438 3111 N
441 3047 564 3113 icolaus
580 3047 665 3114 idem
683 3050 832 3114 conscius
854 3050 964 3114 extitit
980 3053 1013 3112 et
1028 3055 1192 3130 trattator,
1209 3069 1249 3113 ac
1265 3057 1433 3132 postremo
1452 3049 1540 3113 sicut

406 3155 474 3221 eius
491 3177 668 3222 causauere
686 3157 855 3238 demerita,
873 3164 988 3224 contra
1005 3157 1135 3224 vessilla
1151 3163 1184 3221 et
1198 3161 1312 3239 gentes
1328 3163 1539 3239 nostraspre·

407 3260 493 3328 lians
511 3265 734 3347 interemptus,
750 3264 792 3330 ad
810 3286 924 3330 manus
943 3264 1027 3330 dicte
1044 3271 1156 3330 nostre
1173 3263 1272 3329 Curio
1288 3263 1489 3344 deuolutaru,
1507 3271 1540 3329 et

408 3371 595 3438 deuolutum
614 3373 764 3438 similiter
781 3373 1026 3439 rationabiliter
1042 3377 1141 3456 atque
1152 3373 1249 3456 juste,
1262 3392 1333 3436 cum
1344 3371 1540 3455 tortellieijs,

407 3478 600 3562 hominibus,
617 3479 776 3562 vassallis,
790 3479 1031 3564 jobagionibus,
1057 3477 1248 3560 redditibus,
1264 3479 1423 3559 censibus,
1439 3480 1542 3544 serui·

408 3587 475 3670 cijs,
502 3587 661 3670 domibus,
687 3588 957 3672 possessionibus
985 3587 1096 3669 vineis,
1121 3587 1260 3666 olinetis,
1276 3587 1374 3652 terris
1389 3586 1492 3650 cultis
1508 3592 1541 3650 et

407 3695 547 3776 incultis,
572 3696 743 3778 montibus
769 3698 885 3781 planis,
911 3697 1026 3780 pratia,
1053 3695 1153 3777 siluis,
1179 3697 1376 3778 nemoribus,
1402 3696 1544 3780 pascuis,

409 3803 588 3888 arboribus,
605 3805 804 3888 querquetis,
829 3803 1033 3885 molendinis,
1059 3803 1216 3887 piscarijs,
1231 3805 1379 3884 teloneis,
1396 3804 1494 3886 aquis
1511 3807 1543 3867 et

409 3931 567 3994 aquarum
584 3911 782 3993 decursibus,
808 3913 965 3996 seruicijs,
991 3911 1177 3998 territorijs,
1187 3911 1327 3996 juribus,
1339 3910 1543 3995 jurisdictio

409 4017 504 4084 nibus
521 4025 554 4085 et
570 4020 773 4104 pertinentijs
800 4042 911 4085 earum
938 4017 1096 4101 omnibus,
1113 4041 1152 4086 ao
1169 4018 1226 4084 sub
1243 4017 1294 4083 his
1309 4017 1413 4100 metis,
1431 4017 1544 4082 termi-

411 4127 461 4191 nis
493 4136 526 4194 et
558 4127 745 4208 confinibus
776 4129 880 4195 modis
913 4133 945 4192 et
976 4126 1099 4204 formis,
1118 4126 1177 4192 sub
1203 4125 1321 4210 quibus
1345 4125 1435 4191 dictu
1464 4125 1544 4190 vssls

410 4235 534 4302 Ariane
560 4237 718 4302 hactenus
745 4257 803 4320 per
837 4234 1001 4319 prefatum
1031 4233 1248 4315 Dominicum,
1279 4233 1433 4316 dictaque
1466 4232 1545 4297 ville

409 4345 515 4410 Ebres
540 4353 574 4410 et
608 4343 765 4429 oppidum
801 4344 895 4427 Boya
920 4365 978 4427 per
1003 4348 1217 4409 memoratum
1248 4341 1413 4424 quondam
1442 4339 1545 4408 Nico-

410 4453 498 4518 laum
524 4456 601 4520 olim
629 4455 827 4533 Palatinum,
852 4453 928 4518 dum
955 4452 1044 4524 vixit,
1069 4458 1159 4516 tente
1185 4456 1219 4515 et
1238 4469 1385 4533 possesse
1402 4449 1545 4528 suerunt,

412 4569 521 4634 nosue
538 4585 620 4630 noue
637 4571 672 4632 et
688 4561 913 4631 irreuocabilis
930 4560 1115 4628 donationis
1126 4560 1232 4638 titulo,
1245 4580 1320 4626 cum
1336 4579 1495 4624 consensu
1510 4564 1542 4621 et
