3214 5250
385 391 449 454 656
730 410 961 455 ornnounoarnr
980 390 1146 456 annexae.

382 567 525 633 faciendi
541 569 642 652 ligem
658 591 732 634 cunr
751 570 879 636 domino
895 569 995 654 Rege,
1021 569 1150 635 domina
1166 570 1300 654 Regina
1319 577 1354 636 et
1381 569 1521 637 Corona

384 677 574 760 Hungarie;
592 677 682 742 vadit.
696 700 773 761 pars
790 679 822 742 in
839 679 926 744 bona
945 679 1064 762 gratia,
1082 677 1168 761 quod
1193 685 1361 760 tractetur
1378 681 1464 744 circa
1486 679 1524 743 ii-

383 786 441 851 lud
458 787 646 869 capitulum.

491 894 613 961 Verum
631 897 708 978 quia
725 896 793 978 ipse
811 894 1017 960 Ambaxator
1034 895 1066 958 in
1085 895 1288 978 expositione
1316 915 1374 958 sue
1391 895 1524 960 Amba·

382 1006 457 1065 xate
475 1000 550 1068 secit
567 1004 770 1085 mentionem,
787 1003 874 1085 quod
891 1005 978 1067 venit
1004 1024 1062 1085 pro
1079 1001 1167 1066 santo
1185 1001 1251 1084 lige
1268 1001 1353 1066 alias
1370 1007 1524 1067 tractate

380 1113 412 1175 in
424 1111 573 1194 partibus
587 1112 755 1194 Hungario
766 1133 825 1194 per
835 1119 964 1175 nostros
976 1110 1241 1188 Ambaxatores3
1266 1111 1517 1194 respondeatur

381 1220 453 1299 sibi,
471 1219 556 1301 quod
573 1241 631 1303 per
648 1227 774 1284 nostros
793 1217 1044 1300 Anibaxatores,
1061 1225 1139 1282 tunc
1156 1219 1189 1282 in
1206 1218 1360 1301 partibus
1377 1218 1526 1301 Hnnga-

380 1329 429 1391 rie
465 1329 647 1407 existentes²
682 1328 745 1392 fuit
779 1326 928 1391 ordinate
963 1347 1152 1408 responsum
1188 1325 1321 1390 domino
1350 1323 1437 1407 Regi
1473 1327 1522 1391 ad

379 1433 501 1499 factum
517 1437 582 1517 lige
594 1436 758 1518 predicte;
774 1442 806 1498 et
823 1439 999 1516 propterea
1008 1434 1035 1497 si
1048 1434 1152 1516 placet
1166 1433 1229 1497 sibi
1245 1454 1316 1498 esse
1333 1455 1432 1516 super
1444 1434 1521 1499 dic·

379 1551 414 1609 to
431 1546 574 1627 capitulo
591 1546 624 1608 in
642 1544 764 1608 ultimis
781 1545 880 1608 misso
896 1543 1016 1610 nostris
1033 1541 1375 1622 Ambaxat01·ibus‚ut
1387 1542 1519 1606 dir-tum

380 1655 438 1734 est,
457 1674 566 1717 sumus
584 1655 726 1716 conteuti
744 1674 813 1716 esso
830 1659 860 1716 et
878 1657 1021 1716 tractare
1039 1673 1135 1734 super
1151 1651 1226 1731 illo;
1245 1657 1275 1714 et
1293 1651 1321 1714 si
1346 1651 1526 1716 Anibaxa·

380 1767 432 1823 tor
449 1760 569 1824 domini
587 1761 686 1843 Regis
705 1760 874 1842 Hungarie
891 1761 953 1824 erit
965 1765 1136 1825 contentus
1151 1765 1299 1823 tractare
1317 1759 1523 1841 superdicto

380 1869 494 1932 ultimo
513 1868 665 1952 capitulo
682 1873 757 1933 tunc
784 1875 1002 1951 prosequatur
1028 1877 1060 1933 et
1087 1873 1249 1932 tractetur
1275 1868 1362 1931 circa
1389 1865 1522 1932 dictum

378 1977 556 2060 capitulum
574 2001 646 2044 curn
664 1977 811 2042 omnibus
828 1975 892 2040 illis
918 1977 1110 2059 arantagiiS,
1137 1997 1199 2058 que
1226 1975 1424 2040 ridebuntur
1455 1999 1519 2058 pro

377 2085 500 2148 honora
516 2085 621 2148 nostri
638 2083 790 2148 Doininii.
809 2082 845 2148 Si
861 2105 936 2147 vero
953 2084 1060 2148 dictus
1078 2083 1286 2148 Ambaxator
1303 2082 1425 2148 donnini
1447 2083 1517 2148 Re-

378 2191 426 2272 gis
444 2191 619 2274 Hungario
635 2214 699 2256 uon
716 2197 802 2257 esset
819 2197 988 2256 contentus
1006 2191 1046 2256 de
1062 2192 1159 2256 modo
1177 2191 1336 2274 predicto,
1361 2191 1515 2274 provide-

376 2299 473 2382 biter,
489 2301 573 2364 sieut
588 2300 758 2365 ridebitur.

380 2409 415 2468 (A
432 2415 561 2460 »secreta
577 2411 694 2460 Consilii
707 2411 896 2473 Rogatorum«
912 2410 1002 2459 ozimss
1017 2408 1239 2458 allamaktakbbl
1252 2410 1286 2458 R.
1300 2409 1404 2458 trotio,
1415 2424 1458 2458 sz.
1473 2413 1513 2470 a.)

864 2571 1018 2580 ——-——---

902 2701 976 2761 383.

378 2855 407 2925 A
434 2859 588 2924 veleaczei
612 2859 887 2945 Irorrndaytancirn
918 2860 1102 2945 mepeapeda'
1135 2830 1287 2924 Tun-rtlco'
1312 2859 1360 2921 H.
1390 2857 1511 2922 Istocin-

376 2969 463 3032 nzerb
479 2969 511 3029 e's
527 2968 673 3031 boszniai
690 2967 878 3052 Icircr'lynoln³
895 2969 975 3052 kopp
996 2969 1062 3030 200
1087 2966 1273 3053 orbay-opi
1290 2967 1397 3029 erroro
1426 2968 1509 3030 rnal-

571 3074 681 3137 ooairi
698 3075 765 3137 bort
786 3074 983 3137 Velenczc'bbl
1001 3073 1193 3138 kiribessen.
1212 3076 1308 3138 1388.

482 3234 580 3298 Anno
597 3231 974 3300 MOCCLXXXVIII.
994 3233 1169 3299 indictione
1195 3234 1282 3298 XII.
1308 3232 1362 3297 die
1388 3231 1508 3298 XVII.

375 3342 510 3426 Aprilis
535 3342 623 3423 Cap
634 3349 678 3405 ta
696 3367 701 3406 :
720 3339 816 3424 Quod
834 3340 1046 3406 Seronissimo
1057 3343 1189 3408 donrino
1207 3341 1294 3424 Regi
1310 3341 1428 3406 Rassie
1445 3341 1508 3406 hoc

375 3451 589 3516 amicabiliter
605 3450 784 3533 requirenti
803 3451 1011 3532 concedatur,
1028 3451 1114 3535 quod
1131 3452 1234 3534 possit
1250 3450 1361 3514 facere
1378 3449 1505 3514 extrahi

374 3559 414 3622 de
439 3559 590 3624 Venetiis
616 3565 648 3622 et
674 3559 807 3624 conduci
839 3557 880 3623 ad
906 3565 1019 3640 partes
1037 3581 1112 3624 suas
1129 3561 1239 3622 vinum
1256 3557 1448 3622 Mouornsie
1466 3557 1505 3622 nd

374 3666 517 3732 valorem
534 3664 726 3731 ducatorum
745 3667 963 3732 ducentorum.

419 3777 454 3838 (A
471 3777 581 3825 »inisti«
597 3778 686 3826 czinrt'i
699 3779 840 3828 velenczei
853 3778 1086 3841 allamkbnyvbttl
1099 3777 1259 3828 XXXVIII.
1274 3777 1334 3828 not.
1356 3783 1415 3828 255.
1431 3780 1461 3838 1.)

898 4070 972 4129 383.
1016 4063 1029 4088 ⁰

373 4229 402 4288 A
420 4226 573 4288 vetenezea'
590 4227 870 4313 kbztdroasa'prob
885 4231 1075 4292 lrotctroznto
1088 4228 1205 4292 Met-ria
1218 4253 1361 4315 rnapynr
1377 4230 1496 4315 bird-lp·

567 4336 607 4396 ae
623 4335 655 4396 ris
672 4336 843 4421 Zsipmont
860 4336 973 4421 kirrilp
989 4336 1193 4421 kbveteefpe're.
1213 4340 1309 4401 1388.

480 4491 579 4556 Anno
610 4492 986 4562 MCOOLXXXVIH.
1017 4494 1070 4559 die
1102 4495 1185 4560 XX.
1218 4499 1339 4562 mensis
1365 4497 1490 4580 Aprilis

374 4597 399 4662 Ο
413 4622 461 4683 ap
473 4607 484 4664 t
498 4623 517 4663 a
534 4625 539 4664 :
558 4599 653 4682 Quod
669 4603 908 4688 respondeatur
923 4606 977 4668 isti
995 4603 1210 4669 Aurbaxatori
1229 4605 1433 4671 Sernnisrirni
1444 4605 1489 4668 do·
