3134 5254
414 413 478 474 tttj
766 431 1000 476 nmaouaearsr
1019 421 1186 476 trutinans.

411 589 530 674 Nuntij
564 587 787 672 respondimus
813 589 927 672 eidem,
945 592 1032 674 quod
1047 591 1249 656 habebamus
1266 592 1520 671 deliberationem,

410 719 581 780 perquam
599 698 759 763 Dominus
776 720 852 763 snus
869 697 1019 763 dominus
1046 697 1196 764 Karolus
1221 706 1255 764 et
1282 700 1426 766 Berones
1446 706 1520 782 pote·

410 812 485 870 rant
502 807 618 870 merito
635 808 825 886 contentari,
842 813 872 870 et
894 807 981 889 quod
997 813 1173 890 propterea
1188 807 1376 874 volebamus
1400 830 1463 873 esse.
1485 807 1519 871 ad

409 915 607 996 presentiam
620 934 720 994 suam,
733 915 842 996 etjam
853 913 1033 980 feceramus
1044 916 1158 998 parari
1169 935 1269 997 equos
1287 937 1346 998 pro
1363 915 1518 998 equitando

411 1043 483 1086 cum
501 1042 547 1086 ec.
565 1019 633 1086 Sed
649 1023 718 1102 ipse
735 1020 818 1087 dixit
835 1021 935 1102 nobis,
962 1022 1050 1104 quod
1075 1023 1206 1087 omnino
1232 1023 1407 1104 oportebat
1428 1023 1518 1088 redire

411 1128 454 1192 ad
471 1149 620 1210 eampum
637 1127 680 1192 ad
696 1127 880 1193 faciendum
909 1130 1153 1211 responsionem
1178 1128 1321 1194 Domino
1347 1151 1405 1194 suo
1428 1131 1463 1195 de
1485 1151 1522 1208 co,

412 1237 490 1321 qnid
516 1236 791 1320 respondebamus
818 1245 893 1302 ante
925 1258 1024 1318 quam
1050 1237 1182 1317 iremus,
1198 1244 1232 1302 et
1247 1239 1335 1320 quod
1361 1246 1522 1323 expectare-

412 1367 491 1425 muS,
509 1347 586 1428 quia
602 1346 670 1428 ipse
687 1346 810 1409 rediret
836 1365 896 1427 pro
917 1345 1010 1409 nobis
1037 1345 1086 1410 vel
1104 1345 1198 1409 hodie
1215 1346 1266 1411 rel
1291 1367 1364 1411 eras
1381 1348 1412 1411 in
1435 1367 1522 1424 mane,

412 1453 588 1518 seeundum
605 1452 693 1535 quod
718 1452 878 1517 Dominus
898 1474 975 1516 suus
1003 1453 1183 1518 mandaret.
1210 1452 1258 1518 Et
1274 1454 1322 1518 ita
1347 1453 1439 1519 hodie
1461 1461 1524 1520 ante

411 1565 537 1626 sextam
557 1566 590 1624 et
606 1559 779 1643 septimam
796 1559 909 1624 horam
926 1559 991 1624 diei
1018 1559 1223 1642 supradictus
1248 1559 1418 1626 Johaones
1440 1561 1524 1643 redijt

412 1691 473 1752 pro
491 1667 586 1731 nobis
604 1665 749 1746 dicende,
779 1667 865 1750 quod
883 1667 1002 1730 iremus
1020 1666 1063 1731 ed
1089 1687 1248 1748 campum.
1264 1667 1311 1731 Et
1336 1671 1443 1732 statim
1466 1669 1525 1750 ipsa

412 1777 496 1842 hora
512 1796 579 1856 nos,
597 1774 654 1856 qui
670 1776 820 1839 continue
846 1776 1012 1839 stabamus
1030 1775 1148 1857 parati,
1165 1781 1198 1839 et
1222 1773 1423 1840 faciebamus
1447 1781 1522 1839 stare
1562 1783 1564 1860 ῥ

413 1905 512 1967 equos
529 1889 663 1966 paratos
689 1883 898 1966 expectando,
923 1883 1014 1948 nulla
1030 1904 1121 1946 mora
1145 1888 1311 1965 protracta
1337 1885 1523 1950 ascendimus

413 2014 522 2075 equos,
538 1998 570 2055 et
586 1993 801 2074 equitavimus
817 1991 859 2054 ad
877 2011 1034 2074 eampum.
1058 1990 1103 2054 Et
1128 1991 1205 2055 dum
1223 2013 1366 2058 essemus
1392 1993 1433 2056 ad
1455 2013 1525 2056 eam-

412 2123 498 2184 pum,
515 2107 548 2165 et
564 2100 756 2165 duceremur
781 2101 822 2164 ad
848 2099 1044 2182 presentiam
1062 2099 1184 2164 domini
1211 2099 1343 2181 Karoli‚
1367 2101 1525 2164 invenimus

414 2231 485 2273 cum
504 2231 541 2275 eo
558 2210 723 2274 dominum
740 2206 900 2274 Comitem
917 2207 1075 2289 Magnum
1102 2207 1301 2287 Palatinum,
1319 2215 1353 2273 et
1371 2209 1525 2290 quemdam

415 2318 514 2382 aliurn
532 2318 668 2382 militem
685 2317 842 2399 Magnum
860 2315 1024 2380 Baronem
1043 2315 1236 2380 attinentem
1249 2313 1328 2380 dicti
1345 2315 1462 2380 domini
1477 2313 1526 2378 Ca
1562 2379 1564 2384 ,

414 2426 511 2491 mitis.
527 2426 575 2490 Et
588 2427 657 2509 jam
675 2425 811 2506 inceptis
828 2423 933 2487 uerbis
945 2423 1135 2505 supervenit
1145 2422 1295 2486 dominus
1312 2423 1425 2488 Banus
1440 2422 1526 2486 Bene·
1563 2489 1564 2502 χ

414 2534 530 2599 dictus
556 2534 604 2598 Et
620 2535 696 2598 dum
722 2553 863 2597 essenms
882 2552 989 2596 coram
1016 2552 1066 2610 eo,
1092 2531 1232 2595 tenendo
1257 2532 1391 2596 modum
1416 2530 1525 2595 ordinis
1562 2515 1564 2584 ἑ

418 2641 511 2707 nobis
529 2643 607 2723 dati,
639 2643 744 2726 primo
764 2641 938 2706 obtulimus
963 2640 1111 2723 predicto
1137 2639 1267 2703 domino
1292 2639 1428 2720 Karoia,
1453 2635 1526 2722 qnod
1562 2691 1564 2702 ⁴

417 2749 607 2814 Domiuatio
625 2751 746 2818 Vestra
762 2755 833 2812 orat
857 2755 1008 2812 contenta
1024 2768 1252 2828 recognoscere
1279 2747 1525 2812 Illustrissimnn

415 2857 590 2922 Dominum
608 2857 774 2920 dominum
800 2856 923 2938 Regem
950 2853 1096 2936 Vagarie
1112 2855 1146 2918 in
1171 2855 1357 2918 Dominum.
1383 2857 1426 2921 nt
1450 2855 1522 2919 faeta
1562 2843 1564 2908 ἶ

414 2965 475 3029 sibi
490 2964 656 3029 oblatione
673 2965 827 3046 predicta,
844 2965 914 3046 ipse
925 2963 1073 3027 cleotinus
1089 2962 1236 3027 Karalus
1247 2964 1414 3046 respondit
1431 2962 1525 3027 statim

414 3071 516 3151 nobis,
533 3073 663 3153 quodsi
681 3095 743 3136 non
760 3072 960 3136 habebamus
972 3072 1038 3137 alia
1049 3072 1164 3150 dicere,
1181 3071 1221 3134 de
1238 3069 1299 3136 hoc
1316 3094 1381 3136 non
1395 3074 1527 3154 loquere

414 3186 469 3243 tur
484 3179 635 3261 amplius,
652 3181 728 3260 quia
746 3179 807 3244 hoc
824 3200 990 3260 nunquam
1007 3181 1107 3244 fieret.
1132 3180 1180 3244 Et
1198 3177 1294 3244 factis
1310 3179 1458 3262 pluribus
1473 3199 1527 3241 ser·

414 3288 464 3351 bis
481 3308 577 3371 super
593 3287 662 3368 hoc,
674 3289 790 3368 etipse
808 3288 846 3352 de
864 3287 952 3352 dieta
969 3287 1132 3354 oblatione
1150 3294 1336 3352 remaneret
1352 3293 1526 3362 contentum
1562 3305 1564 3310 ·

415 3395 560 3459 videntes
577 3394 665 3476 quod
681 3416 743 3458 non
761 3402 833 3460 erat
865 3396 987 3473 modus,
1004 3400 1037 3458 et
1054 3393 1241 3458 dubitantes
1268 3415 1333 3458 non
1358 3395 1528 3459 recederes
1563 3407 1564 3440 1

416 3508 571 3583 tractatu,
598 3503 884 3569 condescendiums
917 3503 960 3567 act
976 3504 1096 3568 dictam
1121 3508 1268 3584 partem3
1293 3501 1432 3567 dicendo
1447 3497 1528 3584 quod

415 3616 451 3675 ut
468 3611 535 3693 ipse
552 3609 633 3674 bene
650 3611 785 3693 videret,
810 3611 1000 3676 Dominatio
1021 3609 1144 3676 Vestra
1169 3616 1240 3674 erat
1266 3611 1348 3675 bene
1373 3609 1529 3693 disposita,
1563 3673 1564 3676 ,

416 3718 500 3782 unde
517 3716 705 3782 Dominatio
722 3719 845 3787 Vestra
863 3725 933 3784 erat
948 3724 1101 3782 contenta
1112 3737 1344 3799 recognoscere
1360 3717 1529 3799 predictum
1562 3745 1564 3756 ε

416 3826 581 3891 dominum
597 3825 720 3907 Regem
737 3825 964 3904 inDominum,
975 3832 1007 3890 et
1018 3825 1222 3889 omnesfilios
1234 3822 1529 3890 suosnrasculos.Et
1562 3807 1564 3888 Ῑ

416 3934 512 4000 factis
530 3937 628 3999 etiarn
645 3957 741 4017 super
757 3934 817 3998 hoc
835 3933 944 3998 nrirltis
961 3935 1076 4015 verbis,
1092 3942 1124 3998 et
1140 3936 1210 4017 ipso
1237 3934 1346 3998 adhuc
1365 3957 1429 3998 non
1444 3951 1530 3997 remii-

417 4049 512 4108 nente
524 4049 673 4108 contento
693 4043 837 4120 dicende,
853 4041 940 4125 quod
950 4042 1011 4106 boc
1022 4064 1187 4126 marquam
1198 4042 1306 4120 tieret3
1319 4037 1531 4108 condescendi·
1562 4081 1564 4084 -

416 4171 486 4213 mus
498 4149 541 4213 ad
557 4150 740 4217 faciendum
757 4150 955 4216 oblationem
972 4159 1005 4215 et
1021 4151 1265 4233 promissionem
1283 4172 1386 4234 usque
1403 4151 1445 4214 ad
1460 4147 1530 4213 filios
1563 4165 1564 4168 ’

417 4258 588 4336 masculos
599 4265 629 4322 et
647 4258 790 4340 feminas,
801 4267 833 4324 et
845 4281 918 4323 suos
930 4260 1168 4341 (descendentes
1179 4259 1391 4342 ostendendo,
1401 4257 1484 4342 quod
1493 4253 1530 4318 ul·

418 4366 495 4430 tima
514 4373 546 4431 et
563 4367 669 4431 finalis
686 4368 822 4432 intentio
838 4367 1081 4434 Dominationis
1101 4367 1220 4436 Vestre
1232 4375 1302 4435 erat
1320 4372 1394 4451 ista,
1409 4378 1441 4434 et
1455 4363 1530 4450 qnod
1563 4419 1564 4424 ,

418 4471 608 4539 Dominatio
625 4475 746 4543 Vestra
763 4484 834 4541 erat
844 4483 998 4542 contenta
1013 4477 1121 4542 faeere
1131 4477 1215 4542 banc
1224 4478 1352 4559 largam
1363 4475 1531 4562 promissio

419 4581 734 4648 nemetoblatiouem
747 4585 876 4649 domino
887 4587 971 4669 Regi
983 4611 989 4666 3
1014 4593 1181 4670 sperantes
1194 4585 1279 4668 quod
1290 4587 1324 4652 in
1335 4587 1410 4671 alijs
1421 4585 1531 4668 capitu·
