3182 5252
592 331 685 391 1383.
1138 329 1202 390 517

181 508 303 571 Forma
319 506 393 588 lige,
410 526 474 589 que
499 504 644 588 placeret
669 504 769 584 nobis,
792 511 842 568 est
867 505 901 568 in
926 505 988 569 hac
1014 504 1129 586 forma,
1158 506 1202 568 vi-

70 614 193 680 delieet
211 639 218 678 :

181 720 304 800 Pn'rno,
321 718 407 802 quod
424 721 496 802 ipsa
513 719 581 802 liga
607 726 640 784 et
666 719 753 800 unio,
778 719 820 782 sit
845 719 931 783 inter
956 719 1202 786 Serenissimam

68 827 264 912 Regiualem
283 827 491 892 Maiestatem
503 827 673 910 Hungarie
690 849 728 891 ex
739 849 804 892 uua
813 837 917 909 parte,
934 832 967 890 et
983 848 1042 890 nos
1058 833 1091 890 et
1107 825 1203 891 Com-

69 957 169 1002 mune
185 944 332 1000 nostrum
349 957 388 998 ex
406 934 520 999 altera
536 933 622 999 Item
639 935 726 1018 quod
743 935 816 1019 ipsa
832 935 900 1017 liga
925 940 959 997 et
982 934 1059 998 unio
1085 932 1144 996 liat
1169 940 1203 997 et

69 1045 115 1110 sit
134 1067 155 1108 a
169 1042 328 1128 Ragusio,
344 1049 378 1106 et
394 1066 414 1106 a
431 1040 578 1125 Ragusio
598 1043 683 1107 citra
698 1065 758 1126 por
783 1064 883 1106 mare.
909 1043 994 1106 Item
1020 1039 1107 1124 quod
1132 1041 1203 1123 ipsa

69 1153 142 1236 liga
158 1151 202 1217 sit
219 1152 262 1216 ad
278 1150 451 1215 terminum
468 1149 579 1216 decem
596 1171 756 1215 annorum
773 1150 823 1215 vel
850 1150 945 1229 circa,
970 1149 1054 1214 sicut
1079 1145 1202 1218 Amba-

70 1267 172 1326 xator
189 1266 299 1323 noster
315 1257 430 1323 molius
446 1258 567 1341 poterit
584 1258 740 1323 obtinere.
845 1256 847 1260 ’

182 1353 301 1431 Modus
327 1386 402 1430 vero
428 1371 461 1429 et
477 1363 556 1430 ordo
574 1365 639 1448 lige
665 1365 716 1447 sit,
743 1366 828 1449 quod
846 1368 879 1431 in
898 1389 974 1455 casu
990 1387 1055 1449 quo
1071 1386 1131 1449 per
1146 1367 1202 1430 ali·

69 1498 171 1560 quem
184 1472 358 1539 Dominum
375 1473 427 1538 vel
443 1471 613 1552 Dominus
625 1473 900 1541 Communitatem
912 1475 960 1539 vol
971 1495 1143 1558 personam
1154 1471 1204 1537 vel

69 1584 126 1648 vel
142 1601 290 1666 peronae,
308 1583 536 1664 cuiuscumque
553 1582 750 1648 conditionis
767 1585 918 1664 existant,
938 1583 1056 1648 vellent
1081 1581 1205 1646 damni·

69 1692 174 1757 fi'oare
192 1690 242 1755 vel
259 1688 379 1755 offendi
395 1695 483 1754 terre
501 1689 550 1753 vel
566 1690 638 1755 loca
658 1688 829 1757 Solavonie
845 1691 895 1755 vel
914 1690 1044 1758 illarum
1061 1689 1205 1772 partium

69 1821 93 1864 a
110 1797 268 1880 Ragusio‚
285 1803 353 1862 eta
372 1796 521 1879 Ragusio
539 1796 623 1862 citra
638 1819 696 1881 per
720 1821 820 1880 mare,
846 1821 908 1882 quc
933 1804 1011 1864 sunt
1034 1795 1205 1881 Reginalis

69 1903 263 1971 Maiestatis
279 1903 463 1985 Hungarie,
478 1903 530 1968 vel
546 1904 668 1970 subditi
687 1911 719 1971 et
735 1905 846 1971 fideles
862 1905 1035 1989 Reginalis
1046 1905 1204 1971 Maiesta-

69 2014 118 2080 tis
136 2010 299 2076 diotarum
318 2011 471 2094 partium,
500 2009 587 2093 quod
613 2033 672 2076 nos
692 2019 725 2078 et
741 2011 920 2078 Commune
945 2019 1205 2081 nostrumtene-
1293 2007 1297 2015 ’

68 2141 171 2186 amm·
187 2125 220 2183 et
236 2116 412 2184 debeamus
430 2139 558 2183 armare
574 2120 608 2183 in
626 2119 804 2185 subsidium
822 2142 915 2185 suum
941 2129 974 2186 et
990 2127 1153 2186 terrarum
1171 2127 1204 2183 et

71 2229 223 2293 locorum
240 2246 372 2291 suorum
389 2225 622 2309 predictorum,
637 2234 670 2291 et
685 2227 727 2291 ad
751 2227 906 2293 damnum
923 2235 956 2294 et
982 2227 1202 2294 confusionem

73 2335 215 2401 illorum.
228 2340 396 2416 tamquam
413 2333 618 2399 inimicorum
634 2340 818 2400 nostrorum
829 2342 879 2402 tot
889 2337 1000 2420 galeas
1015 2335 1058 2401 ad
1074 2341 1201 2400 nostras

72 2463 247 2526 expensas,
264 2446 343 2522 quot
360 2441 501 2506 armabit
526 2441 696 2522 Reginalis
722 2443 881 2508 Maiestas
905 2444 1063 2527 predicta,
1089 2449 1122 2508 et
1147 2465 1206 2527 pro

68 2556 171 2616 tanto
181 2555 329 2631 tempore
345 2569 401 2613 eas
416 2548 599 2614 tenebimus
615 2555 759 2615 armatas
775 2557 808 2614 et
833 2558 965 2635 paratas
991 2551 1024 2615 in
1050 2551 1206 2616 terminos

70 2665 110 2722 et
126 2656 271 2721 confines
287 2654 462 2740 predictos,
478 2664 603 2739 quanto
619 2656 790 2740 Reginalis
807 2659 969 2724 Maiestas
985 2659 1135 2741 predicta
1160 2665 1206 2724 te·

68 2766 168 2832 nebit
184 2784 259 2829 suas
278 2765 358 2829 bene
373 2772 509 2848 paratas
525 2771 558 2828 et
574 2773 718 2830 armatas
735 2765 822 2830 inira
842 2767 998 2832 terminos
1014 2774 1047 2833 et
1063 2767 1206 2833 confines

70 2872 270 2940 antedictos.

186 2978 352 3062 Capta:
372 2981 411 3044 lit
435 2981 522 3044 ultra
547 2981 616 3062 hoc,
648 2981 675 3044 si
706 2989 802 3046 erunt
832 2985 1017 3048 necessaria
1049 2981 1204 3064 Regiuali

70 3088 251 3156 Maiestati
268 3087 441 3172 Hungarie
458 3087 570 3170 aliqua
590 3110 727 3172 corpora
752 3091 920 3174 galearum
938 3091 978 3156 de
998 3091 1121 3157 nostris
1148 3111 1207 3174 pro

68 3217 176 3261 causa
191 3194 349 3278 predicta,
365 3195 416 3259 vel
431 3216 560 3260 armare
586 3195 619 3260 in
636 3195 807 3278 Venecii83
833 3199 920 3282 quod
944 3221 1003 3264 nos
1028 3199 1203 3265 debeamus

68 3303 103 3368 ei
122 3302 164 3367 de
181 3302 242 3368 hoo
259 3303 460 3386 complacere
476 3324 534 3384 pro
560 3304 625 3367 suis
652 3303 796 3369 denariis
822 3313 854 3370 et
881 3305 922 3370 ad
949 3329 1024 3372 suas
1049 3328 1207 3390 expensas

68 3432 136 3496 pro
169 3409 274 3475 salute
305 3414 338 3474 et
364 3391 606 3474 conservatione
632 3409 795 3477 dictarum
823 3421 985 3478 terrarum
1003 3420 1035 3478 et
1057 3415 1205 3480 locorum

69 3539 219 3600 suorum,
237 3526 270 3582 et
287 3517 427 3600 dampno
444 3524 477 3582 et
503 3517 691 3582 confusione
716 3518 855 3602 illorum,
882 3523 938 3604 qui
965 3519 1130 3590 offendere
1156 3519 1206 3585 vel

70 3624 312 3708 dampnificare
327 3624 466 3705 vellent3
483 3631 516 3689 et
532 3625 621 3707 quod
638 3626 671 3690 in
691 3627 850 3709 portubus
866 3631 987 3696 nostris
1005 3651 1077 3694 oum
1103 3628 1205 3712 galeis

70 3743 110 3801 et
126 3734 267 3817 navigiis
284 3732 350 3798 suis
366 3732 495 3818 possint
513 3733 639 3798 intrare
656 3740 689 3798 et
705 3735 826 3801 habere
851 3737 1006 3802 victualia
1032 3746 1065 3802 et
1089 3735 1205 3801 refres-

68 3848 228 3910 camenta
242 3864 302 3926 pro
318 3862 431 3908 eorum
447 3841 600 3922 denariiS,
611 3849 648 3905 ut
657 3841 757 3908 luerit
776 3851 1002 3927 opportunum.
1019 3845 1105 3909 Item
1116 3843 1203 3927 quod

70 3973 137 4018 nos
169 3957 339 4018 teneamur
370 3956 403 4016 et
431 3951 606 4016 debeamus
631 3953 761 4034 penitus
793 3951 958 4036 denegare
983 3952 1049 4017 illis
1084 3951 1206 4017 talibus

70 4058 279 4125 venientibus
296 4060 339 4124 ad
357 4059 533 4142 dampnum
550 4065 583 4122 ot
600 4057 811 4124 offensionem
826 4059 999 4141 Reginalis
1016 4058 1206 4125 Maiestatis

70 4167 228 4252 predicte
244 4187 354 4232 omnes
369 4173 485 4250 portus
511 4171 642 4231 nostros
667 4167 864 4232 marittimos
890 4172 1050 4232 terrarum
1072 4175 1105 4232 et
1121 4168 1207 4232 loco-

72 4299 149 4344 rum
168 4283 365 4359 nostrorum,
381 4283 414 4343 et
434 4277 542 4341 omnia
559 4273 715 4340 victualia
732 4284 765 4340 et
783 4275 1048 4356 reirascamenta,
1065 4283 1098 4340 et
1122 4282 1207 4340 trac-

71 4395 150 4452 tare
167 4384 240 4450 illos
256 4392 425 4468 tamquam
441 4383 599 4449 inimicos.
615 4381 651 4448 Si
667 4405 742 4449 vero
759 4384 875 4467 aliquis
892 4383 941 4448 vel
966 4384 1077 4466 aliqui,
1103 4385 1206 4450 cuius·

73 4513 219 4578 cumque
235 4493 431 4561 conditionis
456 4495 609 4572 existant,
625 4498 662 4557 ut
677 4512 774 4575 supra
793 4491 916 4556 dictum
943 4497 1002 4576 est,
1018 4492 1141 4558 vellent
1157 4511 1208 4559 ve·
