3226 5254
395 335 459 394 338
748 349 981 394 uranonaczmr
999 342 1167 397 naumann.

391 531 463 575 rum
480 508 695 592 quorumdam
712 509 905 574 instantiam
920 508 983 574 fnit
1001 510 1176 583 obiectum,
1188 511 1277 592 quod
1289 510 1413 576 ibidem
1431 511 1519 592 quasi

392 613 594 686 Venetorum
609 617 799 700 explorator
815 622 848 682 et
864 617 942 682 ciris
960 617 1003 682 ad
1019 618 1194 692 revelanda
1221 618 1375 702 Majestis
1404 618 1516 686 Vestra

392 727 528 802 consilia
544 731 577 790 et
592 731 772 809 apparatus
790 724 914 808 Regios
930 731 1126 793 versaretur.
1153 723 1229 810 Quo
1257 735 1365 791 tamen
1391 733 1515 811 reperto

389 838 458 900 sine
474 836 572 918 culpa
586 841 616 898 et
635 834 704 898 sine
729 833 868 914 macula,
895 837 977 899 sicut
1003 841 1084 916 erat,
1109 835 1172 900 fuit
1192 857 1249 918 per
1274 833 1394 903 Vestro
1421 833 1517 900 Celsi·

390 943 511 1010 tudinis
528 942 749 1024 Magistratus
766 940 882 1026 benige
893 941 1053 1024 dimissus,
1070 967 1142 1008 cum
1153 944 1371 1028 prohibitione
1383 950 1517 1022 tantum,

389 1049 478 1134 quod
493 1072 514 1116 a
529 1048 618 1114 dicta
634 1050 766 1116 civitate
783 1049 948 1118 discedere
964 1059 1165 1136 procuraret.
1196 1049 1261 1136 Qui
1278 1052 1448 1120 confestim
1478 1051 1515 1116 ad

389 1180 480 1224 suam
496 1158 719 1223 innocentiam
735 1157 977 1240 ostendendam,
993 1159 1132 1241 Budam‚
1150 1161 1233 1224 unde
1249 1161 1341 1244 prius
1363 1160 1512 1225 discesse-

388 1271 450 1346 rat,
460 1264 522 1330 ibit
532 1286 690 1330 reversus.
706 1265 752 1328 Et
763 1267 926 1346 quoniam,
939 1263 1198 1331 Clementissime
1209 1265 1379 1348 Princeps,
1390 1267 1515 1348 scimus,

388 1374 510 1439 nullum
528 1375 628 1438 civem
645 1373 873 1438 Florentinum
890 1379 982 1438 tante
997 1373 1067 1439 fore
1094 1373 1264 1455 domentie,
1289 1375 1378 1458 quod
1404 1383 1511 1441 contra

387 1481 509 1548 Vestre
525 1481 713 1565 Majestatis
730 1482 880 1548 thronum
896 1483 1033 1548 auderet
1054 1483 1183 1566 aliquid
1200 1489 1372 1562 attentare,
1391 1484 1452 1548 nisi
1475 1483 1512 1547 si·

386 1591 452 1655 mul
469 1590 658 1656 decerneret
674 1591 747 1654 huic
763 1588 969 1654 devotissimo
987 1590 1183 1656 Serenitatis
1198 1589 1319 1658 Vestro
1344 1589 1465 1674 populo
1481 1594 1510 1653 el

384 1697 505 1765 Vestro
523 1694 664 1763 Culmini
681 1699 805 1782 pariter
821 1697 925 1762 hostis
940 1717 1024 1779 csse3
1045 1698 1184 1763 firmiter
1201 1698 1373 1778 credimus,
1390 1705 1422 1763 et
1448 1699 1512 1762 sine

385 1806 591 1873 dubitatione
610 1813 763 1887 tenemus,
790 1806 896 1890 ipsum
912 1806 1011 1872 fuisse
1030 1807 1070 1872 ab
1089 1807 1147 1888 his,
1169 1829 1230 1890 que
1249 1805 1508 1872 adversasiorum

385 1912 504 1979 obiecit
520 1915 657 1995 malitia,
675 1914 802 1997 penitus
818 1913 970 1978 alienum.
997 1912 1159 1997 Quocirca
1177 1911 1382 1980 Gualteriurn
1411 1912 1513 1998 prela·

383 2029 451 2086 tum
470 2027 503 2088 et
519 2022 543 2089 J
545 2021 706 2090 ohannem
723 2020 856 2086 Boscoli
874 2021 1103 2086 dilectissimos
1129 2022 1213 2088 cives
1229 2028 1371 2103 nostros,
1398 2029 1432 2087 et
1448 2043 1509 2085 om·

382 2131 471 2196 nium
487 2131 631 2214 ipsorum
648 2131 750 2195 socios
766 2134 799 2193 et
815 2135 970 2214 gestures,
989 2129 1044 2212 qui
1061 2136 1097 2194 ut
1113 2131 1366 2212 negociarentur
1391 2131 1424 2194 in
1445 2130 1510 2213 glo-

383 2239 461 2304 riosi
486 2240 584 2304 vestri
610 2237 718 2322 Regni
744 2236 860 2302 finibus
896 2238 1084 2302 societatem
1111 2237 1241 2301 insimul
1269 2244 1506 2316 contraxerunt,

382 2343 584 2412 Sublimitas-ti
596 2347 711 2414 Vestro
721 2343 942 2424 Celsitudinis,
955 2344 1121 2409 humiliter
1132 2346 1406 2427 commendamus
1417 2347 1509 2411 devo·

381 2455 504 2520 tissime
530 2453 759 2536 supplicantes,
785 2459 946 2534 quatenus
972 2453 1004 2515 in
1031 2456 1141 2516 nostre
1163 2451 1344 2516 devotionis
1370 2453 1507 2535 gratiam

379 2561 575 2644 singularem
601 2559 751 2644 dignetur
766 2557 886 2626 Vestra
904 2557 1087 2624 Clementia
1103 2561 1191 2642 ipsos
1218 2559 1279 2624 sub
1306 2560 1507 2642 protectione

378 2669 567 2753 Majestatis
584 2667 704 2734 Vestre
721 2667 892 2748 suscipere,
910 2673 942 2730 et
959 2667 992 2730 in
1009 2667 1133 2732 cunctis
1164 2667 1411 2734 occurrentibus
1437 2689 1505 2750 gra-

377 2778 458 2842 tiose
474 2783 575 2860 atque
590 2775 740 2858 benigne,
757 2773 842 2838 sieut
867 2793 961 2838 veros
978 2782 1106 2839 nostros
1123 2775 1216 2854 cives,
1243 2780 1274 2839 et
1303 2771 1506 2840 Sanctissimi

376 2883 590 2970 Dyadematis
606 2881 719 2947 Vestri
735 2901 844 2947 servos
854 2879 1080 2946 favorabiliter
1095 2887 1306 2964 pertractare.
1332 2881 1425 2948 Data
1434 2882 1507 2948 Flo·

375 2993 479 3057 rentie
495 2989 594 3058 XVI.
611 2987 736 3072 Aprilis
752 2987 819 3052 Ill.
836 2987 1011 3052 indictione
1029 2984 1308 3052 MCOOLXXX.

483 3096 698 3164 Decernendo
715 3091 835 3163 Vestra
852 3094 1069 3160 Sublimitaris
1094 3096 1209 3174 edicto,
1229 3096 1317 3178 quod
1333 3097 1368 3160 in
1384 3099 1506 3163 cunctis

375 3206 591 3289 gloriosorum
619 3203 809 3286 Regnorum
843 3209 1021 3268 vestrorum
1056 3201 1174 3267 finibus
1207 3203 1334 3286 possint
1361 3207 1504 3288 negocia-

375 3316 479 3379 tiones
496 3335 570 3380 suas
585 3312 701 3392 iacere,
719 3318 752 3375 et
768 3317 935 3392 tamqnam
961 3308 1073 3375 fideles
1100 3308 1296 3409 Serenitntis
1322 3308 1455 3394 Vestro,
1471 3314 1504 3377 li-

373 3422 449 3488 bere
464 3441 664 3504 permanere.
682 3419 771 3484 Data
794 3425 853 3482 etc.

373 3532 408 3594 (Α
424 3530 560 3594 »Signor1',
575 3529 728 3593 (larteggie,
743 3529 869 3578 Missive»
885 3528 938 3577 stb.
962 3526 1069 3576 XVIII.
1084 3525 1232 3590 kbtegtbbl
1247 3532 1306 3577 143.
1320 3542 1357 3578 sz.
1372 3543 1406 3590 a.‚
1431 3531 1503 3580 ailo-

739 3619 832 3670 renczi
845 3633 919 3684 nagy
934 3619 1128 3678 levtltrirban.)

899 3872 972 3933 161.

349 4105 350 4108 ¹
373 4035 399 4098 I.
417 4035 517 4119 Lajos
534 4057 673 4119 mappae·
689 4035 720 4096 ds
738 4033 859 4120 lenqyei
877 4031 1060 4117 circipani·
1077 4055 1098 4094 α
1115 4032 1266 4112 &recursi
1285 4031 1500 4117 klizlrirsosn'p.

889 4141 983 4204 1380.

582 4301 669 4383 Regi
685 4299 843 4384 Ungarie.

478 4407 689 4474 Serenissime
715 4413 813 4490 atque
847 4407 1057 4472 invictissime
1092 4407 1250 4492 Princeps
1288 4415 1320 4472 et
1346 4409 1496 4474 Domine.

367 4516 595 4586 venerabilem
613 4518 714 4582 virum
742 4514 876 4580 fratrem
904 4514 1068 4598 Angelum
1091 4515 1229 4582 Ordinis
1247 4516 1493 4583 Heremitarum
