3248 5242
413 453 477 515 740
769 467 1004 516 ninnosmemm
1021 453 1190 514 unrmssu.

411 637 464 696 tro
490 623 662 714 Hungarie
678 622 853 697 heredibus
877 639 910 697 et
937 631 1187 711 suecessoribus,
1205 629 1265 696 sub
1282 629 1429 712 seruicijs
1445 637 1475 693 ct
1491 649 1533 692 re·

413 737 656 822 cognitionibus
671 745 847 824 propterea
874 738 993 804 debitis
1010 747 1041 805 et
1059 739 1197 824 prestari
1217 739 1323 803 solitis
1339 737 1492 804 tenendas
1507 743 1535 803 et

413 853 573 932 perpetuo
600 847 824 932 possidendas.
841 847 1066 915 Concedentos
1091 847 1193 914 eidem
1221 845 1361 932 Georgio
1387 849 1420 912 in
1446 867 1537 929 augu-

411 963 554 1022 mentum
571 958 680 1040 gratie
706 958 854 1040 potioris,
871 957 957 1041 quod
984 958 1017 1022 in
1040 980 1126 1040 casu,
1144 979 1209 1040 quo
1226 959 1395 1040 contingat
1410 955 1537 1022 eundern

411 1063 601 1150 Georgium,
619 1067 705 1148 quod
722 1065 817 1146 absit,
834 1067 902 1131 sine
931 1065 1085 1149 legitimis
1100 1066 1214 1130 liberis
1231 1066 1418 1132 masculinis
1434 1087 1472 1130 ex
1487 1085 1538 1129 sue

413 1195 548 1258 corpore
575 1171 742 1240 derelictis
769 1175 810 1240 ab
837 1175 900 1240 hae
924 1177 993 1240 sits
1018 1174 1184 1256 decedere,
1216 1175 1278 1239 viri
1294 1173 1420 1240 nobiles
1435 1173 1538 1238 Bonus

408 1283 513 1376 'homo
529 1273 731 1368 (Bonuomo)
747 1287 779 1348 et
796 1281 947 1349 Marinus
964 1281 1077 1367 Griptj
1096 1283 1135 1348 de
1153 1275 1311 1366 Venetas,
1327 1283 1430 1367 ipsius
1448 1279 1539 1347 Geor·

414 1391 460 1475 gij
480 1389 600 1458 fratres
626 1390 775 1456 carrrsles
799 1395 974 1474 utrumque
996 1391 1168 1472 coniuncti,
1185 1396 1359 1474 utrumque
1376 1391 1483 1455 deuoti
1498 1389 1539 1454 ‹li-

413 1499 500 1580 lecti,
517 1505 551 1564 et
567 1521 677 1565 eorum
696 1497 831 1566 heredes
846 1499 985 1583 legitimi
1001 1498 1173 1565 masculini
1188 1519 1284 1564 sexus
1300 1521 1340 1566 ex
1355 1500 1497 1582 ipsorum
1510 1505 1540 1562 et

416 1607 590 1674 cuiuslibet
606 1629 718 1674 eorum
744 1608 936 1691 corporibus
962 1607 1207 1688 descendentes,
1222 1608 1292 1672 nati
1308 1608 1374 1673 iam
1391 1607 1444 1672 uel
1459 1607 1540 1672 insn-

412 1722 467 1782 tes
483 1717 652 1799 nusciturj,
677 1717 710 1782 in
737 1716 856 1782 eisdem
883 1713 1083 1782 Ciuitatibus
1108 1723 1141 1782 ct
1166 1716 1286 1782 Insulis
1312 1737 1371 1799 per
1387 1737 1446 1781 nos
1461 1715 1539 1781 dicto

414 1821 561 1906 Georgio
577 1821 689 1888 taliter
705 1822 865 1888 concessis
887 1822 1016 1907 juribus
1032 1829 1065 1887 et
1080 1823 1285 1907 pcrtinentijs
1312 1844 1425 1889 esrum
1442 1843 1541 1887 sncce-

322 1973 325 1980 ,
414 1931 495 1998 dant
511 1937 544 1998 et
560 1931 733 1998 succedere
759 1930 908 2014 debeant,
933 1937 967 1995 et
992 1931 1034 1998 ad
1051 1951 1106 1997 ees
1123 1933 1156 1995 in
1171 1933 1330 2016 premisso
1347 1953 1424 1998 casu
1439 1932 1542 1997 buius·

415 2041 502 2109 modi
519 2041 678 2107 successio
695 2040 906 2121 deuoluatur3
934 2061 1016 2122 quos
1032 2063 1072 2105 ex
1088 2040 1220 2105 nuncin
1238 2063 1315 2107 casu
1332 2043 1489 2126 premisso
1504 2036 1542 2104 sd

415 2151 556 2216 eiusdem
576 2149 789 2215 successionis
805 2146 1031 2232 compendium
1048 2148 1206 2214 habilitas
1222 2149 1389 2214 reddimus
1404 2157 1437 2215 et
1451 2169 1542 2231 capa-

415 2279 476 2338 ces,
492 2259 565 2340 lege
581 2279 638 2323 seu
654 2257 887 2322 constitutione
904 2275 1098 2339 quacunque
1123 2257 1289 2321 contraris
1304 2278 1369 2322 non
1386 2257 1542 2322 obstante·

415 2364 635 2432 Inuestientes
652 2365 881 2430 nichilominus
897 2364 1033 2430 eundem
1053 2363 1231 2447 Georgium
1247 2385 1310 2447 pro
1327 2387 1370 2445 se,
1387 2366 1542 2448 dictisque

415 2475 480 2539 suis
497 2473 682 2555 heredibus³
698 2479 732 2539 ot
747 2475 817 2539 eius
832 2472 969 2557 prelatis
984 2471 1144 2538 iratribus
1161 2479 1194 2538 et
1208 2473 1384 2540 heredibus
1396 2475 1542 2540 similiter

416 2580 600 2661 eorundem,
627 2581 668 2647 de
684 2582 827 2666 presenti
843 2587 957 2646 nostra
976 2581 1150 2647 donatione
1166 2589 1199 2646 et
1215 2583 1325 2666 gratia
1342 2605 1399 2668 per
1414 2583 1542 2649 anulum

415 2696 563 2755 nostrum
580 2688 828 2773 presentialiter.
853 2694 891 2754 ut
907 2693 957 2754 est
972 2689 1089 2768 moris;
1113 2710 1211 2772 quam
1237 2690 1464 2756 incestituram
1484 2692 1541 2757 rim

418 2799 518 2864 robur
535 2805 568 2863 et
585 2797 762 2863 efficacium
779 2817 853 2862 vere
871 2797 1056 2863 donationis
1073 2803 1107 2864 et
1121 2798 1219 2863 realis
1235 2800 1448 2865 concessionis
1458 2797 1544 2863 Ciui-
1610 2857 1611 2860 ,

415 2914 520 2973 tatum
537 2913 570 2972 et
587 2906 774 2974 Insulsrum
802 2905 1022 2989 predictarum
1049 2907 1196 2972 volumus
1214 2912 1247 2972 et
1262 2907 1466 2976 decernimus
1493 2907 1544 2972 ob·

415 3016 538 3097 tinere3
563 3015 794 3099 superioritate
810 3014 941 3098 quidem
966 3022 998 3079 et
1014 3013 1174 3081 fidelitate
1190 3023 1311 3096 nostra,
1327 3016 1542 3100 predictisqnc

415 3123 697 3206 recognitionibus
712 3129 745 3188 et
762 3123 907 3206 seruitijs
925 3143 944 3187 a
961 3121 1057 3188 dictis
1081 3119 1282 3190 Ciuitatibus
1298 3131 1330 3189 et
1347 3125 1470 3190 Insulis
1487 3124 1544 3190 Cu·

418 3231 463 3295 rie
480 3235 589 3295 nostre
607 3229 726 3294 debitis
742 3237 776 3295 et
792 3229 933 3313 prestari
959 3229 1074 3310 solitis,
1102 3230 1241 3315 alijsque-
1257 3233 1379 3297 nostris
1396 3239 1430 3297 et
1445 3235 1544 3297 cuius
1609 3219 1611 3276 l

416 3335 497 3402 libet
513 3337 648 3402 alterius
661 3336 793 3421 juribus
810 3357 937 3420 semper
963 3337 1072 3402 saluis.
1100 3335 1141 3402 In
1157 3340 1248 3403 cuius
1264 3340 1311 3403 rei
1326 3342 1544 3406 testimoninm

416 3451 582 3531 presentes
598 3445 730 3511 lictores
756 3445 872 3540 esinde
897 3445 968 3514 fieri
995 3453 1027 3510 et
1051 3445 1204 3529 pendenti
1221 3445 1407 3514 Maiestatis
1427 3448 1544 3514 Nostro
1608 3505 1610 3520 ⁴

417 3553 528 3637 sigillo
542 3553 699 3637 jussimus
716 3553 915 3637 communirj.
932 3553 1021 3618 Data
1032 3551 1189 3636 Oapuein
1201 3553 1545 3639 absentiabogotbete
1609 3601 1610 3604 κ

1608 3289 1611 3422 l

417 3669 449 3727 et
466 3661 720 3746 Prothonotarij
739 3667 797 3726 etc.
816 3683 873 3746 per
901 3663 1006 3727 virum
1033 3661 1173 3728 nobilem
1192 3661 1358 3729 Donatum
1376 3664 1418 3731 de
1433 3665 1544 3732 Aretio
1608 3737 1609 3740 Ἴ

421 3778 480 3836 etc.
497 3791 582 3835 anno
599 3770 733 3835 Domini
752 3766 1132 3835 MCOOLXXXXIII.
1149 3770 1201 3835 die
1218 3770 1285 3838 XI.
1301 3771 1386 3857 Julij
1408 3773 1437 3839 Ι.
1446 3775 1542 3840 indie·
1608 3807 1610 3870 3

419 3877 528 3958 lionis,
544 3877 734 3960 Regnorum
751 3882 937 3944 nostrorum
955 3899 1039 3944 anno
1056 3880 1193 3962 septimi.
1248 3935 1252 3940 .

419 4021 455 4082 <a
470 4023 605 4086 »sepsos
619 4023 770 4088 ungrani«
787 4027 847 4074 ses.
860 4039 897 4075 az.
911 4039 945 4090 a,
958 4025 1026 4089 neg.
1052 4023 1172 4074 Lasiam
1192 4025 1278 4089 seges
1290 4027 1435 4078 notescam
1453 4031 1508 4078 rso.
1520 4028 1542 4076 r..
1607 3989 1609 4038 ²

675 4129 707 4164 az
722 4115 797 4163 olusz
810 4115 862 4164 luir.
877 4115 993 4180 utpolyi
1005 4129 1078 4179 nsgy
1092 4116 1287 4180 levbltarban.)
