3134 5254
376 381 440 439 260
720 399 953 442 urrnouuczmr
972 385 1138 441 suonam.

374 555 526 621 iuducere
544 563 677 639 possent
694 559 781 640 ipsos
796 557 982 623 Januenses
1000 563 1032 621 et
1047 555 1223 621 Dominum
1240 553 1353 620 Padue
1367 553 1406 619 ad
1421 574 1483 618 eon-

375 664 521 728 cordium
548 664 725 748 nobiscum,
750 685 831 747 quos
857 664 925 747 ipse
953 664 1102 729 dominus
1127 661 1275 730 Karolus
1302 669 1334 728 et
1355 661 1484 727 Baroues

375 771 497 837 domini
513 773 615 856 Regis
632 773 790 838 haberent
806 779 918 838 tencre
944 794 1017 838 cum
1033 753 1112 856 ipsis
1128 772 1255 837 duobus
1273 773 1305 835 in
1322 769 1410 836 simul
1425 791 1485 834 con·

375 882 494 946 iunctis
511 885 545 945 et
560 903 754 966 unoquoque
780 883 924 966 ipsorum
953 883 1137 966 seperatim,
1153 901 1233 964 quos
1249 881 1360 945 modos
1373 879 1486 960 longum

376 995 462 1053 osset
478 1011 517 1054 ac
533 990 695 1073 prolixum
723 1011 884 1056 enarrare.
912 987 976 1073 Qui
993 989 1142 1055 dominus
1160 986 1332 1053 Generalis
1348 1009 1411 1052 eum
1428 1007 1487 1068 pre-

375 1097 472 1160 dictis
489 1098 596 1162 uerbis
612 1105 644 1162 et
661 1098 736 1181 alijs
763 1121 858 1182 quam
886 1099 1034 1182 plurimis
1061 1101 1093 1162 in
1120 1097 1235 1163 effectu
1257 1099 1345 1162 circa
1360 1094 1487 1178 predicta

375 1205 437 1268 fuit
454 1204 550 1269 hodie
575 1206 617 1270 ad
645 1209 842 1288 presentiam
868 1205 991 1271 domini
1015 1207 1143 1288 Karoli,
1159 1204 1205 1269 ibi
1221 1203 1428 1269 existentibus
1442 1201 1488 1265 do·

379 1313 466 1377 miuo
483 1311 612 1380 Karolo
629 1313 786 1398 predicto,
805 1313 936 1379 domino
957 1315 1120 1398 Episcopo
1136 1313 1314 1394 «lauriensi,
1331 1318 1363 1376 et
1376 1310 1488 1374 domino

376 1421 522 1486 Zanotto
548 1421 587 1485 dc
613 1420 765 1506 Neapoli,
791 1429 823 1486 et
847 1444 911 1486 non
938 1423 1022 1506 alijs.
1046 1419 1172 1505 Quibus
1188 1421 1297 1486 uerbis
1313 1420 1427 1484 auditis
1440 1438 1488 1500 per

378 1531 544 1595 dominum
560 1529 732 1610 Karolum‚
759 1531 873 1597 babuit
898 1531 1014 1611 (licere,
1041 1531 1128 1613 quod
1146 1532 1212 1613 ipsc
1229 1536 1263 1594 et
1279 1551 1387 1595 omnes
1400 1527 1488 1592 Baro-

377 1659 434 1702 nes
450 1638 532 1702 bene
549 1638 803 1721 perpendebant,
820 1639 906 1721 quod
923 1661 999 1704 vera
1026 1646 1260 1722 arentemque
1277 1638 1338 1703 sibi
1356 1655 1487 1719 exposue-

378 1754 431 1813 rat
459 1749 527 1830 ipse
553 1747 702 1813 dominus
730 1747 910 1827 Generalis,
937 1753 970 1812 et
996 1749 1083 1832 quod
1110 1748 1283 1814 ridebatur
1309 1748 1401 1828 clare,
1417 1739 1489 1826 quod

380 1856 434 1920 ille
453 1855 577 1921 Sacbus
595 1855 634 1921 dc
650 1857 748 1938 Feza,
774 1857 935 1939 loquendo
954 1858 993 1922 dc
1011 1858 1152 1924 Domino
1169 1857 1292 1939 Padue,
1309 1852 1489 1922 nullomodo

378 1970 449 2028 erat
466 1965 642 2047 dispositus
668 1964 710 2029 ad
738 1987 861 2048 paoem,
887 1987 946 2030 neo
962 1965 1003 2030 ad
1020 1966 1175 2031 honorent
1193 1966 1316 2030 domini
1333 1964 1443 2048 Regis;
1464 1965 1490 2023 et

379 2073 443 2136 imo
461 2073 575 2138 turbat
600 2075 632 2138 in
659 2081 817 2156 quantum
837 2081 967 2156 poterat
982 2081 1161 2139 tractatum
1178 2075 1269 2156 pacis
1285 2073 1444 2156 predictc;
1463 2073 1489 2132 et

379 2179 466 2261 quod
492 2179 651 2246 Dominus
678 2181 792 2246 Padue
818 2181 972 2247 credebat
998 2183 1115 2246 ducere
1132 2180 1255 2246 sactum
1272 2182 1370 2245 istum
1386 2178 1423 2244 ad
1437 2197 1489 2240 mo

379 2287 455 2352 dum
472 2309 575 2370 suum,
601 2295 633 2353 ct
658 2288 744 2372 quod
770 2311 939 2372 nunquam
956 2291 1081 2355 reniret
1097 2289 1139 2354 ad
1156 2289 1298 2369 factum
1322 2294 1353 2352 ct
1371 2283 1450 2370 quod
1463 2284 1489 2346 in

379 2419 457 2462 casu
474 2417 536 2478 quo
554 2417 696 2462 essemus
712 2398 888 2463 concordes
908 2420 980 2463 cum
998 2396 1128 2462 domino
1146 2398 1246 2481 Rege,
1263 2399 1333 2480 ipsc
1350 2402 1381 2460 et
1396 2411 1491 2460 omnes

378 2505 528 2570 Barones
545 2504 665 2569 domiui
690 2505 793 2589 Regis
820 2504 979 2588 usquead
996 2511 1131 2572 mortem
1151 2511 1258 2570 essent
1275 2503 1419 2587 dispositi
1434 2519 1491 2562 esse

380 2619 492 2677 contre
509 2613 614 2696 ipsum
632 2611 774 2678 Sacbum
792 2637 811 2679 :t
828 2614 940 2695 Fecis;
965 2621 999 2679 et
1016 2613 1102 2698 quod
1128 2635 1200 2678 cum
1220 2611 1317 2676 vellet
1333 2611 1382 2674 rel
1397 2609 1491 2685 nollet,

379 2718 570 2785 reducerent
595 2719 637 2784 ad
664 2742 774 2786 eorum
801 2721 931 2786 libitum
949 2730 980 2787 et
997 2722 1214 2801 voluntatem
1238 2727 1271 2784 et
1297 2719 1383 2802 quod
1399 2735 1492 2782 omnes

380 2836 475 2893 erant
492 2827 651 2911 dispositi,
668 2835 699 2893 et
715 2831 810 2895 modo
826 2829 865 2893 de
883 2851 965 2896 novo
979 2832 1170 2915 juraverant
1189 2829 1251 2912 ipsi
1269 2849 1378 2894 omncs
1394 2829 1424 2892 in
1439 2846 1491 2888 nra·

381 2936 476 3003 nibus
493 2934 613 3000 domini
630 2935 756 3017 Karoli,
780 2943 813 3002 et
838 2939 907 3022 ipsc
935 2939 1083 3004 dominus
1105 2937 1249 3004 Karolns
1266 2938 1346 3020 ipsis
1363 2933 1492 3002 omnibus

381 3044 562 3126 juraverat,
580 3043 666 3126 quod
683 3045 715 3108 in
732 3067 808 3112 casu
835 3068 899 3128 quo
916 3068 1026 3110 sumus
1041 3046 1073 3109 in
1100 3046 1273 3112 concordio
1290 3067 1361 3110 curn
1379 3042 1492 3107 domiuo

381 3151 481 3235 Rege,
497 3159 529 3216 ct
545 3153 704 3218 Dominus
730 3153 844 3219 Padue
871 3154 972 3220 nollet
997 3149 1196 3238 concordari,
1221 3155 1284 3237 ipsi
1311 3167 1493 3219 omnescum

382 3265 452 3324 tota
468 3262 614 3342 potentia
639 3260 757 3345 Regali
784 3271 881 3327 erunt
906 3285 1010 3345 usquc
1037 3264 1078 3328 ad
1106 3270 1241 3328 mortem
1269 3269 1385 3328 contra
1405 3264 1493 3344 ipsum

385 3365 562 3432 Dominum
578 3367 707 3452 Padue;
732 3370 796 3434 imo
825 3371 967 3454 Magnus
994 3394 1100 3438 comes
1128 3371 1311 3454 Palatinus
1337 3373 1494 3453 quiannns

384 3495 422 3538 ex
437 3473 625 3540 Beronibus
652 3497 716 3541 non
744 3476 916 3543 ridebatur
942 3501 1009 3545 esse
1027 3481 1250 3564 suprascripte
1268 3480 1436 3563 opinionis,
1450 3477 1495 3540 ba·

382 3579 456 3645 buit
481 3582 587 3647 dicere
613 3582 742 3649 domino
769 3583 906 3668 Karolo,
933 3587 1018 3670 quod
1044 3588 1113 3672 ipse
1137 3591 1323 3671 percuteret
1349 3608 1418 3652 cum
1434 3601 1495 3650 ense

382 3687 559 3754 Dominum
576 3690 699 3774 Padue,
725 3692 794 3776 ipse
811 3695 921 3759 statim
939 3703 972 3759 et
989 3695 1145 3761 audacter
1165 3695 1290 3761 faceret
1308 3701 1342 3760 et
1357 3695 1495 3762 ualenter.

384 3795 511 3879 Quibus
528 3798 649 3862 auditis
666 3821 776 3866 omnes
794 3801 942 3866 Baronos
958 3804 1154 3870 unanimiter
1170 3803 1495 3870 leceruntsacramen·

382 3910 461 3988 tum,
476 3914 513 3971 ut
528 3909 677 3991 superius
693 3912 886 3976 continetur.
908 3911 999 3977 Dixit
1010 3914 1108 3978 etiarn
1124 3913 1273 3978 dominus
1284 3915 1431 3979 Karalus
1445 3906 1495 3992 ipsi

386 4011 548 4094 Generali‚
565 4015 707 4098 qualiter
731 4016 914 4082 Janucuses
938 4018 1041 4084 cidem
1058 4022 1214 4085 miserant
1230 4021 1367 4087 dicendo
1382 4045 1438 4106 per
1453 4020 1496 4084 do·

388 4121 508 4184 minum
526 4121 699 4207 Zauotum,
725 4125 809 4206 quod
836 4125 898 4208 ipsi
923 4128 1076 4193 uolebant
1095 4129 1142 4194 irc
1159 4129 1201 4194 ad
1217 4131 1413 4214 capiendum
1428 4149 1496 4195 cunr·

387 4249 472 4308 pum,
489 4236 521 4294 et
537 4230 606 4312 ipso
623 4237 719 4314 capto
736 4233 806 4315 ipsc
822 4233 971 4300 dominns
998 4235 1143 4302 Karolus
1160 4244 1192 4301 et
1209 4237 1264 4323 alij
1278 4239 1424 4306 Barones
1438 4259 1496 4304 cum

387 4356 497 4399 eorum
515 4344 610 4420 gente
627 4343 737 4404 venire
753 4349 903 4424 possent,
928 4365 966 4408 ac
991 4347 1090 4412 etiam
1110 4340 1212 4413 eidem
1230 4349 1392 4415 miserunt
1408 4351 1497 4416 diceu-

389 4442 439 4522 do,
455 4445 541 4524 quod
558 4447 590 4510 in
607 4469 683 4511 casu
701 4471 765 4530 quo
782 4452 906 4516 nollent
922 4455 1040 4536 uenire,
1057 4475 1116 4519 nec
1133 4455 1212 4520 dare
1228 4457 1268 4521 de
1286 4479 1394 4524 eorum
1407 4465 1497 4544 gente,

387 4547 450 4632 ipsi
466 4551 645 4617 invenirent
662 4577 762 4637 usquc
779 4558 821 4622 ad
837 4557 887 4626 Vl*
912 4560 1051 4644 lanceas,
1069 4586 1130 4646 que
1146 4563 1286 4628 libenter
1302 4574 1335 4631 ct
1351 4590 1411 4651 pro
1426 4566 1496 4632 bono
