3182 5252
595 377 689 469 naen.
1140 369 1202 431 soe

69 558 133 639 uis,
149 561 182 622 et
196 556 231 622 in
246 557 338 622 cuius
353 555 503 622 manibus
520 554 695 636 detinetur,
710 558 743 618 et
758 575 816 638 per
833 573 928 636 quem
944 547 1076 615 modum
1086 551 1195 633 posset

73 664 231 732 relaxari.

185 771 222 839 Si
237 778 347 840 autem
364 771 443 840 dicti
458 770 712 839 Ambaxiatores
728 769 916 835 transissint
927 765 1087 844 Paduam,
1104 760 1206 828 vadas

70 881 228 946 velociter
244 879 286 946 ad
301 901 356 946 eos
372 880 415 946 ad
432 879 656 964 exequendum
671 879 831 964 predicta;
848 881 881 940 et
898 896 970 944 cum
987 895 1035 956 eo,
1046 870 1133 960 quod
1149 871 1206 938 ha·

69 988 177 1070 bebis,
193 987 352 1056 Venetiae
375 989 562 1058 revertaris.

139 1133 175 1195 (A
188 1133 326 1186 velenczei
338 1133 572 1202 kormanytantcs
587 1134 687 1186 »Liber
700 1128 971 1194 Secretormucetbdt
987 1133 1045 1179 110.
1059 1141 1096 1178 sn.
1109 1126 1146 1188 a.)

562 1295 715 1310 μή*

601 1443 675 1506 323.

72 1598 104 1668 Α
123 1604 241 1670 Mu‘ria
257 1627 399 1690 magyur
415 1603 572 1691 kirctlyne'
587 1605 619 1666 e'a
637 1605 734 1688 Lajoa
744 1602 1038 1686 ortanae-ihereaey
1049 1596 1134 1662 neza
1150 1595 1207 1660 td-

69 1713 259 1798 zoaadynak
274 1736 334 1798 per
348 1736 492 1798 procuro
508 1713 623 1777 tb'rtc‘at
640 1712 811 1798 megkdte'ae
828 1715 909 1777 attin
935 1708 1208 1795 Magyarorazdg·

70 1821 123 1888 bot
140 1821 483 1907 viaazote'rr'ifranczia
500 1821 643 1908 kduetec'g
659 1846 680 1886 a
706 1821 857 1886 veieaczei
872 1841 960 1906 augg
987 1818 1100 1882 roridos
1126 1814 1207 1878 etone.

599 1929 696 1996 1385.

186 2087 285 2156 Anno
301 2089 620 2159 MOOOLXXXV.
636 2092 811 2158 indictione
837 2087 938 2157 VIII.
966 2086 1018 2151 die
1043 2085 1087 2150 X.
1113 2083 1207 2150 Julii.

131 2199 292 2266 Forma
315 2198 586 2266 Ambaxiate
611 2199 732 2266 facte
754 2198 920 2264 Ducali
945 2193 1163 2261 Dominio.

186 2307 443 2374 Ambaxiatores
460 2308 665 2375 Serenissimi
680 2315 713 2374 et
723 2304 997 2374 Excellentissimi
1013 2298 1207 2366 dominiRe-

71 2416 127 2500 gis
144 2395 284 2481 Francia
301 2424 549 2501 comparuerunt
566 2439 676 2484 coram
691 2424 803 2484 nostro
829 2413 982 2480 Dominio
1008 2433 1081 2478 cum
1110 2407 1208 2492 placi-

71 2522 199 2589 bilibus
214 2523 331 2606 verbio,
348 2526 584 2592 annunciantes
600 2526 703 2605 nobis,
720 2523 804 2609 quod
830 2511 992 2588 tractatus
1018 2515 1210 2600 nupciarum

73 2631 320 2698 celebratarum
339 2634 424 2699 inter
443 2632 692 2700 Serenissimum
717 2639 750 2698 et
774 2629 1093 2698 Excellentissimum
1109 2620 1210 2687 domi-

74 2759 158 2806 num
176 2739 302 2822 Regem
334 2739 539 2807 Ludouicum
565 2740 700 2807 fratrem
726 2739 848 2808 domini
873 2738 975 2821 Regis
1000 2732 1150 2812 Francie,
1177 2734 1211 2794 et

73 2846 326 2915 serenissimam
353 2849 516 2916 dominam
542 2851 703 2935 Reginam
728 2848 1000 2933 Hungarie,e1·at
1025 2843 1142 2909 ductus
1168 2833 1210 2902 ad

74 2954 232 3021 effectum
248 2978 307 3040 per
325 2959 425 3024 rerba
440 2960 481 3024 de
497 2962 660 3044 presenti;
684 2967 716 3026 et
733 2960 820 3043 quod
836 2958 985 3023 dominus
1011 2953 1084 3018 Rex
1100 2947 1211 3012 Ludo-

1 3047 2 3052 *
78 3063 259 3129 vicuserat
279 3071 434 3132 venturus
460 3067 503 3133 ad
528 3067 609 3134 istas
633 3076 746 3153 partes
771 3089 831 3152 pro
857 3065 962 3131 eundo
988 3061 1031 3127 ad
1056 3058 1210 3139 Regnum

75 3171 511 3259 Hungarie.Etpropte1·ea
537 3177 698 3261 rogabant
724 3182 869 3241 nostrum
896 3169 1095 3248 Dominium,
1123 3160 1210 3248 qu0d

75 3279 238 3346 veniendo
249 3280 289 3346 de
300 3281 376 3348 hinc
393 3286 680 3367 possetnauiizare
697 3291 730 3350 et
746 3284 874 3350 soldare
885 3280 924 3345 de
935 3277 1056 3344 nostris
1072 3271 1211 3354 navigiis

74 3410 140 3474 pro
156 3389 298 3454 transitu
315 3383 432 3456 suo'ad
449 3413 523 3458 suas
544 3401 663 3476 partes.
850 3464 852 3468 ,

62 3531 78 3546 --
189 3495 334 3580 Capta
351 3525 358 3564 ι
375 3499 474 3584 Quod
490 3501 727 3586 respondeatur
743 3505 815 3569 istis
843 3495 1135 3568 Ambaxiatoribus
1152 3489 1209 3555 Se-

76 3604 244 3670 renissimi
260 3612 293 3671 et
309 3607 584 3675 Excellentissimi
611 3610 714 3695 Regis
739 3613 888 3694 Francie,
905 3607 1071 3687 intellecta
1087 3599 1210 3667 Amba·

76 3717 160 3778 xata
175 3734 235 3778 aua
251 3715 488 3798 sapientissime
505 3717 598 3784 nobis
614 3723 774 3804 exposita,
785 3720 873 3802 quod
889 3741 948 3803 pro
965 3719 1211 3803 contemplatio-

76 3842 120 3886 ne
139 3819 346 3886 Serenissimi
362 3829 396 3889 et
422 3826 696 3893 Excellentissirni
724 3827 845 3894 domini
872 3827 974 3910 Regis
1000 3827 1149 3908 Francie,
1175 3833 1206 3890 et

2 4017 11 4025 .
78 3929 288 3996 Serenisaimi
300 3936 331 3996 et
343 3928 615 3999 Excellentissimi
633 3934 753 4000 domini
765 3937 865 4018 Regis
883 3934 1053 4016 badonici,
1070 3940 1101 3997 et
1119 3933 1211 3998 Sere-

77 4038 211 4105 nissime
227 4047 259 4104 et
280 4040 558 4109 Excellentissime
576 4043 704 4110 domine
722 4045 838 4127 Manio,
859 4046 1099 4109 carissimorum
1118 4051 1150 4109 et
1165 4046 1212 4109 in·

79 4150 238 4214 timorum
264 4149 443 4215 amicorum
469 4153 573 4216 nostri
598 4152 752 4237 Dominij,
786 4174 895 4218 sumus
923 4155 1067 4219 contenti
1084 4158 1119 4216 et
1144 4153 1212 4237 pla·

79 4263 134 4323 cet
151 4258 262 4338 nobie,
280 4264 313 4324 et
330 4259 376 4323 sic
393 4257 557 4326 offerimus
575 4282 635 4326 uos
663 4261 696 4325 in
722 4283 810 4344 casu,
835 4283 900 4346 quo
918 4260 1154 4328 Serenissimus
1180 4268 1212 4328 et

79 4363 385 4432 Excellentissimus
402 4367 550 4434 dominus
567 4369 638 4435 Rex
658 4369 840 4436 Ludovicus
859 4370 965 4435 veniat
982 4369 1140 4438 Venetiae
1151 4352 1211 4454 pro

79 4473 284 4538 transeundo
301 4471 343 4538 ad
359 4480 470 4556 partes
487 4473 606 4560 Segnia
623 4478 673 4542 vel
690 4477 861 4546 Dalmacie
872 4499 932 4561 pro
948 4475 1053 4542 eundo
1068 4478 1111 4543 ad
1126 4476 1212 4559 Reg-

81 4601 161 4647 num
179 4578 361 4666 Hungarie,
379 4582 550 4666 providere
567 4583 678 4650 taliter
695 4584 735 4650 de
751 4583 903 4670 passagio
920 4582 1023 4667 Regie
1040 4583 1213 4652 Maiestati
