3190 5252
1407 14 1589 149 ’Ἦ

403 399 470 463 408
733 423 739 435 ’
756 414 990 460 nrrnounozmr
1007 401 1174 459 anabuns.

404 577 565 642 Dominiis
597 574 720 640 nostris
751 573 985 658 protenderant
1025 571 1270 652 mercatoribus,
1300 573 1462 636 instarent
1497 573 1524 633 et

405 685 576 751 obuiarent
592 681 906 765 irrecuperabiliter3
939 679 1054 747 habita
1069 703 1129 766 per
1143 679 1214 746 Nos
1231 682 1264 744 et
1282 677 1523 745 serenissimam

341 785 344 792 ’
405 791 592 874 Principem
609 796 644 853 et
659 788 825 854 dominam
842 787 1050 871 Helizabeth,
1061 789 1250 872 genitricem
1270 793 1414 851 nostram
1430 784 1523 850 lteris·

404 900 528 978 simam,
544 919 583 962 ao
599 898 703 962 eciam
718 897 887 963 Beronum
912 902 1096 962 nostrorum
1124 919 1204 962 sana
1220 903 1254 961 et
1268 901 1398 960 matura
1414 892 1524 958 delibe-

404 1007 544 1085 racione,
560 1027 598 1070 ac
615 1027 653 1069 ex
670 1011 761 1070 certa
777 1010 890 1070 nostra
907 1005 1046 1070 sciencia
1070 1005 1279 1070 decernentes
1290 1004 1420 1067 omnino
1445 1000 1523 1065 volu-

405 1136 485 1198 mus,
503 1112 687 1179 definimus
704 1121 738 1178 et
763 1114 938 1178 statuimus
970 1119 1128 1197 perpetuo
1156 1119 1189 1178 et
1214 1111 1479 1188 irrecusabiliter,
1493 1114 1523 1170 vt

404 1222 548 1287 vniuersi
565 1228 599 1286 et
615 1221 739 1305 singuli
755 1220 916 1286 dictorum
942 1221 1134 1304 Regnorum
1159 1220 1332 1306 Hungarie
1348 1227 1380 1284 et
1395 1219 1523 1286 Polonie

405 1332 491 1395 ciues
508 1335 541 1394 et
557 1330 660 1394 incole
677 1335 884 1409 mercatores,
908 1331 1071 1394 venientes
1087 1351 1160 1395 cum
1185 1349 1298 1394 eorum
1323 1328 1481 1394 mercibus
1495 1332 1523 1390 et

404 1436 623 1502 mercimoniis
638 1436 672 1500 in
688 1435 807 1500 dictam
825 1434 1005 1502 Civitatem
1021 1443 1168 1503 nostram
1184 1435 1415 1520 Lemburgam,
1430 1437 1522 1502 cuius·

406 1564 535 1625 cunque
552 1544 690 1627 generis,
707 1544 827 1628 speciei
843 1550 877 1611 et
891 1545 1040 1613 materiei
1051 1545 1203 1626 existant,
1214 1544 1388 1610 dummodo
1405 1565 1438 1609 se
1453 1542 1521 1608 lide·

406 1653 506 1736 digno
523 1650 683 1718 dictorum
708 1659 894 1719 nostrornm
920 1650 1094 1736 Huugarie
1120 1660 1153 1718 et
1180 1652 1317 1718 Polonie
1342 1654 1522 1737 Regnorum

405 1761 576 1827 docuerint
590 1762 776 1827 testimonio
792 1761 862 1826 iore
877 1762 965 1826 ciues
981 1782 1038 1827 seu
1054 1763 1187 1844 incolas,
1198 1761 1241 1826 ad
1251 1763 1364 1846 plenos
1375 1769 1520 1846 quatuor-

405 1869 509 1934 decim
534 1867 602 1934 dies
628 1890 700 1934 cnm
725 1868 819 1935 dictis
845 1868 1005 1935 mercibus
1022 1871 1056 1936 in
1071 1869 1160 1936 dicta
1176 1867 1320 1936 Civitate
1344 1869 1522 1950 Lemburga

406 1976 638 2056 continuando,
655 1998 715 2061 pro
735 1977 869 2061 speciali
894 1976 1069 2042 eorundem
1093 1977 1387 2062 Lemburgensium
1413 1978 1520 2043 incola·

408 2075 481 2149 rum
513 2085 738 2151 consolacione
763 2091 797 2151 et
822 2086 1050 2151 melioracione
1075 2086 1273 2153 vendicionis
1298 2088 1521 2171 exposicionem

407 2190 565 2256 tenebunt
591 2189 682 2276 Quas
709 2193 842 2274 quidem
867 2214 979 2259 eorum
1004 2215 1128 2261 merces
1153 2193 1317 2278 predictas
1342 2197 1370 2260 si
1396 2194 1521 2260 vendere

412 2297 534 2364 ibidem
551 2320 614 2365 non
631 2307 784 2383 possunt;
808 2307 886 2366 tunc
912 2302 1018 2368 soluto
1042 2304 1127 2368 insto
1152 2307 1185 2368 et
1210 2307 1365 2368 consueto
1391 2300 1521 2367 thelonio

406 2429 478 2472 cum
495 2406 615 2472 eisdem
632 2407 792 2474 mercibus
807 2407 918 2490 libere,
934 2417 968 2475 et
983 2409 1105 2494 absque
1116 2412 1259 2476 cuiusuis
1275 2409 1416 2476 hominis
1431 2412 1520 2478 cuius·
1587 2457 1589 2464 Α

405 2534 532 2598 cunque
548 2521 654 2580 status
670 2515 720 2580 vel
743 2517 942 2583 condicionis
966 2519 1203 2602 impedimento,
1220 2518 1418 2599 Tartariam,
1441 2525 1471 2582 ct
1484 2514 1520 2581 ad

406 2625 537 2706 qnasnis
553 2623 707 2689 Tartarie
722 2630 842 2706 partes,
853 2627 1108 2710 quociescunque
1119 2634 1151 2692 et
1166 2626 1425 2712 quandocunque
1440 2644 1519 2709 opor·

404 2737 517 2796 tunum
535 2732 614 2814 ipsis
630 2737 664 2796 et
679 2731 853 2814 expediens
870 2733 939 2798 fore
950 2734 1122 2818 videbitur,
1137 2735 1189 2799 vel
1205 2757 1318 2802 eorum
1337 2730 1519 2819 beneplaciti

406 2837 513 2918 fuerit,
538 2838 679 2904 transire
706 2839 845 2905 debeant
861 2847 893 2906 et
919 2849 1083 2926 poterunt,
1108 2849 1141 2908 et
1165 2844 1272 2909 redire
1297 2848 1331 2910 in
1358 2844 1519 2910 Civitatem

405 2945 679 3028 Lembnrgensem
695 2954 911 3029 prenotatam.
935 2949 980 3014 m
995 2950 1029 3013 in
1046 2951 1157 3016 reditu
1182 2953 1301 3017 iterum
1318 2953 1352 3017 in
1377 2954 1461 3018 dicta
1475 2949 1519 3016 Oi-

404 3054 508 3119 uitate
525 3053 759 3137 Lemburgensi
775 3078 847 3122 cum
863 3057 1008 3139 ipsorum
1019 3060 1195 3142 reportatis
1206 3081 1264 3125 sen
1285 3060 1434 3127 adductis
1449 3079 1518 3124 mer·

405 3160 496 3226 cibus
512 3161 552 3225 de
573 3160 728 3228 Tartaria
752 3163 794 3228 ad
820 3164 933 3247 plenos
959 3165 1207 3249 quatuordecim
1232 3167 1302 3232 dies
1326 3169 1471 3250 iacentes,
1493 3171 1518 3230 et

406 3266 535 3333 camdem
553 3289 685 3351 merces,
701 3271 734 3334 in
751 3277 907 3354 quantum
931 3275 1078 3355 poterint
1093 3273 1214 3340 ibidem
1235 3277 1479 3341 commodiosius
1492 3279 1517 3338 et
1583 3301 1585 3360 j

405 3375 524 3455 vtilius,
541 3377 678 3441 vendere
696 3382 772 3441 sunt
787 3379 933 3459 astrioti3
957 3380 1076 3463 quibus
1093 3387 1171 3447 tunc
1196 3384 1319 3467 elapsis
1335 3381 1518 3467 quatuorde-

404 3482 466 3545 cim
483 3482 598 3548 diebus
624 3489 699 3567 post
723 3485 845 3552 dictam
870 3489 1099 3568 reuersionem,
1125 3489 1230 3556 soluto
1255 3492 1340 3557 iusto
1366 3512 1470 3557 eorum
1491 3493 1518 3552 et

405 3589 566 3673 condigno
577 3591 732 3672 thelonia,
749 3592 791 3658 ad
808 3595 942 3678 propria
958 3597 1100 3662 transire
1111 3604 1263 3680 poterunt
1277 3597 1388 3678 libere,
1404 3599 1451 3664 vel
1464 3619 1517 3681 quo

403 3696 577 3762 eorundem
603 3705 820 3765 mercatorum
847 3709 1034 3766 nostrorum
1058 3703 1159 3770 inerit
1184 3709 1344 3774 voluntas.
1371 3709 1516 3774 Volumus

404 3806 537 3889 insuper
553 3813 585 3872 et
601 3807 813 3890 decernimus,
829 3809 919 3893 quod
935 3833 1045 3877 ornnes
1063 3811 1174 3880 littere
1199 3822 1309 3881 nostre
1325 3824 1384 3883 aut
1397 3813 1515 3900 genitri-

403 3913 449 3976 ois
466 3919 578 3979 nostre
604 3915 751 3998 predicte
776 3922 852 3981 ante
878 3938 1011 4000 presens
1037 3921 1246 4004 privilegium
1271 3923 1444 4008 impetrate
1466 3941 1514 4005 per

404 4019 507 4085 dictos
538 4021 808 4106 hamburgenses,
840 4025 1083 4107 quomodolibet
1114 4032 1281 4096 contrarie
1316 4031 1515 4114 presentibus,

403 4127 524 4193 nullius
550 4129 614 4194 sint
639 4131 766 4212 penitus
791 4131 912 4214 iugiter·
935 4131 1077 4200 efficacia
1096 4143 1129 4200 et
1148 4137 1278 4219 vigoris.
1304 4139 1346 4204 In
1363 4143 1448 4206 cuius
1473 4134 1511 4200 rei

404 4237 592 4302 memoriam
616 4247 784 4320 presentes
810 4239 959 4306 duximus
984 4242 1216 4309 concedendas,
1242 4245 1368 4312 Datum
1393 4247 1426 4310 in
1441 4243 1513 4308 Wis-

404 4344 523 4425 segrad
539 4344 572 4407 in
590 4343 673 4409 sesto
690 4347 788 4411 ¹Beati
805 4346 943 4413 Martini
961 4351 1155 4419 confessoris
1175 4375 1260 4420 anno
1281 4354 1414 4421 Domini
1429 4351 1511 4418 mille·

404 4451 483 4514 simo
500 4453 727 4517 trecentesimo
745 4454 896 4520 LXXX.

486 4559 571 4622 (XVI.
586 4561 696 4614 szazadi
710 4563 825 4630 copiatis
840 4563 991 4630 ktiuyvbbl,
1007 4568 1122 4618 Krakkd
1132 4533 1223 4622 ¹vairos
1233 4571 1441 4632 leveltetreiban.)

1018 4698 1048 4706 -ψ-
