3210 5252
577 689 580 699 ·
617 657 669 716 85.

93 811 260 900 llKriroly
275 813 438 900 fruucziu
463 813 644 898 kirdlyoalc
669 815 788 880 letiuetet'
818 815 1035 879 vieeeute'rnelc
1054 815 1206 902 Muyyor·

1 919 2 932 *
465 921 636 1008 orszdpbol.
662 924 758 988 1375.

184 1077 284 1147 Anno
294 1077 585 1148 MCOOLXXIV.
597 1081 774 1148 indictione
793 1079 897 1146 XIII.
913 1081 964 1147 die
981 1079 1068 1147 XX.
1083 1082 1208 1149 Junuu·

1 1211 2 1240 ;
88 1189 132 1253 rii.
154 1187 313 1272 Capta:
336 1186 422 1255 Oum
446 1189 699 1256 Amboxiatores
729 1189 852 1256 domini
877 1188 978 1273 Regis
993 1189 1133 1256 Frenoie
1149 1211 1208 1273 per

1 1329 2 1379 g
89 1318 131 1378 ee,
154 1317 213 1380 que
238 1298 435 1379 sentiuntur,
452 1298 684 1382 compleverint
700 1295 924 1364 Ambuxatom
941 1318 1032 1363 suem
1049 1297 1136 1380 apud
1153 1297 1209 1362 do·

1 1451 2 1492 ,
92 1403 202 1468 murum
227 1402 354 1487 Regem
378 1403 552 1488 Hungurie
578 1425 637 1488 pro
662 1404 750 1470 lucto
766 1404 842 1471 illus
857 1403 1068 1485 matrimonii,
1084 1411 1117 1469 et
1134 1411 1210 1470 sunt

1 1513 2 1586 ξ
90 1511 119 1574 in
140 1512 283 1594 proximo
307 1511 469 1580 Venecies
494 1513 630 1579 redituri
655 1534 716 1597 pro
741 1513 846 1578 eundo
862 1513 1005 1597 domum,
1021 1518 1054 1578 et
1070 1534 1130 1596 pro
1151 1512 1206 1578 ho·

1 1649 2 1662 κ
90 1639 159 1684 nore
181 1624 292 1686 nostro
316 1618 417 1686 facist
441 1619 605 1686 honorare
629 1620 727 1686 istem
743 1617 984 1701 Ambexetam3
1008 1621 1099 1686 redit
1116 1641 1205 1704 pers,

93 1726 169 1810 quod
191 1728 243 1794 die
266 1728 411 1812 presenti
436 1727 598 1793 scribetur
625 1727 809 1812 Capitoneo
834 1725 969 1811 Riperie
984 1729 1093 1812 Istrie,
1119 1727 1207 1810 quod

1 1884 2 1931 ,
94 1836 259 1921 usurpet
284 1836 439 1920 riperiom
464 1857 566 1921 usque
593 1833 744 1920 Segnsm,
760 1842 793 1902 et
808 1837 843 1900 in
859 1839 948 1902 omni
966 1837 1037 1902 loco
1054 1843 1087 1900 et
1102 1841 1210 1921 portu,

1 1941 2 2017 ξ
95 1942 142 2008 ubi
164 1944 300 2028 reperiet
316 1945 404 2028 ipsos
420 1942 683 2025 Ambaxiatores,
709 1943 827 2011 debeat
843 1964 898 2010 eos
915 1944 1033 2024 levare,
1048 1943 1210 2010 honorare

97 2058 124 2116 et
144 2052 319 2118 conducere
345 2052 522 2132 Veneoies3
546 2059 578 2118 et
593 2055 626 2118 iu
653 2073 731 2118 casu
751 2074 815 2137 quo
831 2053 975 2118 nondum
1000 2051 1212 2135 apliouissent

1 2161 2 2168 ’
40 2153 43 2158 “
96 2155 221 2242 Seguum
246 2155 488 2226 Ambexutores
506 2159 654 2244 predicti,
670 2160 869 2243 prestoletur
885 2157 1083 2254 Capitonem
1107 2156 1206 2242 Ripe-

1 2273 2 2292 ¹
98 2268 137 2333 rie
150 2289 204 2352 per
219 2273 364 2353 quatuor
380 2267 460 2350 dics,
475 2274 507 2333 et
522 2269 683 2352 conpletis
699 2269 779 2352 ipsis
799 2273 941 2352 quotuor
957 2266 1079 2347 diebus,
1097 2267 1125 2332 si
1142 2287 1211 2333 sen·

1 2393 2 2479 ἐ
96 2377 173 2459 tiret,
196 2376 283 2462 quod
309 2374 499 2445 Ambexute
523 2377 674 2462 predicto
689 2376 823 2443 deberet
847 2377 968 2442 esseio
984 2374 1093 2459 Segne
1109 2395 1211 2458 usquo

95 2483 167 2550 ulios
182 2483 262 2552 duos
279 2485 360 2568 dies,
376 2485 573 2568 prestoletur
590 2505 656 2566 eos,
675 2490 708 2549 et
728 2483 868 2550 honoret
884 2491 915 2549 et
932 2483 1092 2550 conducat
1107 2481 1212 2551 Vene-

94 2594 163 2676 cies,
179 2601 214 2660 ut
229 2593 422 2660 estdictum.

151 2739 184 2800 (A
198 2737 310 2789 ›muti‹
326 2738 417 2789 ommtl
430 2737 568 2788 velenczei
583 2738 811 2802 ellcmkouyvbol
823 2739 954 2788 XXXIV.
968 2738 1024 2787 lot.
1041 2740 1100 2786 314.
1116 2735 1146 2796 l.)

623 3032 676 3092 86.

95 3193 118 3256 I.
134 3195 227 3282 Lcjou
243 3215 385 3280 orapyor
401 3193 434 3256 <ie
450 3192 572 3278 lenyyel
589 3191 699 3277 surely
716 3211 737 3253 o
754 3190 872 3275 lednya
890 3185 1018 3270 Ilecloiq
1035 3181 1067 3246 o'e
1091 3181 1214 3245 Vilnros

174 3303 321 3367 ausin-iai
335 3303 465 3387 herczeq
481 3300 552 3364 leo'rt
568 3309 711 3364 teruezett
728 3299 886 3382 hueusrdy
903 3295 1003 3357 irciut.
1029 3293 1125 3356 1375.

192 3461 263 3530 Nos
280 3460 466 3526 Lodorious
482 3459 548 3525 Dei
564 3459 677 3544 gracia
692 3455 765 3523 Rex
775 3456 957 3537 Hungarie,
974 3450 1120 3530 Polonie,
1138 3449 1216 3514 Dul-

94 3571 189 3636 meoie
213 3577 274 3636 etc
303 3575 415 3634 notum
442 3565 580 3633 facimus
599 3575 713 3632 tenore
728 3565 932 3649 presencium
948 3561 1114 3641 inmersis,
1130 3555 1218 3641 quod

3 3723 5 3760 ,
95 3675 158 3742 Nos
182 3677 290 3743 animo
316 3675 507 3755 deliberato,
539 3679 732 3758 maturoque
757 3672 967 3738 Prelutorum
992 3674 1025 3732 et
1050 3665 1217 3732 Beronum

3 3763 5 3804 ³
96 3794 273 3852 nostrorum
291 3783 464 3850 accedente
482 3782 626 3864 oonsilio,
651 3781 737 3848 bona
755 3779 829 3858 fide,
846 3777 969 3861 absque
986 3775 1074 3841 omni
1091 3772 1166 3838 dolo
1184 3777 1216 3835 et

3 3873 5 3918 Ξ
97 3895 158 3961 siue
184 3895 309 3975 fraude,
337 3891 552 3960 Sereuissimo
583 3889 733 3974 Principi
765 3887 896 3953 domino
928 3884 1098 3967 Leupcldo
1130 3879 1217 3945 Duci

96 4001 233 4086 Austnie,
261 4001 369 4087 Styrie
400 4008 434 4067 ot
463 3999 641 4066 Kerinthie
673 4004 730 4063 etc
763 3997 862 4062 fratri
892 4000 1004 4061 nostro
1036 3990 1220 4066 karissimo,

4 4125 7 4204 ζ
97 4117 222 4195 propter
239 4107 359 4176 sinceri
375 4107 497 4174 amoris
523 4104 742 4173 constancium
769 4102 987 4188 promisimus,
1003 4106 1037 4166 et
1053 4099 1136 4164 serie
1151 4116 1222 4179 pre·

98 4221 233 4285 sencium
259 4217 479 4304 promittimus
505 4214 636 4296 seriose,
653 4212 741 4296 quod
756 4211 904 4276 inolitum
920 4207 1077 4292 virginem
1093 4201 1222 4270 Hedwi-

4 4315 6 4370 ἕ
99 4325 184 4409 gum,
198 4333 312 4394 natum
336 4331 483 4392 nostrum
514 4323 684 4405 iuniorem,
716 4322 840 4387 illustri
865 4318 1053 4398 Wilhelmo,
1079 4312 1222 4380 eiusdem

5 4455 6 4500 3
99 4435 211 4502 domini
235 4435 339 4502 Ducis
355 4431 490 4500 Austrie
514 4431 743 4518 primogenito,
769 4451 841 4494 cum
869 4427 947 4492 dote
974 4425 1042 4489 siue
1067 4420 1223 4489 dotalicio

5 4595 6 4604 κ
101 4551 227 4629 propter
251 4543 395 4628 nupcias,
419 4541 504 4607 sicut
528 4541 629 4605 ceteri
661 4537 834 4620 Principes
859 4539 892 4600 et
918 4531 1025 4615 Reges
1052 4528 1224 4613 Hungerie
