3134 5254
755 442 990 490 Dtrtontaczlal
1008 443 1173 492 animans.

926 737 998 798 145.

402 897 552 960 Erasinos
580 895 844 981 (cerynkira‘lyae',
870 923 885 960 s
902 898 931 960 I.
950 897 1052 982 Lojos
1068 919 1208 984 aayynr
1225 900 1257 963 e's
1272 899 1392 988 leayyel
1408 899 1509 982 liretly·

401 1005 470 1069 nolo
487 1005 802 1091 Lenyyelorczelyban
820 1005 1057 1091 belytartelnb'je
1074 1007 1160 1090 nyttt
1171 1009 1327 1072 rendelete
1343 1034 1361 1072 a
1380 1007 1507 1090 lernleryi

595 1114 766 1199 lirmc'ayek
784 1114 1012 1178 szabcelnlrnai
1029 1116 1221 1200 teiryyo'baa.
1241 1119 1336 1181 1379.

509 1272 682 1338 Elisabeth
699 1272 761 1338 Dei
778 1275 889 1356 gracia
907 1273 1053 1357 ngarie
1071 1283 1103 1340 et
1120 1275 1256 1340 Polonie
1274 1275 1401 1360 Regina
1418 1277 1506 1340 senior

402 1382 523 1448 nostris
540 1380 690 1447 fidelibus
706 1383 864 1448 universis
881 1389 911 1447 et
929 1383 1065 1466 singulis
1085 1381 1287 1467 Capitoneis,
1314 1384 1507 1468 Woyewodis

401 1489 606 1572 Burgrabiis,
632 1489 837 1558 Officialibus
862 1511 921 1573 per
947 1495 1049 1555 totam
1076 1491 1215 1556 Terram
1240 1499 1387 1558 nostram
1410 1491 1506 1556 Russie

401 1601 585 1668 constitutis
601 1601 745 1684 graciam
762 1599 902 1682 Regiam
919 1621 991 1663 cnm
1008 1598 1128 1664 fanore.
1148 1596 1328 1684 Cupientes
1345 1602 1508 1667 Communi·

404 1715 503 1774 tatem
520 1707 737 1774 Armenorum
765 1715 949 1775 nostrorum
977 1707 1016 1772 de
1043 1707 1231 1792 Lcmbnrga
1256 1707 1399 1774 Ciuitate
1415 1714 1506 1773 nostra

403 1817 505 1884 Terre
515 1819 813 1902 prescriptcuostre
820 1815 944 1899 perfrui
956 1815 1041 1880 bona
1052 1818 1143 1899 pacis
1152 1818 1395 1902 tranquilitate
1411 1817 1510 1884 Vestro

403 1924 556 1989 nimirum
573 1923 786 1990 Universitati
804 1945 842 1987 ac
857 1921 1011 1986 fidelitati
1029 1929 1144 1988 nostro
1170 1924 1276 2008 Regio
1304 1926 1407 1991 edicto
1431 1923 1510 1989 lirni-

402 2041 452 2098 ter
478 2033 716 2098 committentes
742 2030 943 2110 mandamus,
961 2036 1122 2112 quatenus
1150 2029 1313 2097 Armeuos
1339 2040 1459 2098 nostros
1483 2032 1511 2094 in

402 2141 489 2205 dicta
507 2137 651 2206 Ciuitate
669 2144 782 2203 nostra
813 2137 1051 2221 Lcmburgensi
1078 2139 1167 2204 intra
1192 2162 1303 2205 muros
1321 2147 1354 2206 ct
1370 2147 1454 2206 extra
1469 2139 1512 2202 Ci-

402 2249 514 2314 uitatis
531 2248 676 2312 eiusdem
692 2245 919 2311 cohabitantes
936 2247 970 2309 iu
987 2246 1052 2310 suis
1068 2247 1371 2330 consuetudinibus,
1387 2247 1510 2314 moribus

404 2357 562 2437 videlicet,
590 2355 783 2435 Adnocatis‚
807 2354 990 2437 Episcopis,
1016 2353 1258 2436 Sacerdotibus,
1285 2356 1445 2436 Ecclesiia
1467 2377 1511 2418 sen

406 2464 577 2548 quibusais
595 2461 792 2527 utilitatibus
810 2484 848 2525 ac
864 2461 991 2526 iuribus
1010 2461 1185 2544 universis·
1204 2463 1323 2546 quibus
1348 2464 1426 2528 alias
1448 2470 1511 2528 tem·

403 2596 481 2657 pore
512 2571 720 2638 Screnissinri
753 2571 916 2654 Principis
942 2571 1068 2636 domini
1094 2569 1258 2635 Kazimiri
1283 2573 1396 2637 eadem
1419 2571 1512 2656 gracia

404 2682 481 2746 olim
498 2680 600 2763 Regis
617 2679 753 2745 Polonie
769 2679 862 2744 beate
880 2677 1119 2743 recordacionis
1136 2679 1249 2745 fratris
1260 2681 1366 2744 nostri
1382 2678 1512 2763 preclari,

403 2812 441 2854 ae
457 2795 602 2873 tempore
620 2789 724 2852 nostri
740 2787 907 2870 regiminis
924 2787 974 2850 usi
998 2787 1129 2852 fucrant
1155 2786 1324 2870 bucusque
1350 2797 1381 2853 et
1397 2787 1513 2854 uteban·

403 2903 465 2980 tur,
484 2920 522 2962 ox
540 2918 623 2961 nnuc
640 2901 737 2980 prout
755 2901 889 2959 extunc
907 2893 1021 2960 utisrui
1047 2893 1183 2977 pacifice
1210 2905 1242 2959 et
1269 2900 1378 2979 quiete
1395 2903 1473 2962 statu
1487 2901 1512 2957 et

405 3007 474 3072 inre
490 3005 777 3090 primenoabsqne
803 3004 890 3067 omni
922 3003 1181 3068 contradiccione
1200 3010 1232 3069 et
1256 3026 1373 3070 recusa
1397 3013 1475 3069 stare
1489 3008 1513 3064 et

403 3115 513 3178 viuere
530 3111 732 3196 permittatis
749 3116 858 3175 nostre
874 3107 1046 3192 Reginalis
1063 3112 1173 3193 gracie
1190 3111 1250 3176 snb
1267 3111 1409 3177 obtentu.
1424 3109 1513 3178 Vobis

404 3219 631 3286 nichilominus
650 3227 762 3285 nostro
775 3217 862 3283 fideli
873 3217 1008 3299 Baroni,
1025 3218 1156 3283 domino
1173 3220 1197 3286 J
1200 3223 1330 3286 anassio
1349 3220 1511 3305 Capitaueo

405 3328 508 3394 Terre
526 3330 633 3412 sepius
650 3329 817 3392 nominate
843 3327 1053 3408 singulariter
1074 3327 1307 3392 committimus
1333 3331 1514 3402 intimantes,

405 3443 564 3520 quatenus
589 3438 736 3520 superins
763 3435 867 3500 dictos
885 3433 1049 3500 Armenos
1067 3433 1109 3499 ab
1126 3433 1294 3501 hominnm
1312 3435 1515 3521 quorumlibet

404 3545 542 3624 iniuriis,
566 3544 726 3609 molestiis
743 3550 776 3608 et
791 3541 1097 3626 perturbacionibus
1123 3543 1282 3610 universis
1307 3547 1392 3611 tueri
1408 3554 1436 3612 et
1451 3563 1512 3627 pro·

404 3661 515 3737 tegere
532 3653 669 3717 sollicite
685 3651 842 3732 debeatis,
858 3659 889 3715 et
905 3652 937 3715 in
963 3673 1074 3715 corum
1099 3652 1169 3716 inre
1186 3673 1244 3736 per
1261 3674 1318 3719 ros
1335 3661 1369 3719 et
1400 3651 1517 3736 quemli-

405 3762 460 3828 bet
476 3769 628 3841 vestrum,
644 3781 704 3825 nec
721 3782 783 3824 nou
800 3760 881 3824 alios
906 3759 939 3823 in
964 3764 1055 3824 terra
1081 3759 1200 3824 Russie
1216 3762 1419 3840 constitutos¹
1442 3777 1516 3824 more

405 3871 542 3954 pristino
559 3869 762 3954 permittatis
779 3891 851 3933 cum
869 3867 992 3932 ellectu.
1006 3868 1137 3933 Harum
1154 3869 1270 3952 quibus
1288 3871 1432 3954 sigillum
1446 3873 1518 3933 nost·

405 4001 476 4043 rum
494 3985 543 4044 est
560 3999 737 4061 appensum
754 3976 940 4041 testimonio
957 3976 1151 4040 litterarum.
1169 3976 1294 4042 Datum
1307 3980 1342 4042 iu
1353 3973 1513 4062 Appriassj

406 4085 488 4150 seria
505 4086 607 4151 tercia
625 4086 659 4149 in
675 4084 789 4168 vigilia
805 4082 904 4148 Beati
931 4083 1158 4148 Bartholomei
1183 4081 1339 4168 Apostoli
1366 4109 1450 4152 auno
1466 4084 1517 4148 Do·

406 4195 485 4260 mini
501 4193 671 4259 millesimo
688 4193 912 4258 trecentesimo
930 4193 1167 4276 septuagesimo
1185 4216 1278 4259 nouo.

407 4344 511 4407 (Jagiel
534 4343 647 4392 illeszlb
668 4342 776 4406 lengyel
790 4341 939 4404 liralynals
956 4341 1066 4390 laer-ki
1088 4343 1256 4406 megercsito
1282 4335 1517 4407 pra-ilegiumabot

479 4433 614 4496 bamberg
627 4432 707 4483 varos
722 4431 780 4495 rigi
794 4430 909 4494 copialis
924 4429 1106 4496 liinyveben;
1126 4445 1157 4480 az
1171 4431 1262 4481 ottani
1276 4430 1469 4493 revenernan.)
