3190 5252
564 400 658 465 1383.
1110 403 1171 466 491

52 598 119 640 cum
135 576 247 642 Casuli
263 574 466 660 Genestrule,
482 599 545 662 que
555 579 687 644 fuerunt
697 579 867 644 Francisci
878 578 919 644 de
929 579 1034 643 Lecco
1045 578 1175 644 rebellis

55 684 85 748 in
100 685 268 768 prouincia
283 683 418 770 Aprutij
436 692 495 751 etc.
511 684 625 769 (1382.
642 692 694 754 aa.
707 687 873 772 januarij.)

52 829 84 890 (A
98 831 236 895 ›Registri
248 831 398 896 Angioini«
414 837 474 883 359.
488 847 524 882 sz.
539 849 563 882 a.
578 835 723 884 koteteool
742 834 810 898 Reg.
841 832 934 883 Caroli
948 833 999 883 111.
1024 837 1066 882 93.
1081 833 1098 882 1.
1113 849 1119 896 ;
1141 848 1173 882 az

365 923 448 972 olasz.
460 922 513 973 kir.
528 923 644 989 napolyi
658 923 852 986 leveltarban.)

534 1141 685 1154 μιν*-

578 1319 652 1382 259.

55 1478 208 1545 Garazda
227 1479 350 1544 Tamds
367 1479 517 1544 Eraae'bet
543 1478 767 1566 kirdlyntnak
783 1480 887 1544 kboete
903 1479 922 1543 1
927 1479 943 1540 I
947 1479 969 1542 l
969 1525 975 1541 .
993 1477 1118 1562 Ka'roly
1135 1477 1179 1541 si·

410 1589 504 1654 cilici
519 1587 698 1676 kirdlylzoz.
723 1589 818 1654 1383.

158 1747 299 1833 (Magno
326 1746 516 1814 Camerario
540 1747 649 1833 Regni
666 1746 785 1832 Sicilie,
802 1747 945 1815 Socratis
960 1754 993 1814 et
1008 1747 1180 1832 Magistris

55 1857 247 1940 Po1tulunis,
272 1857 446 1942 Magistris
473 1856 561 1924 Salis
587 1857 731 1941 partium
756 1855 890 1941 Apulis,
916 1854 1094 1924 Cabellotis
1120 1862 1181 1921 etc.

55 1965 260 2032 notificantur
276 1972 426 2051 patentes
450 1965 563 2030 littere
590 1987 694 2050 nuper
719 1985 869 2032 concesse
886 1964 1063 2032 Thomasio
1080 1963 1182 2030 Geor-

3 2085 4 2088 ’
57 2073 97 2158 gij
116 2073 203 2139 dicto
224 2071 380 2141 Garazda
405 2073 444 2138 de
469 2073 651 2154 Neguelieh
677 2074 715 2138 de
741 2073 894 2158 Poscga).
926 2111 970 2120 —-
996 2109 1039 2120 -
1065 2111 1108 2122 -
1134 2073 1182 2139 Et

56 2183 295 2248 considerantes
311 2181 458 2266 proinde,
468 2178 557 2264 quod
573 2180 767 2246 Thomasius
784 2180 920 2266 Georgij
939 2181 1046 2246 dictus
1057 2180 1180 2249 Garan-

57 2293 96 2359 da
110 2293 149 2358 de
167 2289 349 2374 Neguelich
367 2288 408 2354 de
423 2287 554 2372 Posege
571 2287 708 2354 deuotus'
720 2294 830 2355 noster
841 2291 882 2355 ed
892 2289 1049 2354 Nostram
1066 2290 1181 2354 missus

57 2403 179 2466 nouiter
205 2398 414 2484 Majestatem
440 2419 499 2480 per
525 2395 770 2464 Serenissimam
795 2397 991 2464 Helisebeth
1016 2396 1181 2482 Reginam

58 2508 201 2592 Vngarie
227 2529 300 2572 oum
326 2505 392 2570 suis
407 2505 541 2586 lictoris
566 2507 808 2572 coronationem
828 2505 974 2573 Illustris
990 2505 1100 2572 Mario
1117 2504 1183 2572 Re-

58 2619 126 2700 gine
151 2615 300 2700 Vngarie
326 2615 396 2700 ejus
422 2614 486 2680 filie
512 2624 685 2699 nostreque
710 2617 832 2682 sororis
849 2617 1016 2682 carissimo
1033 2617 1125 2682 nobis
1141 2615 1182 2681 ad

59 2726 210 2808 gaudium
228 2722 402 2788 nuntiauit.
428 2721 477 2790 Vt
493 2723 579 2788 idem
605 2722 799 2789 Thomasius
815 2745 933 2790 vacuus
949 2723 1183 2791 aliberalitate
1284 2767 1288 2776 ι

60 2841 167 2898 nostra
183 2854 247 2898 non
264 2830 409 2916 reddeat,
426 2831 483 2896 sed
500 2852 539 2895 ex
556 2833 732 2915 assumptis
749 2853 808 2915 per
823 2854 882 2898 nos
899 2830 995 2916 digne
1012 2831 1182 2898 exultatio-

59 2939 105 3006 nis
129 2939 259 3026 gaudijs
284 2961 402 3005 munus
427 2945 536 3005 nostre
562 2939 623 3003 sibi
639 2939 891 3024 gratificationis
908 2940 1053 3021 accedat,
1078 2940 1182 3005 eidem

60 3046 230 3114 Thomasio
256 3068 380 3113 annuos
405 3045 543 3112 florenos
569 3047 609 3112 de
635 3069 715 3113 auro
732 3047 888 3113 ducentos
909 3046 1134 3132 percipiendos
1151 3053 1184 3113 et

2 3203 3 3208 η
62 3154 229 3222 soluendos
257 3154 319 3220 sibi
344 3156 377 3220 in
404 3161 436 3219 et
458 3175 556 3238 super
570 3152 709 3238 juribus,
726 3154 907 3221 redditibus
923 3162 956 3219 et
972 3155 1184 3240 prouentibus

62 3264 190 3346 dohanc,
207 3265 288 3331 etin
304 3263 373 3349 ejus
390 3262 520 3328 defectu
536 3283 633 3346 super
654 3262 778 3329 cabella
794 3263 870 3326 salis
888 3263 1031 3328 ciuitatis
1048 3260 1184 3328 Mansri-

63 3372 161 3454 donie,
177 3373 407 3458 premissorum
423 3369 682 3436 consideratione
692 3370 779 3437 suasi
797 3372 863 3436 eius
879 3371 947 3436 vita
962 3371 1100 3435 durante
1112 3391 1184 3436 con-

62 3481 199 3546 cedimus
216 3487 250 3545 ct
265 3481 434 3558 donamus,
444 3479 559 3543 hurum
576 3479 660 3543 serie
677 3478 717 3543 de
734 3485 824 3544 certa
840 3484 955 3544 nostra
965 3479 1101 3544 scientie
1111 3499 1183 3562 pro·

62 3589 119 3673 prij
145 3597 251 3656 motus
275 3588 431 3654 instinctu
458 3587 658 3653 liberalitate
680 3609 769 3654 mera
795 3594 826 3654 et
852 3589 960 3671 gratia
977 3587 1109 3674 speciali
1124 3587 1184 3651 stb.

64 3696 170 3780 (1383.
188 3705 216 3766 7.
231 3697 432 3782 Februarii.)

64 3841 96 3904 (A
118 3844 254 3910 ›Registri
266 3843 418 3908 Angioini‹
443 3846 503 3894 359.
518 3857 556 3894 επ.
571 3858 594 3892 a.
609 3843 754 3894 ketecebol
776 3845 842 3908 Reg.
865 3843 958 3894 Caroli
971 3843 1023 3894 111.
1037 3849 1097 3892 208.
1111 3843 1138 3904 1.‚
1151 3858 1183 3894 az

390 3936 464 3986 olasz
478 3934 530 3986 kir.
544 3935 658 3999 napolyi
670 3935 863 3996 levdltsirban.)

543 4238 702 4250 μαψ-
