3134 5254
547 385 642 447 1379.
1091 389 1156 451 265

51 558 150 624 bunum
167 561 252 642 quod
269 562 459 628 Dominatio
476 561 599 629 Vestra
613 562 715 628 libere
727 563 822 630 daret
833 563 1023 632 Domiuium
1040 565 1073 628 iu
1089 587 1155 632 ma·

51 665 129 734 nibus
144 669 263 734 domiui
279 670 393 752 Regis,
409 674 442 735 et
458 671 527 753 ipse
545 669 639 736 daret
654 678 771 754 postea
786 671 881 737 nobis
897 671 1093 754 Dominium‚
1103 673 1158 740 ob-

1 769 2 786 ³
50 777 187 841 servando
202 783 311 842 tamen
328 797 438 843 omnes
461 775 576 843 modos
591 783 624 842 et
650 779 760 844 omnia
775 785 873 862 pacta
887 779 973 846 inter
988 800 1047 846 nos
1063 786 1097 846 et
1112 779 1158 864 ip·

1 864 2 922 ss
49 905 91 950 sos
104 884 212 950 habita
228 890 263 950 et
278 884 421 951 firmata.
436 886 482 950 Et
498 885 560 950 hoo
578 885 665 968 quod
682 883 835 952 dicebant
859 908 920 971 pro
946 884 1031 953 bono
1047 887 1158 954 Domi·

49 992 171 1057 nationis
195 989 315 1062 Vestre
340 998 373 1058 et
400 991 552 1059 Civitatis
577 991 802 1075 Venetiarum,
829 995 872 1060 ad
898 995 959 1060 hoo
983 1000 1020 1059 ut
1044 995 1107 1078 ipsi
1123 997 1157 1061 in

49 1100 203 1166 tractanda
220 1121 302 1184 pace
319 1122 391 1167 cum
407 1101 482 1187 alijs
498 1099 661 1184 colligatis
677 1108 810 1186 possent
834 1103 949 1168 melius
975 1104 1157 1171 substinere

1 1213 2 1277 ?
46 1207 109 1290 jura
122 1209 361 1274 Dominationis
386 1208 515 1289 Vestre,
543 1210 621 1292 quid
647 1209 711 1293 ipsi
728 1231 854 1294 semper
884 1216 1018 1296 possent
1049 1212 1155 1278 dicero

1 1350 2 1355 κ
47 1315 191 1400 colligatis
206 1316 371 1401 predictis,
388 1318 474 1401 quod
488 1317 642 1401 quicquid
667 1325 826 1402 peterent,
841 1327 927 1386 esset
942 1317 986 1386 ad
1001 1319 1156 1388 damnum

1 1487 2 1510 ,
48 1422 155 1489 donini
170 1425 282 1510 Regis,
298 1448 370 1492 cum
387 1426 461 1511 alijs
476 1425 581 1491 uerbis
600 1427 688 1492 circa
707 1425 777 1492 hoc.
793 1426 919 1512 Quibus
936 1427 1069 1510 auditis,
1098 1449 1157 1512 per

46 1552 93 1598 uos
106 1554 294 1616 responsum
320 1534 381 1599 fuit
397 1533 529 1600 eisdem.
546 1534 593 1600 Et
609 1535 713 1619 primo
746 1536 892 1602 volentes
908 1536 970 1602 sibi
986 1535 1155 1602 declarare

1 1725 2 1735 ἵ
47 1639 155 1724 modos,
171 1643 227 1724 qui
242 1642 337 1708 nobis
353 1642 546 1708 uidebantur
562 1643 758 1710 obseruandi
776 1642 819 1710 ad
835 1642 1007 1720 dicendum
1023 1643 1156 1728 colliga·
1240 1657 1246 1668 ’

1 1741 2 1816 Ϊ
47 1746 89 1828 tis,
102 1754 139 1813 ut
154 1756 185 1815 et
199 1749 430 1816 inducerentur
446 1749 489 1815 ad
515 1751 836 1816 condescendendum
861 1752 905 1817 ad
919 1772 1051 1835 pacem,
1075 1751 1158 1816 dixi-

1 1914 2 1917 ,
46 1875 104 1918 mus
120 1855 247 1939 eisdem,
275 1858 361 1940 quod
387 1865 482 1925 erant
505 1859 594 1927 modi
619 1859 732 1941 aliqui,
758 1880 838 1943 quos
867 1859 1036 1925 videbatur
1062 1851 1156 1926 nobis

44 1963 118 2046 quod
142 1964 248 2032 dicere
263 1974 397 2050 possent
412 1968 638 2034 Jauuensibus
664 1974 697 2033 et
721 1969 863 2034 Domino
889 1968 1022 2049 Padus,
1054 1967 1156 2051 aliqui

1 2061 2 2065 ’
46 2079 135 2152 erant,
151 2094 233 2155 quos
249 2073 422 2140 uidebatur
437 2073 531 2141 nobis
547 2075 636 2160 quod
654 2075 762 2141 dicere
786 2080 919 2159 possent
933 2075 1078 2142 Domino
1094 2075 1156 2141 Pa·

1 2193 2 2196 ’
46 2178 97 2245 due
113 2183 182 2248 soli.
198 2184 291 2251 Modi
306 2206 381 2250 uero
397 2184 526 2252 dicendi
541 2191 576 2250 et
592 2184 617 2251 J
619 2184 817 2251 ascensibus
834 2192 866 2250 et
882 2183 1025 2251 Domino
1041 2182 1155 2250 Paduc

1 2309 2 2312 ¹
42 2289 128 2354 simul
141 2298 245 2374 erant,
263 2293 351 2374 quod
367 2293 430 2376 ipsi
445 2299 600 2377 poterant
616 2295 664 2360 eis
681 2293 799 2376 dicere,
816 2293 958 2378 qualiter
974 2292 1037 2376 ipsi
1054 2292 1156 2357 mani·

42 2394 110 2462 leste
125 2400 372 2484 cognoscebant,
397 2401 485 2484 quod
510 2403 573 2486 ipsi
598 2401 783 2468 Januenses
800 2410 832 2467 et
855 2401 1018 2468 Dominus
1044 2399 1158 2466 Padue

42 2525 96 2572 non
118 2509 333 2576 attendebant
350 2512 392 2576 ad
407 2531 530 2597 pacem,
547 2532 606 2576 nec
621 2510 664 2577 ad
680 2511 816 2594 aliquid,
833 2511 919 2596 quod
936 2516 1022 2576 esset
1034 2511 1158 2594 justum

1 2645 2 2678 2
41 2613 83 2676 uel
96 2617 300 2701 rationabile,
316 2619 374 2683 sed
399 2619 505 2684 solum
521 2619 563 2686 ad
589 2618 842 2685 destructionem
873 2616 1106 2699 Veneoiarum3
1125 2623 1159 2682 et

1 2707 2 2730 i
42 2721 116 2801 quod
131 2726 319 2791 nesciebant
334 2726 455 2808 videre,
473 2726 561 2810 qued
576 2727 640 2812 ipsi
668 2725 856 2794 ,lanuenses
872 2734 905 2791 et
919 2725 1079 2792 Dominus
1095 2723 1157 2789 Pa

1 2869 2 2918 3
41 2827 95 2894 due
116 2831 263 2899 iacerent
293 2835 364 2917 hoo,
380 2835 444 2900 nisi
459 2843 593 2919 propter
619 2835 701 2917 duo,
720 2856 817 2900 unum
835 2841 906 2900 erat
922 2839 1057 2918 propter
1073 2833 1159 2916 capi-

40 2937 95 3002 tale
110 2939 228 3025 odium,
259 2941 349 3008 aliud
365 2960 442 3006 vero
457 2950 593 3026 propter
609 2944 782 3008 avaritiam
805 2943 982 3025 propriam,
998 2940 1158 3021 videlicet,

1 3048 2 3127 ᾗ
40 3055 164 3129 propter
178 3070 315 3133 magnas
346 3055 383 3114 ut
396 3050 516 3131 litates,
542 3071 625 3134 quas
649 3050 712 3133 ipsi
737 3055 771 3114 et
795 3049 1017 3133 unusquisque
1047 3069 1158 3113 eorum

39 3155 312 3236 consequebantur
338 3178 378 3220 ex
402 3177 531 3240 guerra,
559 3157 774 3241 specificando
800 3157 904 3222 eidem
928 3154 1058 3222 domino
1089 3153 1158 3218 Ka·

39 3259 99 3325 rolo
115 3267 148 3327 et
163 3262 351 3329 Beronibus
368 3264 519 3331 ordinate
536 3264 639 3330 mulla
655 3264 824 3330 commoda
840 3269 873 3329 et
888 3263 1060 3345 utilitates,
1075 3283 1158 3345 quas

1 3406 2 3420 ÷
36 3363 209 3436 dannenses
224 3379 258 3436 et
274 3370 433 3436 Dominus
449 3371 572 3455 Padue,
589 3379 622 3438 et
647 3379 785 3454 uterque
810 3374 963 3456 ipsorum,
981 3393 1020 3436 ex
1036 3391 1157 3454 guerra

39 3484 284 3562 consequuntur,
298 3484 336 3543 ut
351 3481 438 3564 ipsas
454 3481 499 3546 eis
519 3480 625 3546 dicere
649 3487 800 3564 possent,
827 3479 1046 3546 concludendo
1062 3486 1093 3544 et
1110 3478 1157 3543 di·

1 3625 2 3630 κ
38 3584 129 3649 cando
145 3586 267 3651 eisdem
282 3584 308 3649 J
308 3585 510 3666 anuensibus,
527 3587 612 3672 quod
630 3609 669 3653 ex
685 3589 755 3653 istis
766 3588 871 3654 causis
888 3588 973 3654 clare
989 3585 1154 3669 videbant,

1 3748 2 3754 ,
38 3695 115 3773 quod
130 3694 286 3760 nolebant
311 3696 567 3762 condescendere
583 3698 625 3762 ad
650 3697 786 3781 aliquid,
811 3696 897 3780 quod
925 3701 1010 3762 esset
1032 3695 1157 3779 justum

1 3851 2 3862 ,
37 3801 80 3866 rel
94 3803 296 3886 rationabile,
312 3825 371 3870 nec
387 3804 428 3868 ad
446 3826 575 3889 pacem3
595 3805 680 3871 unde
696 3807 755 3889 ipsi
767 3804 980 3870 notificabant
996 3805 1051 3885 eie,
1068 3804 1157 3886 quod

1 3959 2 3974 2
37 3907 89 3975 hec
104 3933 168 3977 non
184 3918 257 3978 erat
273 3907 552 3979 intentio'domini
569 3915 680 3998 Regis,
708 3915 786 3996 quia
810 3912 958 3979 dominus
983 3911 1057 3980 Rex
1076 3935 1156 3978 nun·

36 4038 127 4100 quam
146 4018 305 4102 voluerat,
329 4019 393 4084 nisi
409 4019 444 4084 id
469 4020 556 4103 quod
581 4020 665 4086 foret
687 4020 810 4105 justum
836 4027 868 4085 et
894 4021 1108 4100 rationabile3
1125 4027 1158 4086 et

1 4110 2 4155 ³
35 4124 115 4209 quod
131 4135 309 4211 propterea
325 4126 508 4194 volentibus
524 4125 660 4195 Venetis
676 4128 782 4194 facere
799 4149 846 4210 ea,
863 4149 925 4213 que
943 4128 1051 4193 forent
1064 4130 1157 4214 justa

1 4227 2 4233 '
36 4237 297 4317 strationabilia,
314 4239 383 4321 ipse
400 4237 550 4304 dominus
575 4235 647 4303 Rex
672 4258 737 4303 non
763 4243 895 4322 poterat
921 4239 968 4306 eis
994 4239 1157 4321 denegare

1 4325 2 4398 J
34 4363 158 4427 pacem3
173 4353 206 4412 et
220 4345 284 4427 ipsi
300 4345 485 4411 daunenses
501 4352 534 4411 et
559 4345 718 4411 Dominus
746 4344 860 4411 Padue
887 4346 987 4410 etiam
1013 4367 1052 4408 ex
1063 4329 1154 4410 ‘revo-

1 4436 2 4440 ¹
36 4453 136 4518 rentia
151 4453 271 4519 domini
287 4451 393 4536 Regis
418 4452 676 4518 condescendere
701 4453 866 4520 debebant
890 4452 934 4516 ad
959 4474 1090 4536 pacem3
1106 4475 1156 4518 ro·

35 4559 176 4627 ducendo
191 4561 232 4627 ad
250 4562 441 4628 memoriam
457 4560 680 4628 duacensibus
706 4583 842 4648 magnos
867 4560 994 4626 favores
1021 4561 1083 4628 sibi
1098 4563 1156 4627 im-
