3182 5252
595 345 691 447 sese.
1141 373 1204 447 ‘543'

82 534 309 644 binbaxatum,
325 583 425 645 quam
439 563 604 628 mittemus
625 561 817 644 Rugusium,
832 567 870 626 ut
885 560 1008 626 dictum
1024 567 1083 643 est,
1100 562 1205 630 inten-

81 669 184 736 dimus
198 671 329 736 mittere
346 693 419 736 cum
434 671 567 738 barchis
582 691 641 754 pro
658 669 774 735 maiori
789 670 974 735 securitate.
1136 737 1139 744 ,

184 777 249 843 Die
264 777 310 844 X.
327 777 492 846 Octobris.
517 775 669 862 Capta.
696 776 968 863 (Ambaxiatores
983 776 1086 861 Regis
1102 779 1207 846 Fran-

80 884 146 950 ciae
170 905 237 951 non
261 887 453 972 Rugusium,
479 886 537 952 sed
561 887 597 951 in
621 885 826 969 Hungariam
852 907 911 969 per
926 887 1048 952 terram
1065 887 1206 972 vadunt;

80 1009 199 1078 uosque
215 1003 352 1078 rogant,
368 1003 405 1059 ut
419 991 653 1059 Ambaxiatam
674 995 840 1059 mittamus
858 994 1051 1078 Rugusium,
1067 1017 1207 1078 quacum

80 1122 160 1166 unus
175 1123 287 1170 eorum
302 1101 451 1168 Nunoius
466 1103 584 1184 vadat3
608 1124 668 1185 per
687 1124 783 1186 quem
800 1108 912 1186 postea
927 1103 970 1168 ad
986 1110 1098 1188 partes
1112 1105 1207 1170 Ἠιιιι-

79 1211 189 1290 gariae
215 1211 403 1277 notificetur
427 1211 483 1290 eis,
508 1210 589 1294 quid
615 1210 784 1276 obtentum
809 1208 910 1275 fuerit
934 1231 955 1275 a
979 1201 1156 1296 Ruguseis,¹
1173 1221 1207 1280 et

80 1318 186 1382 omnia
210 1340 295 1386 nova
320 1318 447 1384 deinde.
475 1317 558 1384 Cum
584 1326 693 1382 tamen
719 1315 974 1384 Ambaxiatores
1000 1322 1101 1386 nostri
1120 1321 1207 1386 binis

79 1427 143 1489 iam
158 1425 282 1491 vicibus
309 1427 390 1492 nihil
415 1425 618 1491 obtinuerint
635 1447 654 1489 a
671 1423 842 1490 Communi
867 1427 1024 1509 Rugusii5
1041 1447 1107 1494 'nec
1122 1451 1207 1494 nunc

79 1532 283 1616 obtinebunt,
299 1535 327 1598 si
343 1533 531 1598 audiverint
546 1532 710 1616 Ragusini
726 1532 982 1600 Ambaxiatores
992 1536 1208 1618 RegisFran·

78 1644 124 1705 cie
140 1641 239 1706 ivisse
255 1641 289 1705 in
304 1640 532 1724 Hungariam;
556 1647 731 1725 postquam
747 1641 808 1706 hoc
823 1663 887 1706 non
903 1644 1052 1708 convenit
1066 1666 1137 1709 eum
1154 1645 1208 1710 ho·

77 1770 154 1814 nore
169 1748 317 1814 Dominii
335 1773 342 1814 :
358 1754 490 1832 captum
505 1746 583 1833 fuit)
601 1748 688 1830 quud
705 1747 747 1813 ad
758 1749 855 1814 islam
871 1757 997 1832 partem
1013 1754 1208 1835 respondea-

77 1859 139 1938 tur,
153 1855 310 1921 luctando
337 1862 370 1921 et
395 1856 579 1921 excusando
605 1876 663 1920 nos
688 1877 761 1920 eum
787 1857 854 1921 hiis'
867 1865 900 1922 et
915 1857 988 1922 aliis
1010 1858 1128 1940 verbis
1144 1882 1208 1944 que

78 1964 272 2029 ridebuntur
287 1985 348 2047 pro
367 1963 452 2028 bono
468 1962 555 2028 facti.

183 2073 250 2137 Die
266 2071 350 2136 XII.
361 2069 522 2138 Octobris.
539 2071 629 2156 Cap
642 2078 692 2137 ta.
710 2072 982 2160 (Ambaxiatcres
993 2075 1096 2158 Regis
1106 2075 1208 2140 Fran-

82 2181 150 2246 eiae
161 2187 283 2264 rogant
297 2203 366 2262 nos,
381 2188 419 2245 ut
434 2179 494 2246 tali
509 2187 655 2265 tempore
665 2183 832 2247 mittamus
842 2181 1062 2250 Ambaxatam
1078 2185 1121 2250 ad
1137 2207 1210 2269 par-

77 2295 125 2353 tes
140 2289 293 2372 Ragusii,
318 2295 356 2354 ut
382 2311 442 2355 sua
465 2296 499 2354 et
517 2295 631 2356 nostru
646 2288 837 2356 Ambaxata
853 2292 991 2376 Ragusii
1006 2295 1209 2382 conveniant,

77 2398 126 2462 vel
141 2404 179 2462 ut
195 2418 270 2462 cum
296 2398 343 2462 eis
368 2399 537 2462 mittamus
562 2419 662 2462 unum
678 2398 841 2464 Nuncium
857 2406 1005 2466 nostrum
1020 2401 1054 2465 in
1070 2400 1208 2485 Hunga·

76 2506 168 2570 riam.
184 2503 450 2589 Respondentur,
466 2505 555 2588 quod
570 2527 628 2571 nos
644 2507 886 2574 consideremus
906 2508 1106 2592 complacere
1121 2508 1207 2592 Regi

75 2611 226 2697 Francie,
252 2612 339 2678 Duci
365 2615 557 2697 Burgundio
582 2619 615 2679 et
641 2615 828 2682 Bernaboni
847 2617 958 2681 amicis
973 2617 1110 2696 nostris3
1133 2638 1207 2684 eum

75 2727 197 2802 tamen,
223 2721 251 2786 si
279 2721 534 2788 Ambaxiatores
560 2723 593 2787 in
619 2723 796 2806 Hungaria
820 2725 1007 2806 negativam
1023 2724 1207 2807 habuerint,

76 2831 281 2914 experientia
297 2837 381 2896 teste
397 2853 457 2896 nec
472 2830 612 2914 Ragus'ii
628 2832 806 2915 quidquam
822 2835 927 2916 possit
940 2833 1096 2914 obtineri;
1120 2834 1206 2898 utin

74 2957 185 3004 casum
203 2959 267 3020 quo
283 2932 536 3004 Ambaxiatores
552 2940 588 3002 in
605 2939 779 3022 Hungaria
800 2938 928 3005 felicem
944 2939 1068 3006 habent
1083 2961 1206 3006 success

75 3065 155 3129 sum,
172 3045 207 3111 id
223 3044 383 3114 Venetiae
399 3047 585 3126 notificent3
610 3053 641 3112 et
651 3055 729 3112 tunc
739 3045 1010 3114 Ambaxiatorem
1021 3048 1204 3131 Ragusium

75 3175 144 3219 esse
159 3153 382 3238 mittendum).
407 3155 453 3220 Et
479 3156 517 3218 si'
533 3155 612 3218 dicti
639 3155 894 3222 Ambaxiatores
919 3155 1065 3223 dicerent
1079 3157 1148 3221 alia
1163 3154 1203 3221 de

74 3283 156 3326 noro
173 3261 260 3326 circa
280 3261 369 3326 istud
394 3260 529 3342 factum,
556 3263 641 3345 quod
669 3260 851 3345 Collegium
875 3261 996 3327 habeat
1019 3262 1204 3328 libertatem

73 3391 132 3452 pro
149 3390 215 3433 non
231 3369 400 3451 fatigando
426 3369 515 3434 istud
544 3369 724 3435 Consilium
748 3368 967 3452 respondendi
983 3376 1017 3434 et
1031 3369 1133 3436 dandi
1157 3370 1203 3434 eis

74 3478 325 3562 expeditionem,
341 3478 425 3540 sicut
443 3478 603 3544 videbitur
620 3475 768 3560 Collegio
785 3479 835 3542 vel
851 3479 966 3543 maiori
982 3478 1082 3560 parti.

183 3583 248 3648 Die
273 3583 358 3649 XX.
385 3582 545 3650 Octobris.
577 3583 729 3668 Capta.
763 3584 1072 3668 (Ambaxiatoribus
1102 3585 1205 3669 Regis

75 3693 248 3772 Franciae,
264 3693 319 3775 qui
345 3691 497 3758 dixerunt
513 3715 546 3757 se
564 3693 685 3759 habere
702 3695 742 3758 de
758 3695 864 3781 novo),
879 3695 1023 3778 qualiter
1037 3714 1096 3779 per
1112 3692 1204 3760 Sere·

74 3803 242 3866 nissimum
267 3801 432 3866 dominum
456 3802 579 3884 Regem
611 3802 750 3868 Francie
784 3803 905 3886 scripte
938 3802 1069 3890 fuerunt
1094 3801 1204 3868 littere

74 3909 206 3976 domine
231 3909 357 3993 Regius
383 3910 555 3994 Hungarie
581 3931 641 3994 pro
657 3910 851 3976 liberatione
866 3909 999 3976 illorum
1014 3911 1155 3977 militum
1171 3917 1204 3976 et

73 4019 234 4085 nobilium
251 4019 460 4084 detentorum
474 4020 508 4084 in
524 4008 690 4104 Rugusio,
714 4025 746 4084 et
761 4019 849 4104 quod
875 4018 1092 4086 serenissima
1104 4019 1206 4085 domi-

73 4149 115 4192 na
131 4127 262 4210 Regina
277 4127 451 4210 Hungarie
477 4128 626 4212 promisit
638 4115 683 4192 ¹de
699 4125 881 4208 scribendo,
896 4133 930 4192 et
943 4128 1009 4193 iam
1025 4127 1156 4210 scripsit
1171 4127 1205 4192 in

73 4236 206 4301 elficace
232 4234 337 4300 forma
361 4237 536 4319 Raguaeis
551 4258 610 4321 pro
635 4235 835 4303 relaxatione
859 4235 1017 4302 nobilium
1042 4233 1205 4319 predicto,

72 4347 165 4425 rum3
189 4351 222 4410 et
248 4343 334 4427 quod
359 4367 425 4428 prox
445 4346 509 4409 ista
525 4367 623 4410 causa
639 4345 701 4429 ipsi
718 4345 839 4411 domini
855 4343 1109 4420 Ambaxiatores
1126 4343 1205 4408 deli·

73 4451 272 4518 beraierunt
289 4451 329 4517 de
345 4451 585 4536 supersedendo
610 4475 683 4537 pro.
697 4452 804 4540 modo,
821 4458 853 4522 et
868 4451 1085 4528 demittendo
1100 4451 1205 4546 solum

72 4572 174 4625 unum
187 4581 284 4626 suum
298 4559 527 4626 Nunciumnd
540 4563 827 4646 purtesltag‘usii,
851 4567 885 4625 et
898 4567 1027 4644 rogent,
1043 4560 1128 4644 quod
1145 4547 1204 4628 nos
