3190 5252
404 377 470 439 490
759 379 993 436 urenouscz'rsr
1010 378 1178 436 nursnnnn.

404 554 512 640 gratia
530 552 589 618 sub
606 573 690 636 pena
707 551 899 618 ducatorum
915 557 1042 616 centum
1068 573 1128 635 pro
1155 549 1302 635 quolibet
1328 559 1456 635 ponente
1469 551 1506 616 rel

406 660 626 729 consentiente
651 666 780 744 partem
805 659 838 725 in
857 660 1076 740 eontrarium3
1094 665 1127 724 et
1142 659 1219 743 illis,
1234 661 1289 743 qui
1307 665 1457 743 ponerent
1470 658 1508 722 rel

407 768 631 836 consentirent
647 773 775 852 partem
791 767 840 833 rel
856 770 999 851 gratiam
1019 773 1131 833 contra
1158 765 1228 848 hoc,
1243 789 1308 834 non
1336 769 1433 852 possit
1452 766 1509 832 fieri

406 880 515 962 gratia
531 878 570 944 de
586 899 670 961 pena
685 875 752 942 ullo
769 874 865 942 modo
891 897 994 960 usque
1019 876 1052 940 in
1078 875 1241 942 infinitum
1267 876 1327 941 sub
1351 898 1431 959 pena
1451 896 1508 957 pre·

406 988 493 1053 dicta
509 987 703 1053 ducatorum
718 991 846 1052 centum
862 1004 922 1069 pro
938 984 1085 1068 quolibet
1100 991 1241 1069 ponente
1252 985 1302 1050 vel
1312 985 1509 1051 consentiente

404 1103 532 1180 partem
548 1095 582 1160 in
598 1093 806 1160 contrarium.

406 1243 441 1303 (Δ
456 1239 565 1290 ›Muri‹
580 1238 669 1290 czimd
682 1238 819 1288 veleuozei
833 1237 1058 1303 uillamkdnyvbdl
1071 1237 1217 1289 XXXVII.
1241 1239 1383 1290 kdtetdbdl
1406 1241 1460 1288 252.
1479 1237 1510 1285 sk.

730 1328 757 1378 ll.
771 1329 800 1378 es
814 1328 971 1379 xxxvm.
986 1327 1128 1378 ktitattbdl
1143 1333 1166 1378 3.
1182 1330 1211 1390 l.)

892 1528 1051 1538 --—-—-

411 1855 555 1943 Mopyar·
570 1855 743 1921 durescant
758 1857 829 1919 III.
848 1855 972 1943 Kdroly
996 1855 1124 1921 sicilici
1148 1857 1260 1942 loirdly
1287 1854 1514 1944 azolqcilutddun.
1575 1841 1576 1850 ¹

930 1964 1024 2030 1383.

522 2123 591 2190 Nos
616 2123 765 2189 Kerolus
791 2122 923 2189 Tertius
953 2122 1014 2189 stb.
1046 2123 1244 2189 Franciscus
1270 2123 1406 2189 Dentice
1431 2122 1515 2185 dictus

412 2231 608 2298 Naccarella
623 2231 663 2297 de
680 2233 822 2315 Neapoli
838 2232 940 2314 miles,
956 2231 1063 2314 Regni
1080 2233 1184 2298 nostri
1197 2231 1309 2298 Sicilie
1322 2228 1514 2296 Mareseallus

413 2341 578 2424 nostrique
595 2341 725 2424 hospitij
744 2336 1185 2420 Senascallus,Oonsiliarius
1201 2347 1234 2406 et
1249 2339 1356 2405 fidelis
1369 2345 1468 2405 noster
1480 2333 1514 2398 di·

412 2449 517 2514 lectus
534 2447 661 2514 confert
676 2469 711 2513 se
727 2446 970 2532 presentialiter
986 2446 1028 2512 ad
1043 2447 1166 2531 Apulie
1193 2455 1393 2534 partescum
1417 2442 1515 2512 lanceis

415 2561 543 2621 centum
561 2557 799 2644 quinquaginta
820 2562 894 2623 octo
905 2554 1114 2639 Vngarorum
1124 2555 1325 2622 militaturus
1335 2555 1449 2623 ibidem
1460 2570 1516 2618 cun

416 2664 539 2730 lanceis
556 2665 636 2748 ipsis
658 2687 759 2748 usque
785 2664 828 2730 ad
853 2669 1000 2730 nostrum
1017 2664 1257 2749 beneplacitum
1282 2664 1343 2730 stb.
1369 2663 1431 2749 (De
1453 2658 1518 2726 solu·

414 2774 504 2838 tione
521 2773 665 2856 ipsorum
682 2773 928 2856 armigerorum.
947 2777 1041 2839 lasa.
1053 2782 1082 2842 6.
1098 2771 1276 2860 Januarij.)

417 2917 452 2978 (n
475 2919 613 2984 »aspen-r
627 2917 777 2983 engiens«
792 2921 853 2969 asa.
867 2935 904 2970 ει.
918 2935 943 2970 a.
958 2919 1103 2970 rstesssor
1125 2921 1194 2986 aeg.
1208 2920 1300 2970 caron
1313 2922 1365 2970 111.
1382 2924 1436 2970 roa
1449 2918 1479 2976 r;
1494 2924 1517 2961 az
1573 2883 1575 2918 ⁷

739 3011 814 3059 olasz
828 3009 881 3060 kir.
895 3010 1009 3076 nipolyi
1023 3011 1218 3074 revellerban.)
1573 3007 1575 3020 ’

900 3209 1061 3217 *—

946 3394 1019 3454 258.

418 3553 488 3617 ΙΙΙ.
506 3553 634 3638 Kdroly
650 3553 777 3617 sicilici
792 3553 974 3638 kircilpnolo
994 3554 1182 3639 adomdnya
1199 3577 1220 3618 o
1236 3538 1518 3638 Mapyarorszopd

542 3662 605 3725 cele
620 3663 679 3744 io'tt
695 3662 877 3727 lcamordsa
896 3662 974 3726 Kisa
992 3661 1133 3726 Ferencz
1149 3665 1311 3726 azdmdro.
1332 3663 1425 3725 1383.

528 3821 598 3888 Nos
614 3821 761 3887 liarolus
778 3821 910 3888 Tertius
926 3821 987 3887 stb.
1004 3819 1135 3886 Nobilis
1165 3821 1214 3885 vir
1239 3819 1437 3886 Franciscus
1456 3812 1519 3879 filils

420 3931 513 3997 Petri
532 3931 668 3996 Martini
696 3930 800 3995 dictus
825 3927 1059 3995 Chisfloreutia
1087 3928 1182 4012 (Kisa
1208 3927 1366 4013 Ferenoz)
1390 3927 1516 4007 Vngarut
1572 4003 1574 4012 A

422 4039 617 4104 Persectarie
634 4044 746 4105 nostre
762 4039 965 4124 Prepositus‚
975 4034 1227 4120 Cambollamus‚
1241 4037 1414 4103 familiaris
1428 4040 1457 4099 et
1465 4027 1498 4093 fid
1509 4061 1519 4078 κ·

421 4149 460 4213 lis
476 4146 623 4228 dilectus,
639 4169 698 4231 pro
714 4149 818 4230 gratis
834 4154 868 4213 et
892 4148 1035 4231 acceptis
1050 4147 1190 4231 servitijs
1214 4168 1274 4231 per
1289 4168 1364 4211 eum
1379 4131 1519 4226 Majestati

422 4257 543 4324 Nostro
560 4255 701 4322 fideliter
717 4257 866 4340 prestitis
882 4255 915 4320 in
932 4275 1126 4339 quocunque
1142 4276 1251 4320 rerum
1267 4253 1406 4335 turbine,
1420 4245 1520 4332 cupiens
1573 4255 1574 4268 ¹

422 4367 456 4431 in
473 4373 630 4449 quantum
647 4365 680 4429 in
696 4386 734 4430 eo
750 4365 814 4429 luit
830 4371 863 4430 et
880 4369 930 4431 est
945 4365 1092 4430 exaltare
1118 4363 1321 4429 conditiones
1338 4369 1463 4438 nostras,
1482 4371 1518 4415 ευ·
1573 4371 1574 4380 ’

423 4473 551 4539 beundo
568 4471 778 4539 difficultates
794 4480 826 4536 et
842 4472 988 4558 pondera
1005 4494 1043 4538 ac
1063 4471 1209 4556 pericula
1233 4469 1395 4554 intrepide
1418 4469 1447 4531 et
1466 4476 1520 4524 oon·

424 4585 549 4647 stanter
564 4587 624 4647 etc.
655 4579 769 4666 (habet
786 4603 859 4647 cum
875 4580 1049 4648 heredibus
1066 4583 1131 4649 suis
1157 4579 1312 4646 Castrum
1339 4575 1519 4654 Ciritequaue
1572 4607 1573 4680 ἐ
