3134 5254
449 437 514 502 324
808 445 1044 495 ιιιιιιοιιιιιιιιιι
1061 434 1229 492 aurnuns.

449 613 530 697 quid
548 612 647 692 aliud,
658 614 768 695 posset
779 605 1013 674 Celsitudinem
1031 604 1320 673 Nostramarecto
1338 604 1554 673 tramitederi

449 744 503 801 re;
528 729 560 786 et
576 720 604 784 si
619 717 734 804 procul
746 718 787 784 ab
797 715 897 781 oculis
913 714 1034 780 nostris
1050 713 1139 796 estis,
1155 736 1326 799 nunquam
1341 714 1458 800 procul
1469 712 1550 779 eritis

448 829 577 895 lumine
594 825 711 892 mentis
727 829 846 889 nostre.
863 821 1026 905 Dispositi
1041 822 1127 888 enim
1143 843 1253 888 sumus
1263 829 1297 887 et
1306 825 1428 889 erimus
1440 820 1512 888 Oou
1527 852 1539 879 ιι
1552 852 1554 871 ι

451 938 591 1002 nitatem
606 933 775 1000 Florentie
792 936 944 1012 rostram,
970 936 1003 994 et
1028 932 1187 1014 populum
1202 932 1306 1016 ipsius
1322 951 1514 1017 preservare
1536 960 1547 985 ιι
1564 960 1565 965 ’

453 1044 615 1126 singulari
639 1042 735 1108 domo
761 1047 794 1106 et
817 1039 954 1123 refugio,
976 1040 1142 1105 imitantes
1169 1044 1420 1124 progenitorum
1446 1038 1566 1115 vesti<

452 1149 703 1235 Respondentes
728 1155 837 1214 autem
854 1145 897 1212 ad
921 1148 1035 1230 petita,
1060 1148 1282 1230 significamus
1307 1150 1451 1214 amicitie

454 1260 544 1343 quod
576 1259 689 1323 statim
715 1255 887 1322 scribimus
911 1255 974 1338 ipsi
1006 1253 1136 1322 domino
1168 1254 1298 1341 Oarolo,
1324 1279 1365 1322 ac
1394 1256 1563 1322 mandam

452 1365 641 1434 Batonibus
658 1365 795 1446 nostris;
819 1364 908 1448 quod
925 1365 953 1429 si
970 1365 1143 1447 contingat
1158 1366 1262 1449 ipsum
1288 1364 1372 1432 velle
1388 1365 1531 1431 transire
1548 1406 1567 1419 ι

455 1477 599 1542 subsidia
614 1475 717 1558 ipsius
733 1473 865 1539 domino
882 1471 986 1556 Pape,
1002 1472 1053 1538 vel
1062 1472 1180 1556 redire,
1198 1473 1303 1540 faeiat
1317 1474 1403 1540 illud
1419 1475 1494 1556 iter,
1504 1495 1553 1556 qu·

455 1589 580 1649 vosmet
595 1582 752 1648 duxeritis
769 1580 954 1647 faciendum
978 1602 1039 1665 pro
1065 1583 1223 1649 securiori
1240 1589 1332 1649 statu
1357 1591 1478 1649 uestro.
1494 1579 1567 1646 Οιι

455 1692 568 1758 fratris
583 1692 685 1755 nostri
702 1690 790 1754 facta
805 1689 958 1774 prosequi
974 1689 1081 1754 velitis
1097 1688 1262 1757 favoribus
1278 1692 1413 1772 nostris,
1428 1698 1527 1775 prout
1539 1711 1567 1754 ιι

456 1802 554 1868 dubie
570 1800 609 1865 de
625 1800 716 1866 vobis
733 1820 909 1884 speramus.
926 1799 1016 1865 Data
1032 1797 1120 1884 Zolij
1139 1799 1244 1867 XXI.
1255 1801 1309 1867 die
1318 1802 1444 1868 mensis
1455 1799 1566 1885 predi

457 1908 652 1975 Novembris
676 1904 1033 1976 MOOOLXXVHII.

567 2017 668 2083 Kivat
684 2041 695 2080 :
711 2014 886 2082 Nobilibus
896 2021 929 2081 et
939 2016 1141 2100 sapientibus
1160 2017 1247 2099 viris,
1265 2018 1444 2085 Prioribus
1462 2017 1565 2083 Arno

458 2123 650 2192 Vexillifero
666 2121 809 2207 Justitie,
836 2123 962 2208 Populo
989 2130 1022 2189 et
1048 2124 1222 2190 Communi
1249 2123 1405 2192 Civitatis
1421 2128 1561 2192 Florem

459 2232 572 2298 amicis
589 2229 707 2294 nostris
723 2230 915 2296 karissimis.

720 2376 859 2440 (Eredetie
873 2391 889 2426 a
902 2378 1031 2429 florenoai
1044 2392 1120 2444 nagy
1132 2379 1331 2444 levermrmn.)

947 2540 1108 2550 *ιι-ι-

586 2827 734 2918 Bolopaa
751 2831 917 2896 vurosnat
934 2853 956 2894 a
965 2830 1123 2918 florescat
1137 2833 1362 2922 lctiztdrrasdp.
1382 2836 1481 2903 1379.

679 2990 948 3058 Bononiensibus.

571 3096 708 3165 Fratres
723 3098 899 3164 karissimi.
917 3098 1010 3165 Sicut
1026 3102 1285 3184 sapientissimus
1305 3106 1365 3188 rir,
1394 3114 1430 3174 et
1456 3103 1556 3192 egr‘

464 3205 572 3291 legum
590 3207 712 3290 doctor,
728 3213 827 3290 atque
842 3214 950 3288 vestre
960 3208 1193 3277 Fraternitatis
1204 3211 1333 3280 Orator
1344 3215 1500 3282 dominus
1513 3213 1563 3289 U.

465 3317 552 3382 linus
569 3315 608 3379 de
634 3313 772 3400 Scappis
789 3315 1038 3399 prudentissime
1066 3319 1161 3385 nobis
1178 3323 1352 3404 suggessit,
1379 3325 1548 3390 οιᾱὶιιιι’

469 3423 613 3488 scribere
645 3421 858 3489 Serenissime
885 3423 1057 3507 Majestati
1084 3426 1224 3492 dominis
1249 3427 1354 3511 Regis
1381 3429 1541 3516 Ungarie,

469 3531 567 3596 etiam
583 3530 812 3597 Illustrissimo
830 3532 981 3616 Principi
999 3534 1128 3600 domino
1146 3535 1275 3602 Karolo
1302 3537 1344 3604 de
1364 3539 1536 3624 Dyracbio

468 3659 526 3722 per
541 3640 680 3705 materia
695 3645 860 3706 tractatus
875 3641 983 3708 habiti
998 3648 1114 3710 eontra
1130 3653 1277 3712 nostrum
1300 3643 1444 3714 Statum
1460 3671 1517 3736 per
1534 3664 1561 3724 22

468 3746 627 3828 tosillas,
652 3769 715 3831 que
739 3748 891 3814 uidentur
917 3749 978 3816 sub
1002 3751 1175 3834 splendore
1201 3755 1250 3819 sui
1276 3759 1427 3823 nominis
1458 3759 1523 3826 mili
1543 3786 1555 3812 ι

471 3853 521 3918 De
551 3853 737 3920 litterarum
768 3880 843 3924 vero
874 3859 1158 3944 concipiendorum
1181 3858 1300 3930 effectu
1324 3872 1358 3931 et
1388 3889 1452 3934 ros
1478 3875 1510 3934 et
1532 3872 1553 3925 t

469 3967 575 4026 torem
595 3961 757 4044 prelatum
782 3964 1030 4036 informabimus
1064 3970 1254 4054 luculenter,
1280 3979 1312 4039 et
1339 3980 1492 4061 nuntius,
1516 3999 1545 4062 q³

470 4069 646 4151 mittemus,
672 4073 699 4136 si
724 4073 802 4155 quid
827 4075 970 4142 scribere
995 4077 1217 4165 decreveritis,
1232 4087 1358 4148 vestras
1375 4086 1521 4154 etiamli
1541 4112 1551 4139 ·'

470 4176 592 4258 poterit
606 4186 807 4260 presentare.
825 4181 1070 4253 Solicitabimus
1086 4189 1219 4274 insuper
1231 4187 1399 4260 Oratores
1416 4197 1544 4274 electos,
1566 4256 1567 4263 ,

471 4283 514 4348 ad
530 4289 635 4351 vestre
651 4286 870 4358 fraternitatis
897 4297 1095 4377 presentiam
1119 4300 1294 4381 venientes,
1319 4308 1541 4373 communica¹

471 4389 571 4473 vobis,
601 4394 756 4477 quicquid
787 4398 964 4468 habuerint
995 4405 1029 4469 in
1060 4407 1235 4474 mandatis.
1267 4406 1429 4480 Ceterum
1446 4415 1567 4485 Joha=

472 4493 624 4581 Amerigi
641 4500 764 4568 Orator
779 4514 891 4574 noster
906 4511 994 4593 apud
1011 4533 1070 4579 vos
1090 4522 1141 4581 est
1167 4537 1234 4581 non
1249 4517 1319 4583 sine
1335 4541 1448 4604 parvo
1463 4545 1546 4609 pen»

473 4610 610 4688 propter
626 4612 902 4693 conspirationem
918 4621 950 4682 et
966 4621 1148 4703 nequitiam
1165 4623 1360 4713 emulorum,
1377 4637 1414 4697 et
1429 4631 1472 4698 ob
1495 4632 1527 4698 id
