3226 5258
391 327 432 390 20
744 338 982 389 uinnouacarar
1000 324 1166 388 aniciana.
1187 311 1191 316 ’

390 504 430 570 dc
445 503 574 570 damnis
590 503 652 569 sibi
669 503 771 569 illatis
787 523 845 586 per
856 502 962 568 dictas
977 501 1116 566 barabas
1134 502 1203 567 siue
1219 500 1344 581 scaber,
1359 505 1394 566 et
1410 519 1507 566 secun·

388 613 465 679 dum
490 609 756 677 informacionem
781 631 880 694 quam
907 608 1067 693 habuerit,
1092 616 1245 694 procuret
1269 608 1390 674 habere
1416 630 1509 675 emen·
1601 616 1604 619 “

390 719 515 786 damet
532 718 789 785 satisfaccionem
815 718 1007 785 damnorum
1033 717 1252 802 predictorum
1283 716 1324 783 ab
1349 717 1425 796 illis,
1441 737 1510 800 quc·

387 848 460 894 rum
486 828 521 892 in
545 826 626 892 locis
650 825 738 892 dicte
764 825 860 892 scabe
877 847 933 892 seu
950 825 1071 892 barche
1097 831 1222 894 armate
1238 823 1368 908 fuerint,
1384 831 1417 890 et
1433 825 1510 907 qnod

387 933 428 1001 de
445 939 552 1000 cetero
568 934 637 1018 ipse
653 955 711 1000 seu
726 934 792 999 alia
807 933 943 1016 nauigia
956 954 1022 999 non
1033 939 1199 1000 armentur
1214 934 1265 998 vel
1283 937 1370 998 stent
1385 931 1420 997 in
1434 931 1511 998 mari
1612 1014 1613 1027 χ

387 1043 421 1107 in
437 1043 503 1108 illis
518 1043 671 1126 partibus
695 1041 738 1108 ad
764 1041 917 1108 damnum
935 1042 1127 1125 aliquorum.
1145 1039 1243 1126 Quod
1259 1041 1286 1107 si
1301 1039 1424 1124 poterit
1438 1039 1513 1104 obti·
1606 1074 1607 1077 =

387 1171 473 1233 nere,
497 1150 579 1217 bens
604 1150 754 1233 quidem3
777 1149 924 1234 alioquin
949 1149 1149 1216 intromittat
1173 1156 1206 1215 et
1233 1147 1427 1230 damnificet,
1447 1169 1510 1213 cum

388 1257 565 1323 securitate
581 1264 689 1324 tamma
714 1259 883 1342 galearum
899 1265 933 1324 et
949 1259 1057 1342 gentis
1082 1262 1192 1324 nostre
1209 1257 1271 1324 sibi
1287 1257 1463 1337 commisse,
1477 1255 1513 1320 de

387 1364 508 1432 hauere
533 1362 671 1449 illorum,
697 1365 730 1430 in
756 1388 896 1450 quorum
921 1365 1003 1432 locis
1029 1373 1155 1432 armate
1184 1365 1307 1431 fuerint
1321 1365 1408 1431 dicte
1425 1363 1513 1430 scobe

388 1494 445 1539 seu
459 1473 590 1554 barche,
615 1481 649 1540 et
673 1473 791 1540 civium
808 1474 1061 1541 atsubditorum
1086 1493 1226 1554 suorum,
1242 1493 1343 1557 vsque
1359 1473 1515 1555 integram

389 1581 586 1647 solucionem
601 1587 635 1646 et
650 1579 914 1648 satisfaccionem
931 1581 1125 1647 damnorum
1140 1581 1369 1667 predictorum.
1389 1577 1514 1645 Verum

388 1689 417 1753 si
433 1689 466 1754 in
482 1690 533 1754 via
549 1708 609 1755 sua
634 1688 798 1754 inuenerit
823 1688 953 1772 aliquas
979 1711 1018 1754 ex
1044 1688 1142 1754 dictis
1168 1687 1274 1754 scabis
1291 1688 1361 1753 siue
1376 1687 1515 1766 barchis,

389 1816 452 1880 que
468 1799 597 1861 starent
611 1793 655 1860 ad
668 1795 823 1862 damnum
833 1796 1030 1880 aliquorum,
1040 1797 1130 1880 ipsas
1141 1797 1349 1877 intromittat,
1360 1796 1515 1862 servando

388 1902 527 1968 formam
543 1921 600 1967 sue
615 1902 856 1967 commissionis.
873 1903 920 1968 Et
935 1903 997 1968 hoc
1007 1903 1110 1968 eciam
1121 1904 1345 1970 committatur
1362 1925 1414 1968 ser
1430 1902 1517 1969 Mar-

388 2030 426 2075 co
443 2008 625 2075 Arimondo
642 2007 864 2093 Supracomiti
890 2007 1018 2095 Oulphi,
1034 2010 1089 2095 qui
1106 2011 1140 2075 in
1155 2010 1208 2075 via
1223 2031 1284 2075 sua
1308 2009 1470 2091 obseruet‚
1484 2016 1515 2073 vt

312 2143 314 2149 ’
389 2117 510 2183 dictum
528 2123 594 2198 est;
611 2138 682 2182 cum
700 2117 875 2183 securitate
884 2123 994 2183 tamen
1004 2118 1097 2200 galee
1107 2122 1141 2183 et
1150 2121 1256 2201 gentis
1268 2119 1330 2184 sibi
1341 2120 1508 2184 commisse

464 2263 501 2326 (A
516 2263 623 2313 »Misti«
639 2263 728 2314 caimtt
741 2263 880 2314 velencaei
892 2263 1119 2327 allamkttnyvbttl
1133 2263 1263 2315 XXXIV.
1275 2264 1354 2316 ktttet
1366 2271 1391 2316 6.
1405 2265 1435 2328 l.)

933 2572 982 2634 17.

572 2729 777 2798 Veleacatnek
793 2732 994 2798 corocottae
1014 2729 1212 2800 Cattorocal.
1239 2735 1334 2799 1372.

497 2886 597 2956 Anno
622 2889 907 2958 MOODLXXH.
933 2889 986 2956 die
1010 2890 1152 2958 XXHL
1168 2891 1296 2960 Marcii.
1319 2891 1397 2984 (Ser
1412 2891 1520 2960 Paulo

390 2997 539 3082 Quirino,
555 2998 611 3081 qui
626 3018 736 3063 versus
762 2997 919 3066 Oatarum
945 2999 1052 3085 misit)
1069 3006 1191 3066 certam
1207 3002 1426 3085 quantitatem
1441 3022 1521 3086 pau·

389 3125 505 3172 norum
521 3127 594 3174 cum
611 3104 781 3173 ordinibus
806 3113 901 3190 terre,
918 3113 951 3172 et
967 3109 1145 3174 casualiter
1163 3109 1265 3193 aliqui
1281 3129 1393 3175 eorum
1410 3109 1523 3176 balne-

389 3214 435 3279 ati
451 3220 535 3296 sunt,
551 3214 667 3279 taliter
682 3214 771 3298 quod
787 3221 927 3298 oportet,
942 3221 978 3280 vt
992 3216 1109 3298 viginti
1126 3238 1166 3282 ex
1182 3219 1228 3284 eis
1245 3215 1405 3285 Veuecias
1424 3219 1523 3284 redu-

388 3325 505 3387 cantur
531 3341 591 3405 pro
616 3319 779 3405 aptando;
803 3319 1015 3407 (conceditur,
1040 3330 1078 3390 ut
1096 3322 1197 3391 libere
1214 3344 1268 3390 eos
1284 3326 1390 3409 possit
1406 3325 1522 3392 reduci

390 3428 509 3509 lacere,
525 3434 559 3494 et
574 3428 675 3495 libore
691 3426 766 3493 dein
782 3428 961 3513 extrahere,
974 3430 1118 3514 jurando
1134 3432 1263 3498 eosdem
1274 3454 1353 3516 esse,
1364 3435 1421 3518 qui
1437 3435 1525 3500 alias

390 3535 529 3600 extracti
547 3534 702 3620 fuerunt.)

473 3681 509 3743 (A
524 3681 633 3732 »nisti«
649 3681 739 3734 czimtt
751 3684 891 3736 velenczci
904 3685 1132 3750 altamkcnyvbot
1146 3686 1275 3739 XXXIV.
1289 3687 1346 3739 lot.
1362 3693 1387 3738 7.
1400 3689 1430 3750 l.)

918 3965 979 4056 rs.

389 4148 451 4213 XI.
477 4148 615 4236 Gerqely
639 4155 730 4238 pcipe
755 4153 985 4240 iiriimttfejazi
1009 4154 1044 4219 kt
1075 4153 1137 4220 IV.
1165 4155 1292 4242 Karoly
1307 4158 1534 4238 esdram-nale,

420 4257 500 4342 kopp
517 4257 542 4320 Ι.
560 4257 659 4342 Lajos
673 4283 812 4348 maqyar
828 4263 861 4326 c‘s
877 4263 998 4350 leavqyel
1016 4261 1363 4350 ttratytyalktbttala
1384 4269 1484 4334 1372.

498 4413 677 4500 Gregorius
702 4421 884 4505 Episcopus
909 4427 970 4489 etc.
986 4425 1155 4490 carissimo
1172 4425 1205 4490 in
1222 4422 1355 4491 Christo
1372 4425 1440 4491 filio
1458 4422 1537 4491 Oa-

392 4521 463 4588 rolo
488 4522 710 4592 Romanorum
736 4529 932 4613 imperatori
958 4529 1095 4617 Semper
1120 4530 1275 4614 Augusto
1300 4531 1442 4598 salutem
1458 4539 1538 4599 etc.
