3214 5250
411 408 476 486 696
709 469 712 476 .
766 415 1182 487 ornuounczrniuunirnnn.

412 599 561 666 oabiliter
572 607 718 665 tractare
727 601 848 665 amicos
858 600 955 684 liujus
966 597 1165 680 Communis,
1178 605 1212 664 ct
1221 600 1355 664 insita-nr
1367 598 1455 662 uobis
1465 617 1520 662 cor·

413 708 446 774 di
459 709 631 790 vobiscum,
642 709 835 774 charitatem
852 709 1021 776 nobiscum
1033 710 1231 792 reciprocam
1244 708 1422 773 confovere.
1432 706 1521 788 Super
1584 789 1586 804 4

415 817 533 900 quibus
544 818 698 899 expositis
709 817 871 884 Fraterno
881 825 975 902 parte
987 815 1109 882 Vestra
1119 817 1211 882 uobis
1222 813 1523 900 respondimusulit·

414 947 476 1009 que
489 931 523 991 et
534 928 668 1010 iusuper
678 925 765 992 dicto
777 925 1043 992 serBoniohanni
1053 925 1231 1010 adjecimus
1241 932 1338 1009 parte
1349 931 1524 1006 nostraque
1585 921 1586 938 ²

413 1034 565 1100 hincinde
582 1041 780 1100 concernunt
805 1056 970 1100 amoream
997 1055 1117 1117 pacem,
1138 1033 1342 1098 fructiferam
1359 1031 1524 1115 tranquilli·
1585 1019 1586 1024 ¹

412 1149 515 1210 tatem
541 1150 578 1209 et'
600 1146 799 1210 incrementa
815 1143 970 1210 Statuum
995 1150 1217 1226 utrorumque,
1242 1147 1341 1227 prout
1362 1142 1524 1226 sepedictus

413 1251 643 1328 Boniohannes
660 1261 768 1319 nostre
785 1255 910 1319 sincere
931 1252 1151 1336 dispositionis
1176 1251 1313 1317 edoctus
1329 1253 1467 1316 recitare
1482 1271 1526 1332 po

413 1361 490 1426 terit
507 1359 728 1443 Magnitudini
755 1361 882 1429 Vestre.
900 1359 963 1425 Cui
987 1366 1121 1442 paratos
1138 1359 1304 1425 offerimus
1330 1381 1390 1424 nos
1406 1361 1438 1424 in
1453 1362 1524 1420 rota

414 1465 504 1532 Date
520 1465 631 1533 danue
649 1466 1001 1538 MCCOLXXXVII.
1018 1466 1070 1533 die
1086 1467 1164 1537 XV.
1181 1467 1320 1553 Aprilis.

415 1611 449 1676 (A
466 1613 568 1676 »Copia
581 1613 614 1662 de
628 1613 868 1664 Commemoriali«
885 1613 977 1665 ezimu
990 1615 1127 1664 velenczei
1151 1613 1332 1677 allamkonyv
1346 1611 1424 1662 vin.
1437 1609 1527 1662 tolete·

901 1709 948 1756 bol
962 1711 1021 1756 294.
1035 1708 1064 1766 l.)

945 2031 1019 2095 359.

412 2185 664 2256 Ldezldeicilioi
684 2191 807 2278 kirdly,
824 2191 914 2278 alpia
933 2193 979 2256 II.
997 2191 1123 2280 Kriroly
1142 2216 1284 2280 mappas·
1303 2193 1335 2258 e's
1351 2195 1475 2260 sicilici
1488 2191 1528 2256 ll

414 2301 492 2386 ra‘ly
507 2299 620 2364 halalo
633 2305 723 2382 versa,
735 2298 840 2366 Orien·
856 2303 1018 2366 veiroenuls
1035 2302 1183 2388 nsepirja‚
1203 2305 1286 2389 lroyy
1301 2330 1321 2368 o
1339 2329 1477 2392 mupyur
1489 2303 1528 2367 li·

700 2409 790 2496 rdlpi
805 2411 989 2496 mdltdedpot
996 2411 1136 2497 felvette.
1162 2413 1259 2475 1387.

521 2564 698 2634 Ladisleus
723 2576 782 2635 etc.
808 2567 970 2635 nobilibus
996 2570 1074 2635 viris
1100 2567 1283 2637 homiuibus
1309 2571 1448 2639 Consilii
1463 2565 1529 2636 Vui-

413 2678 581 2744 uersitatis
598 2676 752 2744 ciuitatis
770 2677 930 2743 Theatine
956 2677 1106 2745 fidelibus
1127 2680 1249 2744 nostris
1267 2680 1404 2746 dilectis,
1421 2675 1529 2747 Incerti
1585 2767 1586 2770 Ἴ

413 2783 568 2850 hactenus
579 2786 665 2851 inter
676 2807 765 2870 spem
776 2793 962 2872 metumque
979 2787 1068 2872 dubij
1085 2803 1314 2871 manseramus,
1325 2791 1479 2872 quidnam
1493 2787 1529 2851 rei

413 2889 500 2956 soret
515 2893 556 2957 de
571 2895 639 2960 vita
665 2917 706 2959 an
733 2897 869 2960 interitu
900 2895 973 2960 diue
990 2897 1142 2962 memorie
1158 2895 1278 2962 domini
1295 2895 1448 2983 K(aroli)
1464 2897 1529 2961 Ter·
1585 2905 1586 2910 ’

412 2999 452 3082 cij
470 2998 689 3066 Illustrissimi
713 3002 895 3086 Hungarie,
920 3003 1109 3070 Jerusalem
1125 3011 1158 3070 et
1175 3003 1283 3071 Sicilie
1299 3005 1417 3090 Regis,
1441 3003 1529 3071 nostri

411 3106 514 3172 incliti
524 3111 682 3194 genitoris
692 3110 754 3176 huo
766 3133 886 3196 usque;
909 3119 942 3178 et
952 3115 1105 3196 quoniam
1115 3121 1164 3179 tot
1174 3114 1302 3180 dissone
1312 3114 1406 3182 suere
1422 3122 1530 3182 seuten-

412 3215 469 3300 oie,
486 3223 519 3281 et
534 3239 694 3286 nouorum
710 3227 804 3286 tenta
821 3221 1004 3302 diuersitas,
1020 3221 1054 3286 id
1070 3221 1222 3288 fidelitati
1237 3230 1344 3289 vestre
1356 3223 1529 3292 distulimus

411 3324 572 3391 intimare.
590 3325 686 3393 Nunc
702 3334 809 3394 autem
835 3327 876 3394 de
902 3329 970 3394 eius
987 3329 1167 3413 dampnosa
1183 3338 1287 3396 morte
1304 3353 1364 3415 per
1380 3333 1529 3400 Reueren-

413 3431 489 3496 dum
516 3433 549 3498 iu
576 3433 710 3502 Christo
736 3437 870 3502 Patrem
897 3438 1061 3503 dominum
1077 3438 1249 3526 P(aulum)
1265 3440 1466 3526 Episcopum
1480 3441 1529 3528 Za·

412 3535 627 3625 grabiensem,
643 3550 676 3609 et
699 3544 782 3611 alios
808 3545 983 3628 Magnetes
1009 3527 1217 3631 Legatosque
1244 3548 1353 3632 Regni
1373 3549 1529 3633 Hungarie

411 3655 540 3714 nostros
551 3649 672 3732 fideles,
683 3653 790 3735 pridie
800 3657 945 3718 nostram
956 3657 1159 3738 presenciam
1171 3649 1330 3723 adeuntes
1340 3657 1432 3740 faeti,
1447 3653 1528 3742 prol·

411 3753 513 3838 dolor,
540 3759 707 3841 cerciores,
739 3760 879 3824 eiusdem
912 3769 1051 3826 mortem
1083 3761 1176 3828 nobis
1207 3765 1347 3831 multum
1382 3765 1527 3840 defletam,

409 3861 655 3950 deflendamque
673 3867 771 3948 vobis,
788 3866 866 3932 olim
883 3869 957 3949 suis,
987 3893 1136 3954 nuncque
1153 3871 1274 3937 nostris
1291 3873 1453 3956 fidelibus
1468 3893 1530 3954 quo·

408 3992 481 4036 runi
499 3973 599 4037 corda
615 3995 679 4037 non
696 3996 852 4059 ueremur,
868 3975 978 4058 equali
994 3985 1172 4060 propterea
1188 3985 1393 4047 consternati
1410 4000 1527 4054 merore,

409 4098 529 4162 magna
555 4103 625 4146 cum
653 4083 758 4147 cordis
784 4083 1001 4149 amaritudine
1027 4087 1228 4152 nunciamus.
1255 4087 1322 4154 Sed
1347 4095 1386 4155 ut
1412 4091 1444 4154 in
1461 4085 1529 4154 tanti
1585 4081 1586 4084 ’

407 4189 533 4254 iactura
562 4187 727 4272 Principis
755 4195 787 4254 et
811 4190 959 4273 lugubris
988 4214 1082 4258 casus
1108 4202 1229 4260 euentu
1251 4196 1397 4263 solamen
1415 4191 1530 4281 aliquod

408 4297 569 4378 capiatis;
594 4295 720 4379 scitote,
736 4299 823 4382 quod
839 4301 907 4364 eius
924 4323 1032 4366 necem
1050 4305 1130 4368 satis
1147 4306 1316 4390 grandem,
1331 4307 1421 4372 ultro
1437 4316 1528 4372 tana

410 4423 470 4484 pro
497 4404 627 4470 sceleris
654 4407 821 4488 grauitate
846 4409 967 4491 pusilla
994 4409 1098 4475 celere
1124 4419 1204 4478 nutu
1222 4413 1286 4480 Dei
1303 4438 1369 4482 non
1386 4415 1472 4500 passi
1487 4411 1529 4477 diu

407 4518 474 4573 tarn
494 4509 669 4578 nefandum
688 4519 717 4577 et
735 4521 830 4580 atrox
848 4516 987 4581 inultum
1005 4539 1136 4583 manere
1166 4519 1292 4588 lacinus
1308 4533 1340 4588 et
1355 4525 1531 4609 inpunitum.
1585 4511 1586 4514 ¹

410 4613 496 4682 Nam
513 4639 594 4700 pene
611 4629 721 4685 coruos
740 4621 809 4706 (ῖς)1
827 4631 998 4690 »cunctos«
1018 4626 1157 4714 helyelt)
1173 4631 1357 4714 proditores
1369 4639 1402 4700 et
1413 4631 1528 4699 sceleste
1585 4623 1586 4660 l
