3190 5252
599 362 694 424 1381.
1145 362 1208 424 437

82 537 141 601 hiis
157 545 277 620 tamen,
295 561 358 624 que
374 561 434 623 pro
451 541 539 605 victu
549 545 581 605 et
593 539 713 604 vestitu
723 539 867 621 ipsorum
884 537 1096 619 expedierint,
1113 545 1150 603 111
1159 561 1210 604 su-

81 665 146 728 pra,
161 644 249 711 intra
264 645 366 712 dictos
384 645 501 714 limites
517 646 673 730 navigare
684 644 791 711 valeat
804 649 836 710 et
846 644 958 727 possit
975 645 1103 710 Deinde
1114 645 1207 714 Osm-

82 773 174 818 munc
191 751 407 821 Veneciarum
425 755 503 820 dare
514 761 547 820 (1
562 753 686 820 solvere
702 752 820 818 debeat
835 752 922 818 dicto
938 753 1070 819 domino
1080 753 1165 838 Regi
1176 761 1209 821 (1

82 861 147 943 ejus
163 864 404 930 successoribus
420 865 455 929 in
471 863 586 946 Regno
602 870 635 927 et
652 861 795 941 Corona,
811 862 922 946 stipsi
949 860 1077 928 Corone
1101 886 1209 948 repre-

81 971 217 1035 sentanti
234 971 356 1037 dictum
366 973 525 1056 Regnum,
541 977 573 1036 et
591 969 828 1055 presidentibus
845 990 903 1052 pro
919 970 991 1053 ipsa
1007 969 1148 1054 Corona,
1174 974 1208 1038 in

80 1084 273 1160 perpetuum
305 1081 474 1146 annuatim
499 1073 693 1147 ducatorum
719 1082 845 1161 septem
870 1076 975 1142 millia
992 1076 1070 1144 boni
1086 1080 1159 1144 auri
1174 1080 1208 1146 in

80 1205 156 1250 auro
173 1192 207 1252 et
223 1188 301 1252 boni
317 1193 351 1252 et
364 1188 446 1273 justi
461 1188 626 1272 ponderis,
642 1185 796 1253 solvenda
812 1185 899 1250 dicto
927 1184 1057 1250 domino
1074 1183 1159 1271 Regi
1176 1195 1209 1253 et

81 1295 145 1378 ejus
160 1295 413 1378 successoribus,
441 1303 473 1361 et
500 1295 636 1374 Corone,
656 1301 689 1359 et
713 1293 953 1378 presidentibus
978 1294 1135 1376 predictis
1159 1296 1209 1361 ((1

80 1402 293 1469 thesaurariis
309 1404 462 1488 ipsorum,
480 1410 512 1470 (1
528 1403 662 1469 cuilibet
678 1404 737 1468 alii
755 1402 888 1467 habenti
899 1400 1052 1468 idoneam
1066 1409 1209 1486 potesta·

81 1515 141 1573 tem
160 1510 342 1594 recipiendi
360 1511 556 1577 solucionem
573 1511 795 1594 predictorum
820 1517 942 1593 septem
958 1508 1095 1574 millium
1112 1509 1208 1576 duca·

80 1625 192 1698 torum,
210 1625 245 1684 et
255 1618 296 1684 de
306 1621 379 1704 ipsa
389 1619 553 1686 solucione
565 1619 811 1703 quietacionem,
821 1616 1063 1683 absolucionem
1080 1622 1114 1682 et
1130 1618 1209 1684 libe·

79 1727 239 1792 racionem
250 1725 395 1792 debitam
405 1727 556 1808 faciendi,
568 1748 626 1810 per
637 1733 880 1810 procuratorem
891 1747 947 1791 seu
958 1723 1116 1791 sindioum
1127 1726 1208 1791 dicti

81 1831 269 1901 Communis
280 1835 408 1902 infesto
421 1835 535 1902 Sancti
546 1835 650 1919 Regis
661 1833 821 1918 Stephani
832 1834 987 1916 vigesima
997 1832 1048 1898 die
1059 1831 1206 1919 Augusti

81 1943 251 2026 cujuslibet
267 1946 354 2020 anni,
378 1946 429 2010 vel
446 1952 522 2010 ante
548 1942 671 2008 dictum
696 1940 823 2007 festum.
841 1941 915 2024 Qua
940 1942 1102 2008 solucione
1119 1942 1207 2011 facta

82 2051 320 2132 quietacionem
336 2059 369 2118 et
384 2051 613 2118 liberacionem
624 2050 663 2116 de
673 2051 812 2134 receptis
823 2047 931 2114 facere
943 2056 1092 2116 teneatur
1110 2057 1143 2116 et
1160 2057 1206 2116 te-

3 2197 5 2200 ·
80 2165 216 2225 neantur
233 2160 352 2226 nuncio
369 2168 401 2226 et
418 2159 544 2226 sindico
561 2159 771 2227 Venetorum.
798 2155 895 2242 Quod
912 2158 937 2222 si
956 2160 1063 2223 nullus
1079 2158 1206 2243 predic·

79 2271 182 2332 torum
197 2268 244 2335 ibi
263 2275 356 2351 esset,
372 2276 449 2335 tunc
464 2270 656 2353 consignent
673 2274 707 2333 et
735 2265 900 2350 deponant
926 2266 1047 2331 dictam
1072 2267 1206 2351 pecunie

81 2377 296 2458 quantitatem
312 2378 362 2443 ((1
378 2378 518 2463 pignora
535 2399 635 2444 aurea
651 2377 701 2441 ((1
720 2379 878 2458 argentea
894 2374 1105 2458 infrascripta
1119 2372 1206 2440 infra

79 2484 190 2564 viginti
200 2485 328 2550 dierum
335 2484 897 2567 terminuminferiusdescriptorum.
905 2483 950 2547 Et
960 2482 1047 2568 quod
1059 2482 1206 2567 dictapc·

80 2591 171 2657 cunia
187 2591 287 2658 risico
306 2601 338 2658 et
354 2593 500 2677 periculo
511 2591 699 2660 Communis
710 2591 928 2661 Veneciarum
944 2598 1093 2675 portetur
1103 2613 1206 2675 usque

80 2698 120 2762 ad
136 2701 305 2766 civitatem
322 2701 346 2768 J
350 2702 448 2783 ad1·e;
472 2706 505 2765 et
520 2700 566 2766 ibi
585 2707 618 2766 (1
638 2698 680 2766 ab
696 2700 771 2765 inde
788 2701 822 2765 in
838 2705 937 2764 antea
953 2720 1056 2781 usque
1073 2699 1114 2766 ad
1132 2701 1206 2765 civi·

80 2811 179 2873 tatem
196 2806 301 2889 Bude,
317 2813 349 2873 (1
365 2809 398 2872 in
414 2807 511 2875 Buda
526 2829 585 2892 per
609 2807 765 2873 officiales
783 2813 815 2872 et
841 2813 953 2890 gentes
979 2808 1059 2872 dicti
1084 2807 1206 2873 domini

79 2911 188 2999 Regis,
215 2936 439 2982 successorum
465 2922 498 2981 (1
524 2912 652 2981 Corone
678 2914 795 2982 debeat
819 2917 911 2981 salva
935 2915 1014 2999 fieri,
1040 2917 1157 2982 sociari
1173 2924 1207 2982 et

79 3022 212 3089 conduci
229 3025 329 3089 risico
346 3031 379 3090 et
396 3024 540 3108 periculo
557 3023 635 3090 dicti
653 3023 774 3089 domini
799 3023 909 3106 Regis,
935 3043 1158 3090 successorum
1173 3031 1206 3089 et

79 3125 202 3197 Corone
218 3133 449 3216 predictorum.
465 3132 520 3199 Sic
535 3140 655 3212 tamen,
673 3128 813 3214 quodsi,
837 3138 1013 3214 postquam
1039 3130 1128 3198 dicta
1154 3153 1206 3215 pe-

5 3223 7 3230 *
79 3239 172 3304 cunia
186 3262 249 3324 pro
266 3245 361 3323 parte
376 3240 534 3305 dictorum
546 3237 746 3308 Venetorum
763 3238 796 3303 in
806 3239 830 3306 J
833 3237 914 3304 adra
929 3237 1088 3304 conducta
1098 3239 1204 3322 fuerit,

78 3350 113 3409 ut
127 3347 301 3429 prefertur,
317 3347 426 3430 aliquo
443 3369 520 3412 casu
536 3345 670 3412 fortuito
680 3345 886 3429 perderetur;
901 3348 1104 3431 intelligatur
1120 3357 1152 3414 et
1162 3351 1205 3415 sit

80 3452 198 3519 dictum
215 3454 398 3521 Commune
416 3453 632 3522 Veneciarum
648 3455 823 3522 liberatum
833 3456 960 3540 penitus
976 3463 1010 3523 (1
1025 3458 1203 3541 quietatum

80 3560 119 3625 de
133 3563 206 3646 ipsa
222 3565 408 3647 quantitate
424 3562 581 3646 predicta.
599 3563 808 3630 Conducatur
824 3569 936 3631 tamen
961 3565 1108 3650 expensis
1125 3565 1205 3632 dicti

80 3665 266 3737 Communis
283 3669 507 3754 Veneciarum,
519 3679 676 3755 quantum
693 3673 733 3737 (1(
749 3679 880 3739 vectura
890 3680 922 3738 (1
932 3677 1059 3757 nuncio,
1075 3695 1131 3740 seu
1142 3675 1205 3739 sin-

80 3774 148 3844 dico
163 3778 374 3848 Venetorum.
390 3779 481 3846 Etsi
497 3779 585 3846 (1101(
596 3783 717 3847 solucio
729 3781 825 3846 dictis
836 3782 908 3846 loco
920 3787 953 3846 (1
962 3788 1108 3867 tempore
1118 3781 1205 3849 facta

80 3905 142 3952 non
157 3887 267 3968 suerit,
284 3896 361 3955 tunc
377 3897 572 3974 procurator
587 3892 636 3956 vel
653 3890 794 3956 sindicus
811 3890 941 3957 nomine
958 3891 1037 3956 dicti
1054 3889 1204 3958 Commu·

80 3993 128 4059 nis
144 3996 361 4064 Veneciarum
377 4003 527 4064 teneatur
544 4004 576 4063 (1
591 3998 712 4063 debeat
728 4017 763 4062 se
778 4006 969 4081 presentare
985 4021 1094 4065 coram
1105 4021 1204 4083 supra

80 4103 205 4187 scriptis
223 4104 273 4168 ((1
289 4105 400 4189 aliquo
417 4126 536 4188 eorum,
552 4107 677 4191 quibus,
693 4111 730 4170 ut
756 4127 864 4189 supra,
881 4106 968 4172 dicta
984 4109 1108 4175 solucio
1133 4107 1202 4174 fieri

82 4209 213 4278 debetur
229 4211 315 4278 infra
332 4214 447 4297 viginti
463 4214 533 4280 dies
550 4214 697 4298 proxime
723 4212 966 4297 subsequentes,
983 4221 1016 4281 (1
1032 4237 1153 4300 ponere
1171 4225 1204 4283 et

82 4322 254 4387 conducere
271 4328 306 4387 (1
320 4323 453 4388 realiter
468 4324 660 4406 consignare
677 4343 715 4388 (0
731 4322 837 4403 modo,
863 4344 928 4405 quo
954 4324 1043 4389 (1101(
1067 4327 1202 4409 pecunia

83 4429 215 4495 conduci
232 4428 378 4510 debetur,
393 4436 431 4495 ut
447 4453 553 4515 supra,
570 4431 604 4495 in
619 4429 716 4496 Buda
732 4437 781 4496 tot
797 4432 937 4515 pignora
962 4455 1063 4500 aurea
1086 4434 1136 4500 ((1
1152 4457 1203 4501 (1-

84 4543 197 4619 gentes
215 4539 437 4623 equivalencia
454 4539 540 4606 dicte
556 4541 735 4623 quantitati
760 4547 884 4624 septem
909 4541 1048 4638 millium
1072 4541 1203 4609 ducato·
