3226 5258
376 361 417 426 28
727 371 960 420 nvvuonnczmr
977 361 1144 420 auctaas.

374 541 482 601 tamen
497 533 579 600 illud
595 533 736 600 nondum
752 531 932 618 habuimus,
942 541 975 600 et
984 536 1161 604 necessitas
1176 537 1333 604 incumbit
1343 535 1505 618 habendi;

375 644 461 728 ipsos
487 642 724 727 Imperatorem
751 649 785 708 et
809 644 943 728 Regem,
959 665 1085 711 necnon
1111 645 1262 713 Prelatos
1278 667 1317 712 ac
1333 645 1505 730 Principes

375 759 410 820 ct
434 753 610 837 Magnetes
640 754 854 818 communiter
880 759 911 818 et
946 752 1074 818 divisim
1104 759 1251 838 tempore
1281 753 1505 822 conventionis

375 861 530 946 predicte,
556 861 583 925 si
609 860 707 926 dante
731 861 874 926 Domino
899 882 969 927 earn
995 861 1159 948 contingit
1175 861 1253 945 fieri,
1280 870 1318 929 ut
1343 867 1505 946 speratur,

376 969 521 1053 alioquin
537 991 596 1054 per
610 975 686 1036 tuos
702 970 835 1036 nuncios
850 975 884 1035 et
898 970 1030 1036 litteras
1047 992 1085 1036 ex
1101 977 1198 1055 parte
1213 979 1327 1037 nostra
1341 972 1506 1037 instanter

376 1079 529 1160 requiras
555 1083 589 1142 et
615 1076 764 1143 obnixius
790 1077 983 1161 depreceris,
1001 1078 1203 1161 quodetiam
1220 1079 1307 1144 idem
1323 1078 1441 1145 Helias
1458 1078 1504 1144 fa·

376 1189 451 1268 ciat,
465 1193 502 1250 ut
527 1185 569 1250 ad
595 1186 899 1251 exterminationem
925 1185 1006 1251 dicti
1022 1185 1237 1266 Bernabonis‚
1253 1194 1286 1252 et
1303 1184 1425 1254 Galeas
1441 1187 1506 1253 fra·

376 1294 438 1357 tris
454 1295 512 1373 sui,
536 1292 592 1376 qui
617 1294 709 1375 alias,
734 1299 771 1358 ut
795 1294 856 1378 ipsi
883 1293 1011 1360 divisim
1028 1294 1284 1379 notificaverunt,
1301 1301 1333 1361 et
1348 1297 1448 1360 etiam
1465 1296 1505 1360 si·

378 1401 568 1486 gnificatum
585 1405 636 1467 est
650 1400 742 1467 nobis
754 1421 812 1484 per
827 1401 947 1467 multos
964 1401 1048 1468 alios
1063 1401 1245 1486 fidedignos
1261 1409 1294 1468 et
1309 1423 1456 1487 magnos,
1473 1409 1506 1468 et

378 1509 542 1592 publicum
566 1513 737 1594 reputatur
752 1509 786 1573 in
802 1507 952 1594 partibus
973 1508 1179 1592 Lombardie,
1196 1516 1272 1576 sunt
1287 1511 1427 1576 invicem
1443 1510 1506 1576 col·

378 1616 473 1699 ligati
499 1621 612 1681 contra
636 1637 764 1682 omnem
779 1615 949 1695 hominem,
966 1617 1063 1683 etiam
1088 1616 1294 1701 Imperatore
1319 1617 1450 1702 prefato
1473 1624 1507 1682 et
1612 1692 1613 1695 Ἴ

380 1724 523 1806 Imperio
549 1743 613 1789 non
638 1726 797 1808 exceptis;
822 1729 959 1808 propter
985 1723 1071 1808 quod
1095 1724 1243 1790 eumdem
1268 1723 1391 1792 Galeas
1417 1725 1506 1790 colli-

379 1839 492 1917 gatum
518 1853 557 1897 ac
571 1830 733 1897 fautorem
758 1839 792 1898 et
816 1831 1020 1899 defensorem
1045 1833 1124 1898 dicti
1144 1832 1356 1914 Bernabonis,
1379 1853 1418 1898 ac
1432 1832 1506 1898 hos·

352 2008 355 2023 ,
379 1949 445 2006 tem
470 1946 504 2006 et
527 1947 767 2024 persecutorem
793 1941 880 2007 dicte
903 1941 1050 2008 Ecclesia
1076 1941 1194 2007 merito
1225 1947 1422 2025 reputamus,
1450 1961 1507 2005 sua
1612 1928 1613 1983 ff

380 2048 501 2115 auxilia
526 2048 702 2114 secundum
728 2049 921 2130 docendam,
956 2056 990 2115 et
1023 2055 1219 2134 potestatem
1250 2049 1437 2130 eorundem,
1468 2047 1508 2112 ob

380 2157 600 2223 reverenciam
615 2155 680 2222 Dei
697 2164 730 2223 et
748 2155 940 2241 Apostolice
957 2156 1050 2224 Sedis
1067 2164 1101 2223 et
1116 2164 1272 2238 nostram,
1289 2162 1323 2222 et
1337 2177 1398 2240 pro
1414 2177 1507 2240 gene·

380 2262 443 2329 rali
458 2266 626 2331 commodo
652 2265 748 2332 etiam
761 2265 908 2352 -Imperii
932 2267 1070 2351 predicti
1086 2273 1119 2333 et
1134 2267 1278 2351 partium
1303 2266 1401 2332 Italie
1418 2264 1508 2330 nimi-

380 2394 435 2436 um
460 2373 657 2438 lanistarum
681 2379 714 2440 et
739 2396 969 2459 oppressarum
994 2397 1053 2461 per
1077 2374 1197 2441 fratres
1213 2374 1353 2456 eosdem,
1367 2396 1434 2440 non
1449 2373 1509 2439 dif-

381 2480 489 2546 ferant
524 2480 695 2549 destinare.
730 2481 783 2549 Ac
817 2505 871 2549 eos
904 2484 1037 2569 insuper
1071 2503 1204 2548 moneas
1231 2489 1264 2548 et
1288 2482 1445 2566 requiras,
1470 2503 1508 2547 ac

382 2587 482 2652 etiam
499 2588 692 2674 depreceris,
709 2591 796 2673 quod
814 2591 911 2658 dictis
926 2591 1074 2657 hostibus
1100 2591 1223 2656 nullum
1249 2590 1328 2656 dent
1342 2590 1509 2669 auxilium,

382 2695 552 2762 consilium
577 2695 626 2762 vel
652 2697 804 2782 favorem,
839 2719 899 2764 nec
932 2707 1047 2784 gentes
1078 2717 1286 2783 quascunque
1318 2697 1508 2764 accedentes

382 2803 425 2869 ad
441 2804 639 2887 obsequium,
655 2807 854 2891 stipendium
869 2807 921 2874 vel
937 2807 1157 2874 defensionem
1184 2805 1345 2872 dictomm
1361 2806 1509 2887 fratrum,

381 2932 576 2996 suorumque
601 2915 840 2999 colligatorum,
865 2917 1058 3000 complicum
1074 2922 1106 2983 et
1122 2915 1297 2996 fautorum,
1321 2937 1379 3000 per
1395 2923 1509 2998 terras,

382 3043 498 3105 passus
523 3027 557 3088 et
570 3023 643 3091 loca
659 3045 718 3090 sua
734 3025 875 3091 transire
890 3024 1101 3109 permittant3
1125 3030 1158 3090 et
1183 3026 1210 3089 si
1235 3028 1350 3106 gentes
1371 3024 1441 3106 ipse
1456 3045 1511 3090 no·

381 3129 503 3199 luerint
527 3131 741 3217 retrocedere,
766 3135 852 3218 ipsas
869 3133 1025 3217 detineas,
1051 3139 1082 3199 et
1107 3132 1303 3199 bonaetiam
1324 3131 1512 3198 earundem,

383 3248 416 3306 et
439 3240 623 3324 ubicunque
639 3249 673 3308 et
689 3241 777 3326 apud
796 3227 1006 3324 quoscunque
1021 3241 1206 3308 invenerint
1236 3240 1389 3325 pecunias
1406 3247 1511 3307 trans-

384 3349 508 3429 missae,
534 3371 590 3414 seu
614 3348 884 3416 transmittendas
908 3351 1118 3433 imposterum
1135 3370 1193 3432 per
1210 3349 1297 3431 ipsos
1315 3346 1438 3415 fratres
1454 3367 1510 3414 sen

384 3455 553 3539 colligatos
577 3463 610 3522 et
635 3457 808 3542 complices
834 3458 978 3542 ipsorum
1004 3457 1047 3522 ad
1073 3477 1286 3540 quascunque
1312 3462 1434 3540 parter,
1449 3475 1509 3539 pro

384 3563 607 3650 stipendiarijs
633 3566 850 3633 conducendis
877 3554 933 3631 vel'
951 3565 1027 3632 aliis
1053 3565 1169 3646 causis,
1193 3586 1249 3630 eas
1268 3567 1430 3649 recipiant
1446 3561 1514 3628 suis

385 3671 496 3737 usibus
521 3675 774 3757 convertendas3
798 3697 836 3740 ao
851 3675 886 3739 in
902 3674 968 3740 suis
989 3673 1143 3757 Imperio,
1170 3672 1296 3756 Regnis
1312 3678 1346 3738 et
1363 3669 1514 3737 dominiis

384 3800 443 3864 per
468 3778 634 3863 publicum
660 3783 803 3848 edictum
830 3788 983 3848 moneant
999 3789 1033 3848 et
1049 3781 1229 3865 requirant,
1244 3800 1283 3846 ac
1298 3777 1516 3864 personaliter

385 3887 509 3970 requiri
533 3887 655 3955 faciant
681 3889 828 3957 subditos
845 3911 929 3972 suos,
949 3890 995 3955 eis
1012 3889 1071 3953 sub
1091 3908 1176 3978 pena
1192 3886 1388 3972 privationis
1404 3885 1517 3952 feudo·

385 4019 457 4062 rum
474 4003 507 4065 et
522 3998 662 4064 aliorum
677 3998 849 4083 bonorum,
866 4020 928 4082 que
944 4002 1058 4063 tenent
1074 3996 1116 4062 ab
1132 3996 1189 4080 eis,
1214 4001 1246 4060 et
1271 4000 1428 4078 perpetue
1443 4015 1519 4076 pro-

386 4106 581 4190 scriptionis,
608 4106 695 4190 quod
721 4107 829 4174 nullus
845 4107 988 4192 ipsorum
1004 4110 1174 4190 presumat
1190 4103 1344 4171 accedere
1361 4102 1403 4167 ad
1420 4100 1520 4167 servi·

385 4217 466 4281 tium
484 4215 645 4281 dictorum
662 4213 801 4281 fratrum
826 4217 877 4282 vel
892 4215 1066 4280 alteriuseo
1077 4212 1222 4294 rundem,
1242 4231 1438 4294 suorumque
1454 4207 1521 4273 col-

384 4322 571 4406 ligatorum,
596 4323 788 4408 complicum
805 4329 839 4389 et
859 4322 1032 4403 fautorum,
1051 4322 1130 4406 quin
1146 4320 1210 4386 imo
1226 4320 1292 4385 iam
1308 4319 1342 4383 in
1357 4318 1437 4400 ipsis
1453 4336 1522 4380 ser·

385 4431 476 4496 viciis
503 4432 677 4496 existentes
694 4431 735 4496 ab
761 4432 806 4496 eis
822 4431 985 4512 recedant,
1002 4431 1044 4496 ad
1061 4429 1119 4495 illa
1134 4426 1322 4493 nullatenus
1337 4423 1522 4500 reversuri3

388 4539 535 4620 alioquin
552 4535 772 4608 inobedientes
791 4539 921 4624 privent
937 4535 1041 4602 feudis
1059 4541 1091 4601 et
1107 4533 1199 4600 bonis
1215 4531 1382 4617 predictis,
1398 4529 1524 4614 illaque
