3214 5250
733 405 966 454 ntruounczrnt
983 389 1149 456 andane.

905 701 978 760 369.

385 857 521 924 Venerio
546 857 649 922 Aratal
676 858 829 923 oelenczei
853 859 993 944 dopdnelc
1025 858 1141 923 Maria
1174 883 1318 945 mappas·
1350 861 1517 948 kirdlyni.
1578 916 1582 929 .

898 969 993 1032 1387.

489 1125 701 1194 Serenissime
727 1126 886 1210 Princeps
917 1131 951 1191 et
977 1126 1153 1192 amicorum
1179 1132 1366 1194 nostrorum
1393 1129 1518 1197 intime.

382 1233 572 1302 Allectuosa
597 1236 799 1301 salutatione
824 1237 990 1319 premissa
1023 1233 1129 1320 Quam
1154 1236 1329 1320 magnifice
1355 1245 1390 1303 et
1417 1259 1517 1322 qnam

383 1345 526 1425 gratiose
542 1348 575 1407 et
592 1343 656 1407 alte
673 1339 797 1408 Vestra
814 1339 983 1406 Serenitas'
997 1342 1084 1405 circa
1103 1343 1227 1408 Nostro
1252 1343 1448 1410 Maiestatis
1465 1344 1518 1410 de·

382 1450 609 1516 liberationem
626 1457 733 1516 vestre
754 1449 954 1515 sinceritatis
980 1457 1090 1532 partes
1108 1457 1140 1514 et
1165 1451 1250 1514 vires
1276 1451 1458 1518 efficaciter
1473 1455 1519 1518 in·

383 1559 588 1641 terposuerit,
604 1558 717 1642 lingua
742 1557 885 1622 humane
911 1579 974 1623 uon
1001 1559 1106 1641 possit
1130 1557 1322 1640 exprimere
1348 1558 1438 1626 Nam
1457 1583 1518 1645 pro

382 1688 456 1731 vero
472 1665 579 1732 dicere
595 1686 773 1750 possumus,
794 1665 881 1749 quod
905 1666 992 1730 circa
1015 1665 1242 1730 liberationem
1269 1672 1419 1734 nostram
1444 1691 1519 1753 par·

381 1782 448 1840 tem
463 1782 605 1841 vestram
622 1775 830 1841 habuerimus
855 1775 1022 1858 potiorem.
1049 1773 1147 1858 Quod
1166 1773 1297 1857 quidem
1313 1798 1380 1840 non
1407 1779 1519 1842 imum

382 1883 447 1948 rito
464 1884 498 1947 in
515 1883 658 1950 archano
675 1884 791 1948 mentis
807 1889 918 1948 nostre
934 1883 1171 1966 perpetualiter
1196 1889 1309 1947 notum
1327 1883 1518 1965 habebitur,

381 2010 453 2056 cum
471 1991 578 2056 auimo
594 1997 661 2057 tam
678 1989 837 2056 notabilia
853 1998 886 2057 et
902 2011 1020 2074 magna
1037 1989 1170 2055 servitia
1186 1993 1470 2074 recompensandi,
1486 2004 1518 2058 et

380 2104 547 2165 tantorum
565 2100 764 2187 ‘meritorum
780 2100 879 2164 uicem
896 2098 1064 2164 reddendi.
1080 2100 1124 2164 ut
1141 2119 1240 2182 quum
1258 2099 1307 2163 vir
1324 2100 1447 2164 nobilis
1464 2099 1518 2164 do·

385 2206 489 2270 minus
506 2206 676 2272 Johannes
691 2204 879 2272 Barbadico
897 2203 1099 2290 Capitoneus
1114 2213 1221 2271 vester
1238 2213 1271 2270 et
1288 2206 1384 2270 miles
1404 2216 1518 2275 noster

386 2315 419 2377 in
450 2313 638 2396 exequendo
670 2312 827 2379 mandata
857 2321 964 2379 restra
1001 2315 1088 2379 circa
1114 2314 1328 2390 Maiestatem
1356 2315 1514 2384 Nostram

382 2419 591 2486 laudabiliter
616 2443 650 2487 se
676 2420 808 2502 lrabuit;
830 2443 886 2488 vos
902 2423 1079 2486 instantius
1104 2420 1328 2506 deprecamur,
1353 2433 1515 2507 quatenus

381 2529 518 2594 eundern
549 2535 661 2596 nostro
693 2529 813 2596 intuitu
844 2529 1142 2596 recommendatum
1174 2531 1295 2598 babere
1327 2533 1514 2616 dignemini.

381 2635 469 2700 Date
486 2635 604 2720 Segnie
620 2636 744 2703 XXX.
760 2640 878 2702 mensis
894 2639 919 2704 J
921 2640 998 2703 unii.

544 2745 653 2811 Maria
669 2745 731 2811 Dei
747 2747 856 2826 gretia
873 2746 1003 2829 Regina
1018 2748 1202 2831 Hungarie,
1218 2747 1391 2815 Dalmatio
1410 2759 1471 2817 etc.

490 2854 609 2918 Kiuttl:
629 2851 1000 2936 SerenissimoPrincipi
1017 2860 1048 2918 et
1065 2853 1206 2919 Domino
1218 2854 1350 2920 domino
1366 2855 1513 2922 Antonio
1605 2901 1606 2912 r

382 2959 526 3029 Venerio
542 2961 604 3025 Dei
621 2964 729 3045 gratia
744 2961 829 3026 Duci
850 2961 1061 3030 Venetiarum
1079 2968 1140 3028 etc.
1158 2963 1262 3029 amieo
1280 2973 1394 3031 nostro
1412 2968 1512 3030 since·
1605 3013 1606 3044 i

383 3088 518 3133 nssrmo.

382 3211 418 3274 (A
434 3213 536 3276 »copis
549 3215 582 3264 de
596 3215 834 3265 Commemoriali‹
850 3218 940 3268 czimtl
951 3219 1088 3268 velenczei
1111 3219 1295 3283 ellamkdnyv
1308 3221 1384 3270 VIII.
1408 3221 1512 3270 kotetk-
1605 3247 1606 3250 =

863 3311 918 3357 ool.
929 3314 993 3360 xers.
1004 3310 1033 3370 1.)

1146 3525 1157 3552 ἱ

913 3619 985 3681 370.

388 3757 584 3861 linireptlyes
607 3773 761 3862 okardny,
786 3775 923 3864 errclynil
939 3781 1083 3888 scyram
1102 3779 1229 3846 sicilici
1255 3782 1372 3870 kirtly
1397 3781 1512 3870 citudjn

564 3884 696 3949 Arezztit
712 3909 731 3948 α
742 3885 898 3972 florenczi
914 3887 1204 3977 kezedrsasdpnat.
1232 3895 1329 3957 1387.

490 4041 530 4107 In
548 4043 612 4108 Dei
629 4046 757 4111 nomine
775 4045 892 4112 Arnen.
911 4045 1008 4112 Anno
1026 4049 1274 4118 incarnationis
1290 4052 1425 4117 Domini
1442 4073 1513 4117 nos·
1606 4106 1607 4111 ,

382 4151 425 4214 tri
441 4149 546 4215 Jhesu
563 4149 686 4217 Christi
702 4154 875 4220 millesimo
889 4159 1119 4223 trecentesimo
1137 4161 1357 4243 octuagesimo
1375 4161 1514 4244 septimo

381 4256 556 4323 indictione
581 4259 707 4326 decima
731 4265 905 4329 secundum
931 4287 1059 4330 cursum
1077 4275 1110 4331 et
1126 4290 1248 4334 rnorem
1274 4269 1513 4350 Florentinum,
1606 4340 1607 4351 χ

383 4365 434 4429 die
452 4367 676 4433 decimonono
694 4372 812 4435 mensis
829 4373 921 4457 Julij.

489 4473 652 4543 Zenobius
678 4479 771 4562 Nerij
801 4480 951 4564 Macigni
967 4489 999 4547 et
1015 4482 1205 4551 Anthonius
1222 4485 1412 4553 Ghuidonis
1428 4485 1512 4550 delle

382 4572 520 4642 Foreste
535 4579 629 4647 Cives
645 4585 840 4670 morentini,
855 4596 996 4670 actores,
1010 4601 1242 4675 procuratores
1258 4603 1292 4660 et
1309 4593 1426 4660 Nuntii
1443 4613 1508 4676 spe
