3214 5250
576 355 670 420 1388.

596 667 671 732 387.

64 825 196 912 Margit
221 825 348 891 sicilici
380 826 611 936 kirdlyua'oak'
628 852 649 892 a
668 826 823 913 florenczi
847 826 1065 916 kdztdraosdp.
1100 830 1194 893 1388.

282 987 407 1071 Regino
423 986 608 1072 Hungarie,
622 988 810 1055 Jerusalem
827 994 890 1053 eto.

174 1093 390 1162 Serenissima
406 1095 716 1182 Gloriosissimaque
740 1096 880 1182 Regina.
895 1093 951 1160 Ad
968 1117 1007 1161 ea
1023 1117 1085 1179 que
1102 1094 1195 1162 nobis

64 1203 215 1286 exposuit
231 1203 459 1270 devotissimus
475 1203 665 1289 Majestatis
682 1204 803 1274 Vestre
819 1205 964 1286 servitor,
981 1209 1079 1286 atque
1096 1203 1195 1269 dilec-

64 1311 213 1376 tissimus
228 1313 306 1379 civis
322 1318 432 1377 noster
457 1312 566 1378 Lucas
592 1313 646 1378 del
662 1311 803 1378 Pecclria
819 1336 877 1397 pro
894 1317 988 1397 parte
1004 1313 1123 1380 Vestro
1140 1309 1195 1378 Se·

66 1419 231 1502 renitatis,
248 1441 287 1485 ex
303 1421 525 1486 commissione
550 1423 610 1488 sibi
630 1421 718 1488 facta
734 1445 791 1506 per
808 1419 1035 1488 Reverendum
1052 1421 1196 1502 Patrem,

67 1529 239 1594 dominum
280 1527 421 1594 Paulum
460 1529 658 1614 Episcopum
690 1529 945 1614 Zagabriensem
977 1528 1197 1595 Sublimitatis

68 1634 192 1702 Vestre
207 1635 377 1718 Legatum,
388 1658 576 1721 responsum
593 1637 739 1703 dedimus
754 1639 786 1702 in
803 1637 1023 1722 forma,quam
1035 1637 1197 1704 credimus

67 1747 176 1828 ipsum
193 1752 261 1809 tam
277 1743 557 1828 Supereminentie
578 1743 706 1828 Vestro,
723 1768 820 1829 quam
838 1746 941 1812 eidem
957 1745 1086 1811 domino
1102 1745 1198 1828 Epis·

68 1875 154 1937 copo
171 1852 354 1934 plenissime
370 1852 557 1918 relaturum.
576 1853 615 1918 In
632 1877 697 1936 qua
712 1875 747 1918 re
764 1855 915 1939 dignetur
931 1875 989 1919 nos
1006 1860 1039 1919 et
1055 1853 1198 1918 devotio·

68 1983 148 2026 nem
172 1967 316 2026 nostram
342 1960 515 2026 clementer
539 1967 647 2028 vestra
675 1961 860 2046 benignitas
876 1967 1078 2046 supportare.
1110 1957 1199 2026 Nam

69 2075 205 2154 oportet
219 2091 277 2134 nos
292 2091 351 2152 pro
376 2068 613 2153 indempnitate
638 2077 823 2135 nostrorum
841 2075 1058 2138 mercatorum
1075 2075 1108 2134 et
1124 2070 1199 2134 civi·

68 2201 137 2258 um,
153 2175 209 2259 qui
224 2175 367 2260 undique
384 2175 490 2258 sparsi
508 2182 591 2258 sunt,
607 2177 795 2242 necessitati
812 2177 945 2259 oedere3
973 2197 1097 2260 nosque
1113 2177 1198 2244 citra
1256 2163 1259 2168 ¹

69 2292 185 2351 votum
200 2290 306 2349 vestre
323 2283 504 2350 dilectionis
521 2290 553 2348 et
567 2285 747 2351 reverentie
763 2286 938 2352 continere.
957 2285 1049 2352 Data
1064 2285 1199 2352 Floren-

70 2393 118 2460 tie
138 2393 190 2458 die
206 2390 306 2460 XVI.
321 2391 355 2459 M
362 2392 405 2477 aij
422 2392 487 2458 XI.
503 2393 680 2459 indictione
699 2391 1071 2461 MCGCLXXXVIII.

70 2537 199 2607 (Eredeti
212 2536 424 2603 logalmazvrtny
437 2553 455 2587 a
470 2539 920 2604 1811111011,0111101110,Μίεεὶ101
935 2541 987 2590 stb.
1001 2540 1076 2590 XXI.
1090 2539 1202 2604 kdtege·

301 2631 353 2678 ben
368 2633 409 2680 26.
424 2643 462 2681 sz.
476 2647 509 2694 a,
523 2645 540 2679 a
552 2630 683 2680 florenczi
696 2644 769 2695 nagy
783 2631 977 2693 leveltarban.)

602 2963 674 3024 388.

74 3121 108 3189 A
132 3117 287 3187 oeleuczei
302 3121 715 3208 kormduyfogoaotositjo
733 3143 813 3186 ozon
838 3115 967 3200 itdletet,
982 3113 1065 3206 rnely
1090 3143 1111 3183 a
1127 3117 1205 3184 Cor·

75 3234 193 3299 davidi
207 3233 327 3320 prdfok
338 3233 476 3320 peredeo
491 3233 576 3296 1384
593 3229 691 3314 (ruint
701 3232 831 3319 seutebd
848 3233 923 3296 287.
938 3253 981 3294 az.
998 3227 1044 3313 a.)
1061 3231 1205 3295 lrozutott.

598 3343 692 3406 1388.

185 3491 285 3570 Anno
316 3500 688 3572 MCOOLXXXVIII.
721 3500 897 3566 indictione
927 3498 993 3565 XI.
1020 3499 1073 3565 die
1098 3497 1205 3564 XXI.

73 3613 196 3680 mensis
213 3613 305 3681 Maii.
330 3612 474 3698 Capta
491 3636 498 3676 :
515 3613 598 3678 Cum
616 3611 779 3695 Egregius
797 3611 895 3676 Miles
906 3611 1073 3693 quondam
1090 3606 1208 3674 Comes

75 3721 244 3806 Georgius
262 3723 302 3788 de
319 3719 482 3788 Ouriacho
499 3722 564 3786 iam
580 3719 666 3785 bono
683 3726 827 3804 tempore
854 3720 1071 3804 depositasset
1087 3717 1130 3783 ad
1146 3716 1209 3783 Oa·

74 3852 202 3897 meram
233 3836 379 3897 nostram
409 3830 580 3896 Frumenti
607 3829 799 3895 ducatorum
835 3825 867 3896 V
892 3827 1005 3910 millio,
1030 3835 1063 3894 et
1088 3823 1207 3890 Oomes

76 3939 265 4023 Gregorius
292 3942 333 4006 de
359 3938 531 4020 Ouriacho,
548 3960 647 4022 nepos
663 3937 783 4022 prefati
809 3934 944 4002 Oomitis
971 3935 1134 4020 Gregorii,
1159 3935 1211 3997 oui

78 4054 234 4134 spectant
260 4049 409 4131 predicta
442 4046 475 4117 V
499 4047 604 4113 millia
631 4043 829 4128 ducatorum,
855 4044 1074 4130 comparuerit
1099 4063 1209 4108 coram

80 4163 196 4224 nostro
212 4149 375 4233 Dominio,
392 4156 561 4240 requirens
578 4155 752 4240 humiliter,
767 4154 855 4240 quod
872 4155 961 4220 dicta
976 4152 1009 4222 V
1025 4151 1129 4218 millia
1149 4149 1207 4214 du·

80 4273 231 4334 catorum
248 4275 280 4330 et
296 4263 396 4350 prode
413 4271 585 4350 sequutum
601 4285 640 4329 ex
657 4263 713 4345 eis,
729 4262 817 4348 quod
833 4270 883 4328 est
898 4262 996 4328 etiam
1015 4260 1210 4326 ducatorum

83 4371 116 4444 V
143 4373 257 4455 millia,
294 4371 528 4460 (restituantur
554 4371 609 4457 ei),
634 4378 667 4436 et
694 4370 815 4437 iustum
841 4370 883 4436 sit
913 4368 1060 4453 predicto
1087 4363 1212 4433 Comiti

82 4481 248 4565 Gregorio
265 4480 327 4546 civi
343 4486 455 4547 nostro
481 4479 653 4546 subvenire
670 4479 785 4545 saltem
802 4478 842 4543 de
859 4477 946 4542 dicto
964 4474 1075 4561 prode,
1092 4480 1213 4542 1111110-

54 4607 58 4612 ’
82 4585 147 4658 lius
163 4589 235 4656 fieri
250 4591 389 4676 poterit;
415 4589 506 4655 radit
530 4611 615 4673 pere,
642 4583 731 4670 quod
757 4587 874 4652 dentur
891 4583 953 4652 sibi
979 4607 1040 4671 pro
1058 4605 1142 4650 nuno
1173 4583 1213 4648 de

1043 4695 1106 4762 42*
