3190 5252
385 401 388 412 ¹
437 383 502 443 428
792 398 1025 443 orrnouaczrnr
1041 387 1210 446 surtinus.

436 559 497 625 bus
520 563 741 641 permaneant,
777 556 892 623 harum
928 565 1112 624 nostrarum
1146 560 1334 626 testimonio
1376 563 1543 628 litterarum.

437 668 560 734 Datum
577 668 610 732 in
626 673 736 733 cestro
763 673 877 733 nostro
904 667 1079 752 Gyosgewr
1105 667 1246 738 XXVI.
1263 671 1316 736 (lie
1339 673 1454 736 mensis
1469 670 1544 756 Junij

438 799 522 841 anno
538 777 671 843 Domini
687 775 734 840 M.
749 776 977 842 trecentesimo
993 779 1215 860 octuagesimo
1232 781 1348 862 primo.

437 921 577 981 (Eredetie
592 920 763 985 borhtrtytu
786 936 803 970 a
816 921 966 984 kirtlynak
980 921 1065 985 fttggtt
1086 921 1206 987 peceetje
1220 925 1300 986 alatt,
1322 939 1340 974 a
1362 925 1435 975 becci
1447 925 1546 974 csteznri

850 1010 938 1060 titlros
951 1010 1145 1074 levtltelrbeu.)

921 1205 1079 1214 ——u-

970 1399 1044 1461 207.

440 1555 470 1619 A
497 1556 650 1620 velenczcc'
681 1553 957 1645 kormdnytunu'co
990 1559 1158 1624 Lorectano
1190 1561 1291 1646 Lajos
1316 1561 1547 1647 hojoknpitrtnyt

502 1665 689 1753 79ttlyrtval
705 1667 803 1731 tutat
819 1692 840 1732 a
856 1669 1035 1755 mayyorok
1051 1668 1132 1732 elien
1148 1669 1377 1735 Dalmatidba.
1403 1673 1492 1734 1381.

545 1821 646 1891 Anno
676 1823 979 1894 MOOOLXXXI.
1005 1827 1181 1894 indictione
1209 1835 1328 1912 quarta
1345 1829 1398 1895 die
1413 1827 1544 1909 XXVII¹

437 1932 540 1999 Junii.
565 1930 725 2016 Oapta:
750 1934 929 2019 (Ludovico
954 1935 1150 2002 Lauredano
1176 1937 1358 2021 Capiteneo
1375 1937 1543 2022 Culpa)-

439 2076 483 2088 —
499 2078 543 2087 —
560 2063 633 2106 cum
659 2043 733 2108 aliis
759 2051 881 2126 septem
907 2043 1010 2128 galeis
1035 2043 1136 2110 vadat
1152 2045 1195 2110 ad
1211 2051 1324 2129 partes
1340 2046 1499 2114 Solanonie
1511 2043 1543 2108 ud

438 2150 623 2216 laciendum
648 2152 756 2217 omnia
772 2154 898 2218 maiora
915 2151 1043 2235 damna,
1058 2175 1121 2237 que
1138 2155 1269 2237 poterit,
1284 2157 1406 2222 nostris
1420 2151 1544 2230 inimicis,

438 2256 588 2324 faciendo
606 2265 719 2342 postea
735 2260 821 2325 vium
837 2281 895 2344 per
911 2267 1024 2344 partes
1040 2260 1190 2327 Marohie
1207 2259 1269 2328 etb.

439 2403 475 2464 (A
501 2404 612 2454 »luisti«
637 2407 725 2456 czimii
748 2407 889 2457 velenczei
911 2407 1140 2470 allamkonyvbol
1164 2408 1294 2458 xxxvl.
1317 2408 1376 2458 hot.
1391 2408 1543 2470 239.len;u

735 2497 810 2546 becsi
823 2496 958 2548 cezaeziri
971 2498 1058 2548 titlros
1071 2497 1265 2559 leveltetrbeu.)

989 2677 1082 2687 ———-v

968 2861 1044 2921 208.

438 3015 464 3076 Ι.
482 3017 581 3102 Lojos
597 3040 739 3103 moyyor
755 3020 787 3082 e'e
804 3018 927 3105 lcuqyet
943 3018 1126 3104 kirctlyualc
1142 3045 1163 3084 α
1171 3019 1325 3106 florencai
1345 3017 1541 3097 toust-sautu·

958 3128 1052 3190 1381.

654 3283 741 3367 Regi
757 3284 913 3368 Ungerie.

546 3392 761 3458 serenissime
775 3399 886 3476 ,atque
912 3392 1162 3458 clementissime
1188 3390 1354 3476 Princeps
1381 3413 1455 3476 spes
1469 3391 1544 3454 unico

438 3500 543 3567 nostri
559 3497 757 3582 Communis,
774 3506 807 3565 et
823 3499 918 3564 huius
944 3499 1046 3565 nostri
1074 3500 1182 3566 devoti
1198 3499 1309 3583 populi
1325 3499 1484 3584 refugium
1498 3498 1545 3561 siu·

436 3609 559 3691 gulare.
605 3607 673 3671 Diu
698 3613 748 3673 est
772 3607 860 3692 quod
884 3606 1105 3673 nobilissimus
1131 3606 1291 3678 Dominus
1326 3608 1474 3674 dominus
1499 3603 1544 3670 Jo-

437 3717 561 3782 hannes
575 3714 689 3781 Bauus
705 3715 863 3798 Maeonio,
880 3714 1073 3781 Serenitatis
1089 3713 1210 3782 Vestre
1234 3713 1398 3796 VioariuS,
1414 3723 1446 3781 et
1460 3712 1544 3799 gentis

439 3825 543 3908 Regis
558 3825 591 3890 in
611 3824 712 3890 Italia
738 3824 938 3908 Capitaneus
963 3822 1148 3906 Generalis,
1163 3823 1206 3888 ad
1222 3824 1308 3890 hanc
1334 3826 1492 3890 civitatem
1507 3841 1545 3886 sc·

438 3935 546 4017 cessit,
563 3939 596 3999 et
611 3955 670 4017 per
687 3953 830 3998 mensem
847 3939 881 3998 et
896 3930 994 4012 ultra,
1011 3933 1078 3997 sine
1094 3932 1202 3997 littere
1211 3929 1317 4015 Regis
1327 3931 1546 4016 presentatione

438 4045 627 4128 permansit.
644 4042 832 4107 Posterius
849 4041 1023 4106 adventum
1045 4038 1175 4106 Nobilis
1192 4043 1225 4105 et
1240 4030 1392 4124 egregius
1409 4040 1494 4105 miles
1507 4036 1547 4101 do·
1582 4071 1584 4080 =

348 4187 349 4190 κ
438 4149 544 4215 minus
569 4150 757 4216 Everardus
784 4147 901 4214 Comes
927 4148 966 4213 de
991 4146 1119 4229 Laude,
1145 4147 1363 4232 stipendarius
1379 4145 1546 4228 uomendu-

437 4264 606 4324 oentarnm
631 4257 823 4324 lanceanum
849 4257 1058 4341 Capitaneus‚
1083 4255 1205 4321 dimitti
1231 4261 1329 4339 atque
1353 4253 1507 4325 lieentieri
1532 4271 1545 4314 a

438 4368 558 4433 nostris
584 4366 755 4450 stipendiis
780 4365 978 4451 postulabat.
1005 4364 1154 4448 Cumque
1175 4386 1307 4431 causam
1324 4365 1424 4432 subiti
1441 4365 1485 4430 sni
1498 4360 1544 4426 dis-

437 4497 546 4541 cessus
572 4475 789 4541 amicabiliter
816 4481 1007 4559 peteremus,
1033 4472 1118 4540 idem
1144 4471 1259 4539 Comes
1284 4475 1378 4541 nobie
1410 4468 1541 4556 exposuit,

441 4583 529 4670 quod
554 4589 624 4651 tres
640 4579 831 4667 societates,
857 4583 1007 4654 videlieet
1031 4583 1232 4666 Italicorum,
1249 4579 1543 4652 Teuthonicorunet
