3134 5254
578 397 674 456 1379.
1127 400 1190 460 263

76 591 124 636 nos
138 570 360 654 scripseramus
377 571 481 636 eidem
502 571 633 636 domiuo
651 569 789 653 Karolo,
809 573 896 656 quod
907 575 1027 640 auditis
1049 577 1109 658 hie,
1126 599 1189 660 que

76 680 208 745 domiuus
226 681 329 746 Pater
356 679 528 748 Generalis
554 680 683 745 dixerat
708 677 811 761 uobis,
836 703 894 746 uos
919 682 1104 748 volebamus
1122 706 1190 749 esse
1249 682 1251 688 ’

7 825 8 830 1
75 787 110 853 ad
124 789 314 871 presentiam
331 786 476 872 ejusdem
494 786 617 852 domini
643 786 772 868 Karali,
796 789 1054 874 quandocunque
1082 791 1187 874 place-

75 903 117 961 ret
131 896 243 978 eidem;
259 903 293 960 et
309 903 483 980 propterea
499 895 567 976 ipse
584 894 679 959 hodie
695 895 828 961 miserat
844 903 984 961 scortum
1001 918 1059 978 pro
1077 898 1191 966 nobis3

74 1003 277 1070 concludendo
294 1002 383 1087 quod
400 1002 578 1068 diceremus
594 1003 749 1086 quiequid
765 1003 857 1069 nobis
877 1004 1030 1087 placeret.
1060 1005 1185 1089 Quibus

73 1112 187 1194 auditis,
198 1132 336 1176 noscam
347 1108 652 1174 debitareverentia
663 1109 801 1175 diximus
811 1109 924 1190 eidem,
936 1111 1079 1194 qualiter
1090 1114 1185 1198 plene

5 1275 7 1315 ,
72 1217 277 1283 intelleximus
295 1217 404 1281 omnia
420 1215 512 1281 nobis
528 1215 635 1280 relata
651 1237 708 1298 per
728 1216 893 1281 dominum
919 1217 1055 1284 Patrem
1081 1218 1187 1288 Gene-

74 1326 379 1410 rclem,relerentem
396 1325 489 1391 uobis
513 1324 598 1388 inter
624 1331 742 1405 cetera,
767 1325 911 1407 qualiter
936 1325 1012 1390 dum
1041 1327 1190 1397 domiuus

5 1453 6 1522 t
73 1435 207 1500 Karalus
224 1435 354 1500 dixerat
373 1433 411 1514 ei,
427 1433 514 1516 quod
530 1431 716 1498 Januenses
731 1440 764 1496 et
789 1432 951 1500 Dominus
968 1434 1082 1501 Padue
1099 1439 1188 1504 nullo

5 1535 7 1588 i
72 1544 156 1610 modo
173 1543 387 1609 attendebant
402 1541 445 1606 ad
461 1563 581 1625 pacem,
597 1540 654 1605 sed
672 1542 775 1606 solum
793 1541 835 1606 ad
867 1542 1121 1610 destructionem
1138 1544 1191 1611 Oi-

72 1651 171 1716 ritatis
187 1649 419 1730 Venetiamm3
435 1657 468 1714 et
492 1653 673 1732 propterca,
701 1649 728 1713 si
754 1671 881 1714 eraums
907 1650 1053 1732 dispositi
1074 1652 1116 1717 ad
1133 1652 1189 1718 hu·

72 1756 198 1823 bendum
210 1778 325 1841 pacem
342 1779 414 1821 cum
432 1757 563 1821 domiuo
574 1755 675 1838 Rege,
689 1756 751 1839 ipsi
762 1756 913 1821 volebant
924 1778 995 1822 earu
1007 1757 1190 1841 noliscum;

72 1871 99 1930 ct
112 1865 192 1949 quod
208 1871 315 1932 esseut
331 1865 439 1948 parati
455 1883 522 1928 esse
539 1868 654 1928 contra
670 1864 817 1928 inimicos
843 1869 979 1944 nostros,
997 1866 1024 1930 si
1040 1866 1102 1950 ipsi
1120 1869 1188 1933 uol-

72 1974 133 2037 lent
147 1973 398 2040 condescendere
415 1973 458 2038 ad
473 1992 584 2056 pacem
592 1973 724 2056 justam.
749 1970 890 2054 Propter
907 1994 968 2056 que
984 1973 1085 2038 rerba
1101 1975 1187 2040 clare

71 2083 408 2166 comprehendebamus
440 2081 653 2145 intentionem
688 2100 788 2158 suam,
830 2079 997 2144 intendere
1037 2080 1080 2146 ad
1108 2083 1189 2164 du0;

72 2213 159 2256 unum
176 2197 248 2256 erat
273 2191 315 2256 ad
340 2191 494 2256 bonorem
527 2185 733 2254 Serenissimi
759 2187 882 2252 domini
906 2186 1007 2272 Regis
1023 2187 1189 2274 Vngarie3

72 2298 152 2364 aliud
168 2307 238 2365 erat
253 2299 296 2366 cd
313 2299 587 2365 conservationem
605 2302 637 2361 et
653 2295 857 2361 commodum
875 2295 1025 2364 Civitatis
1060 2299 1190 2366 Veneti-

5 2404 10 2415 '
71 2427 162 2488 arum,
179 2407 221 2472 ad
238 2429 299 2492 que
327 2407 435 2472 omnia
468 2405 566 2470 etiam
591 2403 781 2470 Dominatio
806 2403 927 2472 Vestra
952 2407 1118 2490 vigilabat.
1144 2409 1190 2474 Et

72 2513 174 2580 obhoc
189 2536 244 2580 nos
261 2513 508 2580 notificabamus
535 2512 651 2595 eidem,
676 2512 764 2596 quod
790 2510 979 2578 Domiuatio
1005 2512 1127 2581 Vestra
1143 2515 1189 2580 af-

71 2622 202 2688 fectabat
218 2605 338 2688 habere
354 2643 467 2704 pacem
484 2641 556 2684 cum
573 2618 786 2686 serenissimo
803 2617 932 2686 domiuo
949 2621 1050 2706 Rege,
1067 2630 1188 2690 etcum

72 2731 204 2796 omuibus
220 2731 383 2814 colligatis
399 2729 482 2810 suis;
500 2734 532 2792 et
548 2727 632 2792 ratio
651 2734 732 2808 erat,
749 2727 826 2810 quia
852 2735 1039 2794 remanente
1065 2729 1187 2799 Vestra

72 2837 291 2906 Domiuatione
308 2841 341 2904 in
359 2859 438 2922 pace
456 2859 528 2902 curn
545 2836 693 2902 omnibus
713 2837 887 2921 colligatis,
904 2861 960 2903 ros
986 2840 1100 2906 melius
1117 2863 1188 2924 pos·

72 2949 139 3014 setis
154 2947 406 3015 condescendere
423 2946 463 3012 ad
496 2945 683 3011 laciendum
700 2946 741 3012 dc
756 2946 822 3030 hijs
855 2967 918 3029 que
945 2955 1130 3031 spectarent
1146 2950 1188 3015 ad

72 3056 224 3122 commoda
239 3055 362 3122 domini
380 3055 489 3138 Regis,
509 3075 606 3138 quam
622 3075 686 3118 uon
702 3053 852 3118 habendo
869 3074 980 3135 pacem
997 3077 1068 3120 curn
1086 3059 1187 3121 omni·

72 3160 138 3245 bus;
152 3185 207 3247 pro
223 3187 271 3248 ec,
290 3164 378 3247 quod
393 3185 457 3227 non
473 3161 625 3226 habendo
641 3181 766 3243 pacem,
783 3145 904 3226 Vestra
930 3161 1118 3228 Dominatio
1136 3184 1187 3228 co·

72 3281 136 3337 acta
164 3279 245 3338 esset
274 3271 318 3338 ad
343 3271 524 3336 faciendum
551 3270 670 3334 multas
696 3291 859 3352 expensae,
884 3289 967 3351 quas
991 3269 1099 3335 lacere
1124 3293 1188 3336 non

71 3389 220 3461 oporteret
243 3403 358 3466 pacem
397 3379 548 3447 babendo
574 3400 645 3442 cunr
680 3379 846 3459 omnibus;
880 3378 1082 3445 recordando
1123 3379 1186 3445 sibi

71 3490 230 3565 curialiter,
246 3489 336 3571 quod
352 3485 477 3554 Civitas
494 3485 707 3554 Venetinrum
724 3508 783 3569 pro
801 3487 949 3552 babendo
981 3508 1094 3571 pacem
1111 3510 1184 3553 cum

72 3596 129 3662 solo
145 3598 273 3664 domino
291 3597 391 3679 Rege,
407 3603 440 3660 et
449 3595 646 3662 remanendo
658 3595 691 3658 in
702 3616 822 3682 guerra
833 3617 904 3660 cum
922 3595 997 3678 alijs
1013 3595 1185 3680 colligatis,

1 3681 2 3698 χ
72 3726 125 3769 non
139 3705 352 3771 sublevabant
368 3705 409 3769 ab
427 3703 585 3786 expensis,
600 3725 657 3767 uec
677 3709 852 3786 propterca
877 3704 1019 3770 habebat
1046 3725 1133 3769 mare
1149 3705 1186 3768 li·

73 3811 181 3896 berum,
197 3836 257 3880 nec
274 3815 401 3895 copiam
418 3812 622 3890 victualium3
638 3815 670 3874 et
691 3809 777 3894 quod
803 3833 860 3876 nos
877 3813 995 3876 multos
1013 3811 1124 3878 modos
1140 3813 1185 3877 ri·

73 3920 221 4007 debemus,
248 3944 329 4008 quos
354 3920 560 4006 putabamus,
579 3919 664 4002 quod
690 3919 716 3982 si
740 3919 884 3984 dicerent
908 3917 1128 3986 Jarruensibus
1155 3927 1187 3985 et

1 4097 3 4107 ι
73 4026 197 4096 Domino
214 4031 339 4112 Padue,
355 4029 416 4112 ipsi
433 4028 650 4093 verisimiliter
670 4026 903 4092 reducerentur
928 4027 972 4092 ad
996 4029 1186 4114 condescen-

74 4135 198 4202 dendum
214 4139 258 4204 ad
273 4158 396 4221 pacem,
413 4157 494 4220 quos
506 4135 636 4218 quidem
647 4136 758 4200 modos
774 4135 835 4200 sibi
847 4134 1027 4200 diceremus
1044 4134 1186 4218 quaudo-

75 4265 187 4329 cunque
202 4246 346 4328 placeret
361 4241 656 4324 ExcellentieSue;
681 4242 912 4324 concludendo,
928 4244 1014 4326 quod
1040 4242 1187 4308 observu-

1 4351 2 4398 t
75 4350 111 4415 tis
121 4353 208 4418 dictis
225 4355 338 4435 modis,
355 4361 388 4418 et
405 4354 493 4418 omni
509 4352 815 4438 experientiafacta,
837 4351 1095 4435 quandocunque
1105 4351 1185 4416 dicti

1 4455 2 4525 Ῑ
76 4455 238 4526 dannenses
254 4468 288 4527 et
313 4459 472 4526 Dominus
497 4459 611 4524 Padue
638 4458 760 4524 nollent
784 4457 1038 4524 condescendere
1063 4457 1104 4523 ad
1129 4481 1185 4542 pa·

1 4585 2 4658 ,
77 4585 151 4647 cem;
173 4567 396 4636 nichilominus
412 4567 592 4634 uolentibus
618 4569 664 4633 eis
681 4589 740 4652 pro
766 4567 894 4632 domino
920 4565 1012 4653 Rege
1028 4565 1136 4633 iacere
1152 4566 1185 4632 iu
