3172 5254
984 373 999 406 Ι

582 410 677 478 1378.
1134 415 1197 480 163

77 586 151 656 dicte
175 587 329 659 Civitatis
356 598 389 658 et
413 592 587 660 salariatis.
615 592 681 658 Pro
698 592 814 676 quibus
831 593 978 659 omnibus
996 596 1195 679 supradictis

1 702 2 766 ζ
74 701 185 765 firmius
200 701 414 767 observandis
430 709 462 765 et
479 699 684 766 attendendis
695 700 834 783 predicti
850 701 974 768 Sindici
991 710 1025 767 et
1041 725 1194 786 procura-

1 799 2 884 }
76 816 162 887 tores
186 811 315 874 nomine
342 831 405 892 quo
431 829 539 892 supra,
565 809 755 872 iuraverunt
780 811 996 892 corporaliter
1022 809 1064 874 ad
1091 809 1196 876 Sacra

74 917 127 982 Dei
144 919 332 1002 Evangelia,
352 919 451 984 tectis
470 915 659 1000 Scriptura,
675 917 739 1000 ipsi
756 916 887 983 domino
912 919 1080 985 Lodorico
1097 920 1197 1003 stipu-

1 1009 2 1080 ζ
74 1025 146 1090 lauti
162 1034 194 1092 et
209 1027 380 1110 recipienti
397 1027 524 1090 nomine
542 1024 729 1108 supradicto
746 1025 924 1091 dominium
941 1025 1025 1092 dicte
1042 1025 1196 1094 Civitatis

1 1163 2 1183 ³
72 1141 101 1198 et
115 1134 293 1218 Regiminis
311 1141 345 1200 et
360 1135 539 1201 Districtus
556 1154 787 1217 recognoscere
803 1135 844 1200 ab
862 1135 976 1200 eadem
993 1135 1112 1202 Ducali
1129 1133 1197 1200 Do·

1 1228 2 1232 ¹
73 1243 249 1326 minuemus,
274 1250 307 1308 et
331 1243 436 1308 eidem
453 1249 644 1326 perpetuam
661 1264 790 1308 servare
805 1244 1014 1325 fidelitatcm3
1038 1250 1072 1309 et
1089 1266 1105 1308 e
1122 1266 1194 1309 con·

1 1360 2 1436 p
74 1371 152 1417 uerso
177 1353 283 1416 dictus
309 1351 457 1416 dominus
484 1350 676 1442 Lodouicus‚
702 1353 831 1418 nornine
858 1374 922 1434 quo
940 1375 1048 1437 supra,
1074 1354 1194 1418 iuravit

1 1447 2 1524 l
73 1461 272 1544 corporaliter
288 1461 331 1526 ad
349 1459 453 1526 Sacra
469 1461 531 1525 Dei
557 1461 750 1544 Evangelia,
775 1463 873 1526 tactis
891 1461 1079 1546 Scripturis,
1097 1461 1193 1527 dictis

1 1543 2 1573 ¹
72 1565 200 1634 Sindicis
217 1577 252 1635 et
263 1571 530 1654 procuratoribus
548 1569 780 1652 stipulantibus
798 1576 830 1634 et
846 1571 1077 1653 recipientibus
1095 1571 1196 1636 nomi-

1 1701 2 1715 2
71 1677 156 1742 uibus
171 1701 270 1762 supra
286 1677 390 1758 dictis,
401 1677 566 1760 prefectos
578 1678 671 1758 cives,
688 1677 947 1744 Vniuersitatem
965 1685 998 1742 ec
1016 1677 1195 1743 Commune

72 1783 148 1850 Arbi
164 1808 293 1870 semper
309 1785 501 1866 deffendere,
518 1793 738 1866 manutenere,
748 1792 943 1868 guarentare
960 1793 992 1850 et
1009 1784 1193 1851 deffendere

71 1891 262 1959 abomnibus
280 1893 427 1960 hostibus
439 1901 472 1958 et
483 1897 637 1977 personis
655 1893 800 1977 Colegiis
817 1900 850 1959 et
862 1893 1144 1961 Vniuersitatibus
1160 1900 1194 1958 et

1 1989 2 2018 ¹
71 1997 293 2068 Communibns
310 2003 566 2085 quibuscumque
583 2023 656 2067 cum
677 2002 782 2066 modis
799 2009 831 2066 et
847 2001 1103 2083 condicionibus,
1120 2023 1193 2067 con-

1 2143 2 2171 :
70 2110 286 2175 suetudinibus
313 2117 346 2175 et
371 2110 488 2194 gratiis
514 2108 718 2192 supradictis.
744 2107 795 2173 De
822 2108 939 2191 quibus
965 2108 1029 2173 duo
1054 2110 1193 2175 debeant

69 2214 129 2280 lieri
152 2221 371 2284 instrumenta
391 2217 533 2282 eiusdem
551 2216 709 2282 sententie
736 2223 769 2281 et
794 2216 925 2296 tenoris,
942 2237 1077 2299 quorum
1094 2239 1192 2282 unum

1 2299 3 2377 l
70 2322 107 2387 sit
121 2347 215 2407 penes
233 2325 414 2390 Commune
424 2325 642 2406 Veneciaruu,
654 2331 687 2388 et
698 2324 788 2389 aliud
798 2345 897 2407 penes
908 2322 1086 2388 Commune
1097 2323 1192 2390 Arbi.

274 2433 349 2516 Ego
365 2433 585 2498 Francissono
602 2431 641 2496 de
659 2431 828 2498 Boclrollis
844 2431 938 2496 testis
956 2431 1142 2516 subscripsi.

272 2542 347 2625 Ego
363 2541 537 2608 Johannes
555 2541 594 2606 de
611 2541 752 2608 Viderio
768 2540 861 2605 testis
878 2541 1062 2624 subscripsi.

278 2651 348 2733 lilgo
365 2647 536 2715 Johannes
553 2649 659 2714 Miani
676 2649 769 2714 testis
787 2648 974 2732 subscripsi.

271 2759 345 2839 Ego
361 2758 547 2823 Lodoricus
564 2757 750 2823 Contareno
767 2757 862 2823 testie
880 2757 1065 2838 subscripsi.

272 2865 347 2949 Ego
363 2864 386 2931 d
390 2868 534 2932 ohannes
550 2866 590 2932 de
609 2865 767 2932 Nordolis
783 2866 823 2931 de
839 2865 945 2930 Imola
963 2863 1190 2930 (lancellnrius

430 2975 435 2985 '
473 2976 634 3044 Arbensis
652 2984 713 3043 etc.
729 2998 780 3042 me
797 2976 982 3060 subscripsi.

705 3086 778 3168 Ego
822 3085 980 3151 Nicolaus
1025 3082 1187 3149 Johnnnis

597 3192 727 3260 M‘arhei
744 3192 783 3258 de
804 3190 1032 3258 Curtarondlis
1051 3190 1191 3273 predicti

565 3343 569 3352 -
593 3301 781 3383 Districtus,
796 3298 1190 3382 PublicaImperialiauc-

257 3409 315 3494 (P.
333 3409 393 3494 H.)
593 3411 728 3476 toritate
770 3407 929 3474 Notarius
961 3414 994 3473 ct
1025 3406 1192 3474 Arbensis

592 3518 733 3584 duratus
748 3518 812 3582 hiis
829 3518 978 3584 omnibus
995 3515 1139 3594 interfui,
1158 3523 1191 3580 et

597 3632 734 3708 rogatus
760 3626 911 3706 scribere,
938 3626 1063 3708 scripsi,
1088 3624 1192 3708 publi·

590 3733 661 3800 cavi
678 3739 710 3799 et
726 3733 885 3799 roborari.

218 3878 361 3938 (Eredetie
373 3878 546 3942 bdrhrirtytn
558 3893 575 3928 a
587 3879 725 3929 veleuczei
738 3895 811 3945 nagy
825 3877 1019 3938 levtltltrban.)
