3226 5254
606 326 700 392 1380.
1156 325 1221 390 401

7 575 9 594 ζ
93 505 259 588 recipienti
269 507 493 589 procuratorio
505 506 759 586 nomine,teuere
769 508 802 567 et
812 501 1225 588 possideraReuuaptiaus

97 608 201 676 dictus
217 610 367 676 dominus
382 609 552 676 Baldaxar
571 611 605 675 iu
620 607 776 694 predictis
802 609 951 676 omnibus
969 615 1001 674 et
1016 610 1151 694 singulis
1168 633 1220 676 ex·

97 718 234 801 ceptioni
252 723 284 783 et
299 717 451 784 benefitio
468 740 533 784 non
549 719 594 782 sio
610 715 766 782 celebrati
789 723 986 797 contractus,
1002 723 1036 780 et
1052 739 1118 784 non
1135 717 1220 785 facte

96 825 177 890 dicte
193 825 428 909 promissionis,
456 825 670 910 obligationis
695 833 728 890 et
754 825 1001 909 procurationis,
1027 831 1059 891 et
1083 847 1147 891 nou
1176 828 1223 892 sie

7 925 9 1028 J
94 941 245 1016 actorum,
261 933 422 1002 factorum
438 941 471 1001 et
486 945 654 1020 gestorum
664 935 808 999 omnium
818 933 1092 1019 supradictorum,
1108 954 1221 1018 exeep-

94 1043 171 1106 tioni
187 1043 259 1109 siue
277 1064 386 1123 causa,
403 1065 443 1109 ex
459 1043 581 1110 iniusta
597 1063 696 1110 causa
711 1043 746 1107 in
760 1042 840 1108 facti
855 1043 977 1108 actioni
993 1048 1026 1108 et
1041 1041 1103 1108 fori
1124 1043 1221 1126 priri-

90 1149 185 1234 legio,
201 1159 234 1216 et
250 1153 337 1218 omni
354 1151 411 1217 alii
426 1153 555 1233 auxilio,
571 1150 736 1234 benefitio,
752 1150 815 1217 sibi
834 1150 1076 1236 quomodolibet
1093 1173 1217 1236 compe-

91 1259 233 1327 tentibus
249 1260 300 1326 rel
316 1261 550 1345 competitoris,
566 1267 600 1324 et
615 1259 798 1344 exceptioni
815 1265 848 1326 et
870 1259 946 1342 juri,
961 1265 994 1325 et
1011 1259 1075 1342 legi
1093 1259 1215 1324 dicenti

7 1449 9 1460 γ
89 1367 273 1448 generalem
302 1370 611 1453 renumptiationem
636 1389 702 1432 non
726 1366 843 1432 valere.
869 1363 932 1432 Cui
957 1367 1088 1450 quidem
1114 1365 1216 1433 nobili

7 1473 9 1498 '
88 1475 152 1540 riro
169 1474 301 1542 domino
321 1476 503 1543 Baldaxari
518 1475 667 1561 predicto
694 1475 844 1559 presenti,
870 1473 992 1539 volenti
1008 1480 1042 1539 et
1067 1473 1218 1558 predicta

7 1569 9 1652 Ϊ
88 1585 192 1650 omnia
209 1589 242 1649 et
259 1585 391 1668 singula
406 1585 593 1652 conficienti
618 1583 751 1668 precepi
767 1603 826 1666 ego
854 1582 1011 1648 Ristorus
1027 1581 1138 1649 Judex
1154 1582 1218 1649 Or·

7 1657 14 1786 i¹
87 1690 232 1758 dinarius
249 1701 281 1758 et
295 1691 456 1760 Notarius
472 1693 630 1759 Publicus
646 1691 876 1775 infrascriptos
892 1711 952 1774 per
972 1690 1214 1774 guarentigiam

7 1799 9 1856 1
86 1811 116 1865 et
130 1804 260 1868 nomine
272 1801 459 1887 juramenti,
476 1808 573 1886 prout
589 1803 668 1867 mihi
684 1801 777 1866 licuit
803 1805 836 1865 et
858 1801 932 1865 lieet
947 1822 988 1866 ex
1002 1799 1109 1866 forma
1125 1801 1215 1885 eapi-

86 1911 144 1974 tuli
175 1909 302 1977 Statuti
334 1911 521 1978 Communis
543 1909 712 1976 Florentio
744 1909 783 1974 de
809 1910 1017 1992 guarentigia
1042 1907 1214 1992 loquentis,

7 2083 8 2108 ,
87 2028 246 2099 quatenus
270 2021 421 2104 predicta
447 2019 556 2086 omnia
571 2026 606 2084 et
621 2018 751 2103 singula
767 2016 877 2100 iaciat,
894 2018 1043 2085 observet
1062 2025 1094 2084 et
1109 2025 1214 2084 atten-

7 2123 10 2188 1
86 2129 150 2210 dat,
168 2135 205 2193 ut
220 2151 320 2211 supra
335 2129 492 2212 promisit,
509 2129 698 2194 continetur
713 2133 746 2191 et
762 2128 917 2211 scriptum
933 2133 991 2192 est.

7 2219 9 2246 ⁵
623 2237 698 2319 Ego
719 2235 872 2302 Ristorus
890 2235 981 2324 filius¹
1002 2234 1138 2302 condam
1164 2257 1216 2302 ser

512 2343 641 2426 Jacobi‚
667 2342 755 2409 Giris
790 2343 1012 2426 Florentinus,
1045 2344 1214 2430 Imperiali

512 2453 709 2518 auctoritate
760 2451 786 2519 J
789 2451 873 2516 udex
932 2449 1128 2519 Ordinarius
1179 2457 1211 2520 et

164 2559 304 2645 (Jegyzo
326 2559 428 2645 jegy).
512 2558 670 2626 Notarius
689 2559 854 2640 Publicus
880 2559 1036 2643 predictis
1064 2560 1213 2627 omnibus

514 2675 548 2732 et
563 2666 699 2751 singulis
716 2668 794 2732 dum
819 2674 997 2750 agerentur
1020 2667 1165 2752 interlui,
1181 2677 1214 2733 et

515 2797 554 2840 ea
569 2783 704 2857 rogatus
724 2776 837 2859 rogavi
854 2781 887 2841 et
902 2775 1103 2858 imbrevievi,
1120 2782 1153 2841 et
1171 2776 1213 2841 ad

515 2905 647 2966 presens
672 2884 746 2950 aliis
772 2885 911 2968 negotiis
936 2890 1113 2968 occupatus
1140 2906 1212 2968 pre·

7 3075 9 3086 ,
513 2992 603 3056 dicta
633 2994 743 3058 omnia
772 2999 804 3055 et
830 2993 959 3076 singula
990 2993 1213 3076 suprascripta

85 3101 276 3184 complenda
293 3107 325 3166 et
342 3099 538 3185 publicanda
554 3104 698 3167 commisi
709 3101 918 3186 infracsripto
940 3123 991 3166 ser
1007 3103 1092 3185 Ligo
1108 3101 1211 3165 Fran·

7 3185 9 3270 i
85 3211 160 3274 cisci
176 3209 316 3274 Notario
333 3208 478 3290 Publice,
495 3216 527 3275 et
542 3209 615 3273 ideo
633 3230 687 3274 me
712 3209 889 3292 subscripsi
905 3216 938 3274 et
954 3208 1082 3291 signum
1105 3230 1211 3274 meum

84 3317 218 3400 apposui
238 3323 438 3382 consuetum.

622 3427 695 3510 Ego
711 3425 839 3511 Lighus
849 3425 934 3493 filius
950 3427 1088 3493 condam
1104 3427 1209 3494 Fran·
1326 3476 1331 3485 ,

511 3535 586 3602 cisoi
603 3535 703 3618 Lighi
719 3536 759 3602 de
785 3535 874 3602 Loro
899 3536 977 3600 civis
1000 3536 1209 3602 Florentiuus

511 3642 1209 3727 ImperialiauctoritateJudexOrdinarius

163 3751 311 3837 (Jegyzoi
324 3752 424 3840 jegy).
508 3759 543 3816 et
569 3751 727 3820 Notarius
743 3751 908 3836 Publicus
928 3752 1076 3837 predicta
1101 3754 1209 3818 omnia

510 3864 544 3924 et
560 3859 690 3944 singula
706 3880 745 3923 ex
761 3859 1003 3926 imbreviaturis
1019 3867 1051 3927 et
1067 3862 1210 3944 rogatio·

420 4005 425 4014 ·
510 3967 605 4034 nibus
646 3968 863 4052 suprascripti
903 3989 955 4035 ser
994 3969 1118 4034 Ristori
1157 3988 1208 4032 ser

507 4075 653 4161 Jaehopi
667 4077 808 4154 Notarii,
835 4077 946 4160 vigore
972 4077 1207 4143 commissionis

82 4180 116 4244 ia
131 4203 341 4268 inspersum
367 4184 452 4250 facte
478 4183 518 4248 de
543 4183 742 4268 complenda,
759 4189 792 4248 et
807 4182 1012 4267 publicando,
1039 4191 1075 4250 ut
1101 4206 1201 4269 supra

7 4323 8 4328 κ
83 4295 179 4371 patet,
203 4294 255 4358 bic
280 4292 420 4358 fideliter
444 4292 646 4376 transcripsi,
678 4291 834 4375 complevi
866 4299 898 4356 et
923 4292 1096 4376 publicavi,
1122 4301 1155 4359 et
1172 4296 1206 4359 in

7 4467 8 4470 Ἴ
84 4395 164 4462 hana
187 4400 351 4484 publicam
376 4400 513 4466 formam
539 4399 660 4482 redegi,
685 4405 719 4464 et
743 4399 830 4483 quod
855 4421 954 4483 supra
978 4402 1013 4465 in
1038 4401 1206 4484 trigesima

85 4507 214 4588 septima
230 4510 318 4576 linea
334 4510 552 4575 cancellatum
579 4517 628 4574 est
643 4509 677 4572 in
693 4507 752 4574 hec
778 4508 875 4575 rerba
901 4513 934 4572 et
959 4508 1183 4576 cancellatura
1199 4537 1206 4577 :

130 4643 187 4680 ror.
202 4647 283 4684 nuno.
300 4647 367 4682 rrrsr.
384 4657 426 4669 -·
444 4645 511 4683 scra
530 4647 590 4682 uxr.
606 4647 645 4682 111·
1056 4622 1097 4686 116
