3134 5254
393 436 456 494 300
749 449 983 494 nrmonsczrm
1000 437 1167 495 sundran.

392 611 431 675 de
447 610 574 694 magnis
591 607 742 691 dampnis
759 631 821 693 qne
838 615 1015 692 receperat,
1026 609 1209 694 etqualiter
1221 612 1498 696 marsupinmsnum

392 725 465 783 erat
481 721 655 783 vacuatum
671 738 731 800 pro
747 717 820 782 istis
836 716 941 782 factis.
958 717 1004 782 nt
1020 719 1108 802 qnod
1133 724 1310 802 propterea
1330 720 1499 785 condescen-

392 825 500 892 dendo
525 824 567 891 ad
594 825 751 890 minorem
776 824 1004 909 quantitatem,
1020 826 1081 908 ipsi
1099 846 1162 892 non
1180 828 1300 906 vident,
1318 827 1450 910 qualiter
1463 829 1499 892 irc

392 935 547 1002 deberent
572 955 683 1000 coram
701 955 766 1016 -eo;
790 934 838 1000 ita
864 932 955 1017 quod
976 934 1065 1000 nullo
1091 935 1187 1001 modo
1204 934 1318 1001 volunt
1332 935 1501 1002 condescen-

390 1044 467 1110 dere
482 1044 525 1110 ad
541 1043 696 1110 minorem
706 1041 924 1126 quantitatem
940 1042 1035 1108 unius
1052 1041 1176 1109 miliani
1189 1068 1196 1124 ;
1220 1042 1368 1108 »dicente
1383 1043 1446 1128 ipso
1459 1042 1501 1107 do·

391 1154 478 1218 mino
494 1152 622 1220 Karolo
638 1151 746 1217 eidem
762 1151 893 1217 domino
910 1149 1076 1236 Generali‚
1094 1150 1182 1234 quod
1199 1150 1247 1216 ilii
1265 1151 1323 1236 qui
1338 1158 1429 1217 erant
1442 1151 1501 1215 duri

390 1263 425 1326 in
450 1262 513 1327 hac
538 1261 698 1344 opinione,
727 1265 821 1326 erant
847 1258 995 1324 dominus
1019 1259 1166 1326 Jacobns
1191 1259 1341 1344 Ispanns,
1372 1261 1500 1325 dominus

394 1368 518 1451 Achus,
535 1368 684 1435 dominus
699 1366 875 1435 Umbricus
892 1366 999 1450 Miles,
1016 1374 1051 1432 et
1068 1367 1111 1432 ad
1127 1367 1217 1432 illam
1227 1368 1412 1452 opinionem
1421 1367 1498 1434 adhe-

390 1479 485 1544 rebat
509 1476 658 1542 dominns
673 1476 872 1542 Benedictus
904 1477 1027 1542 Banus.
1060 1474 1125 1542 Sed
1158 1476 1308 1542 dominus
1341 1478 1501 1561 Episcopus

393 1584 789 1670 Quinque-Ecclesiam,
818 1583 968 1648 dominus
983 1582 1126 1666 Magnus
1144 1582 1270 1666 Comes,
1287 1582 1387 1650 Sutor
1401 1585 1500 1650 Petrus

391 1693 504 1758 Banus
518 1691 600 1757 bene
616 1690 888 1758 condescederent
903 1692 946 1759 ad
961 1693 1144 1776 opinionem
1171 1692 1294 1758 domini
1310 1691 1501 1773 Kar01i;sed

392 1803 538 1868 videntes
553 1800 626 1866 illos
642 1807 730 1866 stare
747 1807 935 1868 constantes
951 1802 983 1867 in
1001 1801 1152 1886 opinione
1170 1824 1237 1884 sna,
1255 1823 1320 1868 non
1336 1801 1447 1868 audent
1461 1822 1502 1866 sn·

391 1931 478 1976 mere
495 1931 576 1975 onus
592 1909 773 1994 predictum
790 1931 886 1994 super
901 1933 944 1978 se.
960 1912 1006 1979 Et
1023 1913 1102 1977 dicit
1117 1912 1187 1996 ipse
1204 1910 1359 1978 dominus
1380 1909 1501 1976 Genera·

389 2019 440 2098 lis,
457 2017 544 2101 quod
560 2017 667 2082 dictus
692 2016 840 2082 dominns
864 2017 1008 2084 Karolus
1027 2019 1088 2084 sibi
1108 2019 1199 2098 dixit,
1215 2019 1328 2084 videns
1346 2041 1408 2086 non
1424 2039 1502 2103 posse

390 2127 497 2193 facere
514 2126 547 2192 id
563 2125 650 2210 quod
666 2125 795 2192 volebat
811 2151 817 2191 :
837 2124 950 2192 »Unus
962 2127 1076 2192 modus
1086 2127 1253 2193 videretur
1267 2128 1374 2209 michi,
1389 2127 1499 2212 qnando

391 2237 448 2302 isti
475 2233 611 2301 Domini
636 2233 752 2300 nolunt
787 2235 1043 2336 cpndescendere
1075 2236 1116 2301 ad
1142 2237 1342 2303 voluntatem
1370 2239 1503 2314 istorum3

392 2343 479 2428 quod
495 2365 554 2428 pro
572 2363 636 2408 non
662 2343 918 2425 derelinquendo
938 2343 1027 2409 istud
1043 2343 1165 2410 factum
1182 2345 1245 2427 ipsi
1262 2350 1418 2428 ponerent
1432 2365 1460 2408 se
1474 2342 1500 2405 in

392 2453 542 2522 manibus
558 2452 681 2517 domini
696 2450 799 2537 Regis
824 2451 866 2517 ab
894 2452 951 2518 ilia
961 2453 1144 2536 quantitate
1155 2460 1382 2519 sexcentorum
1397 2452 1501 2517 milium

391 2562 584 2628 florenorum
601 2561 764 2645 usquead
782 2561 873 2626 illam
891 2562 1113 2644 quantitatem
1134 2563 1230 2627 nnius
1247 2563 1373 2629 miliani
1387 2561 1502 2628 floreno

393 2689 473 2749 rum,
489 2666 529 2733 de
546 2689 583 2734 eo
600 2668 679 2753 quid
695 2668 794 2734 rellet
810 2689 951 2752 gravare
968 2689 1042 2750 eos3
1067 2675 1100 2735 et
1116 2669 1203 2752 qnod
1219 2670 1326 2736 adhuc
1342 2668 1502 2736 volentibus

391 2778 437 2840 eis
454 2774 562 2841 facere
578 2775 648 2856 hoc,
665 2797 730 2841 non
746 2774 911 2841 rideretur
926 2773 1132 2862 michi,:quod
1146 2777 1208 2860 ipsi
1224 2776 1382 2842 deberent
1395 2775 1502 2860 aperire

391 2905 435 2965 se,
452 2887 485 2948 et
502 2883 608 2948 dicere
625 2885 736 2948 statim
752 2881 850 2967 istud,
867 2881 924 2948 sed
940 2905 1025 2949 cnm·
1039 2883 1203 2967 aliquibus
1220 2887 1325 2950 cautis
1340 2884 1439 2952 modis
1453 2882 1503 2965 ipsi

390 2990 603 3058 dimittebant
628 2993 716 3057 istud
742 2992 919 3076 capitulum
943 2993 991 3058 ita
1015 2993 1049 3058 in
1077 3014 1242 3077 suspenso,
1257 2999 1293 3058 ct
1308 2994 1448 3060 dicerent
1471 2988 1502 3053 de

391 3097 496 3166 eundo
514 3099 557 3164 ad
582 3099 647 3166 alia
672 3101 817 3183 capitula
845 3099 968 3165 domini
984 3099 1096 3185 Regis.
1113 3103 1159 3168 Et
1176 3121 1318 3182 cansam,
1336 3104 1501 3185 quomovet

391 3231 465 3274 eum
482 3209 525 3275 ad
541 3207 782 3292 consulendum,
799 3209 1047 3292 quodteneatnr
1061 3211 1123 3275 iste
1139 3211 1253 3275 modus
1270 3218 1338 3290 est;
1362 3211 1436 3292 quia
1450 3209 1502 3274 Do

390 3318 497 3383 minus
514 3317 652 3398 Padue‚.
671 3317 726 3402 qui
751 3317 831 3383 facit
857 3323 962 3384 totum
988 3318 1022 3396 id
1047 3318 1128 3400 quid
1144 3325 1260 3402 potest,
1275 3319 1364 3401 quod
1379 3319 1439 3384 ista
1451 3337 1503 3401 par

254 3457 261 3471 ·
390 3447 555 3508 nunquam
581 3425 646 3508 fiet,
670 3427 731 3492 nisi
753 3424 882 3510 quando
899 3426 995 3509 volet,
1014 3425 1145 3510 faceret,
1162 3426 1252 3512 quod
1268 3429 1324 3494 isti
1341 3428 1393 3512 qni
1408 3430 1502 3494 tenent

391 3556 463 3599 curn
481 3555 529 3615 eo,
545 3534 572 3598 si
587 3533 676 3598 istud
693 3534 870 3617 capitulum
888 3541 975 3600 esset
991 3535 1209 3619 terminatum,
1225 3537 1258 3599 in
1276 3536 1352 3621 alijs
1368 3533 1503 3620 capitulis

391 3643 574 3708 invenirent
600 3647 632 3707 et
658 3648 816 3725 ponerent
841 3665 968 3728 semper
995 3643 1140 3726 aliquam
1161 3645 1389 3728 exceptionem,
1404 3651 1438 3707 nt
1452 3661 1503 3726 par

393 3752 627 3831 destrueretur,
653 3757 686 3815 et
711 3751 799 3834 quod
826 3751 999 3817 concordia
1015 3773 1080 3818 non
1097 3756 1298 3835 sequeretur,
1315 3753 1397 3817 sicut
1413 3753 1503 3817 dictus

391 3858 551 3924 Dominus
582 3856 699 3923 Padus
723 3861 874 3941 temptat.
905 3859 951 3924 Et
976 3859 1004 3924 si
1030 3857 1152 3924 dictum
1169 3858 1347 3942 capitulum
1372 3879 1432 3924 non
1455 3853 1503 3921 erit

394 3967 637 4049 concordatum,
655 3972 688 4032 et
712 3973 857 4033 remanet
873 3967 920 4034 ita
935 3968 968 4032 in
983 3989 1147 4052 suspenso,
1172 3967 1286 4034 melius
1302 3967 1503 4035 terminabun-

390 4084 445 4142 tur
461 4077 527 4142 alia
543 4074 696 4160 capitula.
716 4075 780 4142 »Et
796 4083 974 4160 propterea
989 4075 1124 4142 dabitur
1151 4076 1241 4180 rqbis
1259 4083 1377 4160 scorta,
1393 4097 1450 4162 quc
1463 4091 1502 4135 re·

391 4184 459 4251 niet
474 4183 637 4250 vobiscum
650 4210 657 4266 3
681 4189 714 4249 et
730 4186 758 4250 si
773 4183 819 4250 ibi
834 4184 968 4250 Domini
984 4185 1098 4252 volunt
1114 4184 1288 4252 observare
1304 4186 1383 4252 istos
1400 4181 1502 4252 modos

393 4293 503 4358 dicens
529 4291 579 4356 illi
605 4293 661 4376 qui
685 4292 791 4357 veniet
815 4291 993 4375 vobiscum,
1019 4293 1106 4376 quod
1122 4292 1192 4376 ipse
1208 4291 1297 4358 dicat
1313 4293 1418 4374 michi,
1433 4281 1502 4374 qnod

392 4421 464 4466 cras
481 4400 632 4465 mittatur
648 4406 756 4466 scorta
772 4421 833 4484 pro
849 4400 914 4465 illis
940 4400 1109 4482 Dominis;
1133 4401 1213 4484 quia
1228 4400 1341 4466 volunt
1356 4400 1457 4466 venire
1470 4391 1503 4461 ad

392 4530 452 4590 me,
469 4515 502 4573 et
519 4530 580 4593 ego
597 4510 724 4575 mittam
741 4531 800 4592 pro
820 4511 897 4575 eis«.
913 4511 957 4576 Et
973 4511 1007 4575 in
1025 4531 1103 4576 casu
1119 4530 1182 4594 quo
1198 4507 1320 4575 vellent
1336 4515 1421 4575 stare
1435 4502 1503 4571 firmi

392 4614 427 4680 iu
451 4615 617 4701 proposito
644 4638 710 4700 suo,
736 4639 800 4688 non
826 4625 956 4705 oportet
980 4618 1110 4688 mittere
1137 4617 1179 4686 ad
1200 4615 1374 4686 dicendum
1390 4608 1502 4702 aliquit
