3214 5250
576 367 671 443 last.
1123 365 1181 439 tet

61 571 134 618 vero
150 561 183 618 et
198 553 355 619 benivolis
372 557 491 620 nostris
507 556 550 621 ad
565 557 722 639 gaudium
739 563 771 619 et
792 556 1039 633 exultationem,
1063 560 1101 619 ut
1126 554 1189 638 ipsi

63 662 127 725 sint
142 662 317 745 participes
334 662 418 730 dono
435 663 553 729 Divina
570 664 794 748 dispositionis
810 665 903 729 nobis
920 664 1035 730 celitus
1061 685 1189 736 conces-

61 789 105 832 so.
121 768 259 851 Idcirco,
274 776 311 835 ut
326 771 500 854 prefertur,
516 773 558 839 ad
576 773 723 839 eiusdem
740 771 875 838 Ducalis
891 771 1033 836 Dominii
1044 770 1191 835 sinceris·

63 877 176 942 simam
192 879 404 945 monitionem
422 882 590 946 universos
607 881 813 964 singulosque
832 889 1028 945 mercatores
1044 879 1188 944 eiusdem

58 981 444 1056 DucalisDominaoionis
454 989 660 1072 presentibus
671 1011 905 1070 assecuramus,
917 986 1185 1072 quatenusiidem

58 1100 253 1159 mercatores
270 1116 341 1160 cum
359 1098 501 1180 ipsorum
511 1097 736 1178 mercimoniis
747 1098 976 1182 cuiuscumque
991 1094 1188 1160 condicionis

60 1200 212 1285 existant,
224 1204 353 1286 possint
370 1225 497 1288 semper
516 1191 619 1272 libere
638 1211 670 1270 et
697 1226 806 1270 secure
823 1212 855 1270 et
872 1205 992 1288 absque
1021 1203 1107 1267 omni
1132 1223 1188 1284 pa-

60 1328 134 1374 rore
152 1309 195 1375 ad
212 1309 370 1394 prefatam
388 1321 534 1377 nostram
552 1311 728 1378 Civitatem
745 1310 893 1394 Gothori,
911 1316 944 1376 et
959 1313 1082 1394 absque
1099 1311 1185 1374 omni

59 1415 150 1482 dacio
168 1424 201 1482 et
226 1418 357 1500 gabello
374 1421 492 1500 venire,
511 1421 643 1502 intrare,
661 1427 749 1485 stare
767 1427 799 1486 et
815 1421 945 1501 morari,
966 1426 1034 1484 tam
1048 1439 1107 1503 per
1123 1424 1189 1483 ter-

7 1513 8 1516 ¹
58 1545 244 1608 remquam
262 1528 362 1593 eciam
381 1545 440 1612 per
457 1551 547 1596 mare
564 1551 635 1594 cum
652 1530 798 1612 ipsorum
816 1529 1042 1609 mercimoniis,
1067 1527 1185 1593 intelli-

60 1632 164 1716 gendo
182 1635 285 1700 eciam
301 1625 342 1702 de
359 1637 445 1702 omni
461 1636 668 1722 pinguedine.
690 1637 772 1702 (lum
790 1642 898 1702 autem
915 1637 1035 1702 eisdem
1060 1637 1188 1719 placue-
1271 1717 1273 1722 ,

58 1741 99 1805 rit
124 1741 169 1806 ad
185 1745 319 1827 propria
345 1765 500 1827 remeare,
518 1745 617 1809 salvis
637 1745 781 1828 ipsorum
799 1745 894 1810 rebus
921 1765 959 1810 ac
985 1744 1133 1828 personis
1150 1743 1189 1806 li·

60 1848 170 1914 beram
188 1872 228 1916 ao
244 1873 400 1935 seemam,
418 1853 547 1936 plenam
564 1861 596 1917 et
613 1852 798 1936 expeditam
819 1853 962 1918 habeant
986 1852 1184 1918 facultatem.

59 1955 143 2023 Item
162 1958 292 2041 quodsi
318 1959 437 2044 aliquis
455 1961 532 2026 civis
550 1961 635 2025 dicte
660 1967 769 2025 nostre
795 1958 948 2027 Civitatis
974 1959 1111 2026 Cathari
1137 1961 1188 2024 vel

59 2067 273 2152 quiscumque
289 2068 395 2133 fidelis
411 2074 520 2134 noster
537 2074 667 2134 tenetur
678 2069 776 2134 alicui
787 2068 915 2137 Veneto
927 2069 1073 2136 debitum
1085 2069 1188 2134 ouius·

60 2194 197 2256 cumque
214 2175 412 2242 condicionis
429 2182 607 2259 contracto,
624 2175 712 2259 quod
728 2175 887 2260 Regimen
904 2175 990 2244 dicte
1006 2184 1117 2243 nostre
1135 2174 1189 2241 Ci-

59 2283 171 2348 ritatis
188 2284 237 2348 rel
253 2284 308 2349 alii
327 2284 449 2351 subditi
464 2284 576 2365 nostri,
594 2267 713 2368 quibus
731 2285 820 2350 racio
847 2285 1032 2368 pertinebit,
1056 2292 1188 2350 tenean-

59 2395 111 2482 tpr
127 2391 238 2457 eidem
254 2392 461 2458 omninodnm
478 2389 736 2457 satisfaccionem
753 2392 915 2476 abhibere,
932 2393 1083 2459 uidelicet
1099 2394 1187 2476 quod

59 2497 199 2581 predicti
215 2499 378 2566 debitores
395 2500 529 2566 realiter
545 2508 577 2565 et
594 2500 811 2584 personaliter
836 2502 1100 2586 constringantur
1117 2523 1185 2566 car-

58 2606 195 2691 ceribus,
211 2607 346 2674 mobilia
362 2607 507 2692 ipsorum
528 2614 560 2672 et
585 2607 766 2673 immobilia
791 2609 973 2675 vendantur
998 2609 1041 2676 ad
1067 2613 1189 2676 solven-

60 2714 135 2780 dum
152 2715 309 2798 debitum,
326 2722 359 2782 et
375 2716 416 2781 de
432 2737 563 2782 carcere
579 2737 644 2782 non
661 2715 877 2799 dimittantur,
905 2739 1007 2802 usque
1033 2739 1097 2802 quo
1124 2741 1188 2784 non
1245 2781 1256 2790 ,

57 2822 95 2887 fit
109 2825 240 2906 integra
257 2823 442 2892 satisfaccio
459 2825 609 2890 debitori.
626 2826 671 2891 Et
687 2846 705 2889 e
721 2845 875 2890 converso
892 2827 920 2892 si
936 2825 1055 2910 aliquis
1082 2824 1188 2893 Vene-

58 2937 111 2997 tos
127 2931 181 2998 rel
198 2933 347 3000 subditus
364 2934 500 3000 Ducalis
517 2932 664 2998 Dominii
681 2932 759 2998 dare
776 2941 943 3000 teneretur
960 2932 1190 3000 elicuiCatba·

58 3042 142 3106 rensi
159 3043 212 3107 rel
227 3041 315 3109 fideli
341 3048 451 3108 nostro
477 3041 625 3108 debitum
645 3062 847 3125 quocumque
864 3041 959 3107 modo
976 3049 1187 3122 contractum,

58 3149 145 3230 quod
163 3149 281 3216 debeat
298 3153 405 3235 ipsum
422 3151 524 3216 citare
540 3150 582 3215 ad
595 3150 795 3234 presenciam
814 3149 963 3218 Consulis
985 3148 1186 3216 Venetorum

57 3259 215 3324 morantis
225 3259 418 3342 inpredicta
434 3265 545 3324 nostra
562 3257 715 3340 Ciuitate,
731 3263 763 3322 et
779 3257 866 3340 quod
881 3257 1049 3341 predictus
1065 3256 1189 3324 Consul

57 3362 262 3432 Venetorum
288 3375 441 3433 teneatur
473 3366 690 3432 omnimodam
716 3374 749 3431 et
773 3366 903 3449 plenam
929 3367 1187 3432 satisfaccionem

58 3494 153 3557 super
170 3475 335 3558 predictos
351 3474 515 3540 debitores
531 3473 694 3554 adhibere,
712 3474 860 3539 videlicet
885 3474 972 3556 (quod
998 3474 1117 3557 prelati
1134 3474 1188 3540 de·

58 3580 182 3648 bitores
217 3583 354 3648 realiter
386 3589 419 3647 et
451 3583 666 3667 personaliter
698 3582 881 3647 carceribus
913 3584 1188 3666 constringantur,

56 3690 191 3756 mobilia
207 3693 352 3774 ipsorum
368 3698 402 3756 et
416 3690 596 3756 immobilia
622 3689 804 3756 vendantur
821 3690 864 3758 ad
889 3690 1074 3756 solvendum
1100 3689 1188 3755 debi-

57 3802 132 3880 tum,
148 3807 185 3864 et
201 3797 240 3866 de
257 3821 387 3866 carcere
404 3820 468 3865 non
483 3799 692 3866 dimittantur
716 3820 819 3882 nsque
835 3820 900 3865 non
928 3799 965 3864 fit
990 3800 1120 3883 integra
1136 3821 1186 3864 sa·

56 3907 202 3975 tislaccio
218 3909 368 3975 debitori.
386 3907 422 3974 si
439 3929 516 3973 vero
532 3907 680 3992 prelatus
701 3907 826 3973 Consul
843 3909 873 3973 in
902 3907 1049 3992 predicta
1074 3915 1187 3974 nostra

57 4013 198 4084 Ciuitate
214 4018 456 4101 tunctemporis
467 4039 530 4082 non
546 4017 751 4100 reperiretur,
763 4039 801 4083 ex
812 4025 889 4082 tunc
899 4016 999 4099 eliget
1009 4039 1107 4083 unum
1119 4017 1185 4084 Ve-

57 4125 363 4194 oetumaliumrero
376 4124 622 4207 Catharensem,
642 4125 692 4190 rel
712 4127 923 4210 quiscumque
943 4133 1053 4192 noster
1071 4125 1186 4208 fidelis,

57 4236 148 4302 ethii
165 4236 230 4302 duo
247 4237 330 4302 iuter
347 4237 435 4320 ipsos
453 4236 598 4302 iudicent
613 4235 654 4300 de
671 4235 757 4302 dieto
775 4241 808 4300 et
824 4234 970 4300 defecto.
1001 4231 1059 4302 Sin
1076 4243 1185 4300 antem

57 4344 104 4409 illi
119 4346 184 4410 duo
201 4345 288 4429 ipsos
304 4343 503 4410 concordare
518 4363 584 4410 oon
600 4350 755 4426 poterunt
773 4343 858 4409 infra
887 4341 978 4410 VIII
1004 4342 1081 4423 dier,
1109 4349 1186 4408 tnnc

60 4451 234 4520 adhibeant
247 4453 309 4519 sibi
326 4453 408 4518 alios
418 4453 507 4533 duos,
519 4451 573 4534 qui
584 4451 632 4516 illi
645 4456 786 4534 quatuor
797 4452 883 4516 iuter
893 4452 979 4536 ipsos
990 4451 1141 4534 iudicent,
1154 4457 1185 4514 et

57 4581 157 4642 usque
175 4559 217 4626 ad
243 4568 317 4627 ooto
342 4560 421 4643 dies,
438 4561 489 4627 vel
513 4561 685 4626 terminum
713 4581 771 4642 per
795 4561 885 4642 ipsos
911 4561 1111 4645 deputatum,
1128 4580 1185 4644 per
