3182 5252
383 363 446 426 576
736 355 971 424 urraonnc‘znr
986 343 1155 424 annixus.

379 541 456 604 alric.
485 538 527 602 nt
554 538 638 622 quod
656 535 790 620 aliquod
817 559 899 602 onus
916 545 982 602 tani
1001 558 1059 619 per
1075 535 1341 602 Doruiuationem
1359 533 1509 600 Venetia·

378 668 650 729 1·uni‚quampe1·
676 667 750 710 euos
777 645 934 710 Rectores
961 668 1023 710 non
1043 647 1227 728 imponetur
1252 643 1350 709 dictis
1377 644 1507 708 rauiini·

380 757 438 822 bus
456 756 544 820 ultra
562 754 650 834 quod
677 755 801 818 dictum
829 760 896 832 est;
921 751 977 817 sed
998 752 1131 816 realiter
1147 750 1388 816 conservabunt
1402 749 1463 816 illa
1476 752 1507 814 iu

378 864 573 943 conditione,
590 883 655 945 qua
672 867 746 925 suut
763 861 805 926 ed
822 882 973 944 presens3
997 859 1095 924 salvis
1111 881 1237 941 semper
1251 858 1318 924 illis
1329 859 1508 942 impositio·

379 971 481 1052 nibus,
498 993 559 1053 que
585 971 798 1040 communiter
823 977 857 1034 et
883 968 1081 1052 generaliter
1112 969 1321 1051 imponentur
1348 967 1510 1048 omnibus,

377 1078 495 1163 quibus
512 1099 695 1162 expressum
713 1078 756 1141 sit
771 1076 921 1160 predicta
938 1074 1245 1160 subjaceredcbere.
1266 1075 1426 1140 Preterea
1438 1096 1510 1139 cou-

377 1193 534 1252 venerunt
558 1190 592 1250 et
615 1185 863 1251 declaraverunt
889 1184 1026 1268 predicti
1058 1182 1288 1248 contrahentes
1322 1181 1508 1249 nominibus

377 1295 495 1378 quibus
512 1315 610 1378 supra
636 1293 678 1358 ad
704 1292 940 1359 excludendum
966 1313 1093 1357 omnem
1109 1313 1261 1372 errorem,
1279 1293 1367 1374 quod
1383 1273 1511 1357 ramuli

377 1403 568 1487 predictum,
584 1402 672 1484 quod
686 1401 877 1466 alfinabitur
894 1402 927 1464 in
943 1399 1101 1482 Vngaria,
1112 1401 1178 1464 erit
1193 1399 1282 1464 illius
1299 1399 1461 1465 bonitatis
1477 1409 1509 1464 et

378 1511 487 1590 fiueze,
503 1511 594 1594 cujus
606 1510 669 1573 fuit
684 1509 774 1586 illud,
790 1509 877 1591 quod
893 1508 957 1573 fuit
972 1508 1167 1573 conductum
1178 1508 1338 1575 Venetiae
1349 1507 1390 1572 de
1400 1529 1508 1574 mense

376 1618 521 1700 Augusti
537 1619 683 1700 proxime
698 1617 809 1700 elapsi,
826 1622 859 1681 et
875 1615 1047 1681 effinstum
1063 1617 1097 1681 in
1114 1623 1188 1698 gete
1201 1613 1392 1681 Communis
1401 1614 1507 1683 Vene-

375 1728 505 1792 tiarum.
521 1727 566 1791 Et
583 1727 688 1806 etiam,
706 1725 794 1809 quod
810 1725 891 1790 illud
908 1747 1036 1790 ramum
1052 1724 1192 1790 secunde
1209 1725 1317 1806 sortis,
1332 1723 1420 1808 quod
1435 1745 1507 1809 pre·

377 1833 456 1899 dicti
473 1836 653 1918 participes
679 1840 802 1919 ponent
823 1855 878 1898 seu
894 1855 1016 1917 ponere
1032 1833 1141 1899 volent
1157 1834 1188 1897 iu
1206 1833 1340 1915 getham
1357 1832 1508 1899 Commu·

377 1942 427 2006 nis
445 1940 666 2026 venetiarum,
683 1964 746 2008 uon
762 1943 806 2008 sit
832 1941 983 2023 deterius,
999 1942 1067 2025 illo,
1082 1941 1171 2024 quod
1187 1941 1318 2005 solitum
1336 1949 1388 2006 est
1404 1941 1507 2024 recipi

376 2052 589 2116 communiter
615 2051 649 2115 in
675 2049 774 2132 getbo
799 2049 954 2133 predicta
971 2051 1016 2116 Et
1031 2049 1182 2133 predicta
1203 2049 1312 2114 omnia
1329 2055 1363 2112 et
1380 2048 1507 2131 singula

377 2156 485 2222 locum
512 2159 655 2224 babeant
672 2165 704 2223 et
721 2156 843 2223 bebere
869 2156 1010 2223 debeant
1025 2179 1045 2222 a
1062 2157 1114 2222 die
1140 2156 1296 2222 celebrati
1317 2163 1505 2222 contractus

376 2286 479 2348 usque
496 2267 581 2331 diem
598 2265 644 2330 X.
660 2263 836 2331 Februarii
854 2265 894 2330 de
910 2263 1265 2332 MOOOLXXXVIL
1278 2266 1371 2330 salvo
1385 2266 1421 2329 in
1435 2286 1506 2348 pre-

376 2374 482 2438 missis
504 2375 594 2457 justo
621 2375 861 2457 impedimento.
887 2372 1008 2438 Verum
1026 2374 1155 2456 siquod
1176 2394 1305 2437 remum
1324 2380 1506 2438 extractum

375 2481 462 2546 infra
478 2481 601 2547 dietum
626 2487 754 2565 tempus
781 2481 821 2544 de
847 2481 1029 2547 montaneis
1054 2479 1207 2563 predictis
1232 2481 1312 2546 dicti
1329 2482 1507 2565 participes

375 2613 438 2655 non
456 2591 637 2673 potuissent
652 2590 831 2654 conducere
847 2610 949 2671 usque
964 2611 1022 2672 per
1037 2595 1141 2654 totum
1159 2589 1279 2654 dictum
1295 2589 1506 2655 millesimum

376 2699 415 2763 de
440 2695 795 2765 MOCOLXXXVII.
819 2698 945 2780 possint
968 2697 1050 2762 illud
1083 2697 1262 2762 conducere
1287 2698 1320 2762 in
1348 2719 1433 2763 enno
1467 2697 1507 2760 de

374 2805 891 2891 Meocnxxxvl11.‚usque
916 2827 974 2888 per
994 2813 1100 2870 totum
1130 2826 1272 2871 mensem
1304 2803 1507 2889 Septembris

375 2915 533 3000 millesimi
550 2914 699 2999 predicti.
716 2914 776 2979 stb.
803 2913 863 2979 stb.
879 2912 1035 2996 (Sanctio.
1054 2913 1206 2982 Vicissim
1223 2913 1333 2978 omnia
1349 2913 1434 2978 bona
1453 2911 1506 2976 ob·

374 3022 529 3104 ligantur.
545 3021 570 3085 J
571 3021 716 3085 ohannes
733 3020 940 3085 Pertinarius
951 3019 1114 3103 promittit
1129 3018 1215 3083 iufra
1226 3025 1294 3087 tres
1310 3040 1437 3085 menses
1454 3040 1505 3084 ra·

374 3127 594 3194 tificationcrn.
612 3128 750 3212 Signum
762 3135 794 3192 et
811 3127 1006 3210 subscriptio
1017 3123 1179 3213 Notaui.)

481 3235 686 3319 (Ratificatio
712 3236 801 3301 lacta
828 3238 922 3300 1385.
949 3235 1124 3300 indictione
1142 3239 1171 3299 8.
1188 3235 1240 3299 die
1263 3236 1311 3300 15.
1326 3233 1413 3318 Maji
1430 3234 1504 3299 Flo·

373 3343 477 3408 rantis
494 3344 527 3407 in
543 3344 663 3427 populo
680 3343 822 3409 Sanctae
838 3344 947 3408 Meris
963 3365 1063 3427 supra
1078 3343 1230 3428 portam.)

374 3491 409 3550 (Α
426 3489 528 3552 »Copia
540 3489 574 3537 de
589 3490 830 3540 Conantemoriali«
846 3490 934 3540 czimtt
947 3489 1085 3539 velenczei
1110 3487 1339 3552 ellamkbnyvbttl
1355 3487 1430 3537 vlu,
1446 3487 1498 3535 ket

883 3585 942 3630 aaa.
956 3580 987 3642 1.)

900 3902 973 3969 313.

381 4069 434 4134 ΓΙ.
453 4071 578 4157 Ktiroly
588 4065 754 4150 franczic
772 4065 952 4155 kirdlynalc
969 4067 1088 4133 kdvctei
1107 4062 1280 4131 Velcnczdn
1306 4065 1502 4132 estuabat·

727 4179 1036 4264 Mapyarorszdpbo.
1059 4175 1154 4240 1385.

478 4335 578 4404 Anno
595 4335 906 4404 MOCCLXXXV.
924 4336 1104 4401 indiccione
1114 4341 1231 4399 octaua
1248 4334 1302 4400 die
1317 4333 1416 4402 XVI.
1426 4333 1500 4417 Ap·

370 4445 447 4510 rilis.
474 4446 621 4528 Capta
638 4470 643 4509 :
664 4443 759 4529 Quod
776 4467 836 4530 pro
854 4444 1133 4528 contemplacione
1152 4440 1360 4508 Sereuissimi
1376 4442 1501 4509 domini

371 4546 473 4633 Regis
489 4551 638 4631 Francia,
655 4561 689 4618 et
706 4577 766 4636 pro
782 4555 867 4620 bono
884 4552 1086 4636 agendorum
1105 4556 1300 4630 nostrorum,
1317 4551 1411 4616 detur
1424 4565 1500 4631 pas·
