3190 5252
571 349 667 414 1381.

583 659 657 722 209.

3 779 6 906 Ξ
71 815 205 882 Viscoutc'
222 817 400 882 Bersabee
415 817 555 882 miloruir'
562 816 797 903 fejedelemnek
814 841 834 881 α
844 817 1001 905 floreuczi
1017 817 1183 881 leiizta'rsa·

3 937 5 944 ¹
530 930 596 1010 rep.
626 928 720 989 reso.

269 1084 410 1149 Domino
427 1083 624 1151 Bernaboni.

163 1189 341 1274 Magnifice
358 1197 391 1257 et
406 1191 545 1258 Excelse
560 1191 709 1274 Domine,
725 1191 828 1256 frater
844 1197 877 1258 et
893 1191 995 1258 amice
1010 1191 1187 1258 karissime.

3 1305 5 1388 ζ
68 1295 245 1379 Requisivit
261 1320 319 1364 nos
336 1321 409 1364 cum
425 1298 583 1364 instantia
599 1297 745 1363 dominus
761 1299 786 1364 J
788 1298 933 1366 ohannes
945 1300 1058 1365 Banus
1075 1300 1187 1365 Maco-

3 1419 5 1494 ξ
67 1404 174 1472 riensis
199 1427 261 1491 pro
278 1413 373 1491 parte
391 1405 601 1472 Sereniseimi
612 1405 776 1490 Principis
786 1405 907 1472 domini
917 1405 1019 1492 Regis
1029 1406 1187 1491 Ungarie,

70 1520 222 1596 quatenus
240 1519 406 1581 strenuum
423 1513 557 1592 militem
574 1514 738 1580 dominum
754 1514 956 1581 Everardum
973 1511 1131 1581 Comitem
1148 1517 1188 1581 de

3 1607 4 1614 ¹
67 1617 172 1686 Laudo
188 1621 358 1688 licentiam
375 1645 395 1688 a
410 1621 530 1688 nostris
547 1621 718 1706 stipendiis
736 1621 937 1705 deberemus,
953 1624 1034 1689 utin
1045 1624 1187 1689 servitiis

3 1755 8 1810 3,
69 1726 318 1810 prefatidomini
344 1728 445 1813 Regis
470 1735 581 1813 posset
608 1750 680 1794 cum
705 1728 779 1794 eliis
804 1729 1020 1796 conducendis
1037 1731 1187 1814 gentibus

3 1839 8 1922 ²,
62 1835 202 1901 militare.
228 1835 299 1902 Nos
325 1843 435 1903 autem
451 1837 598 1902 volentes
624 1837 716 1921 scire,
743 1837 830 1922 quod
856 1837 977 1904 bellu‘m
1004 1838 1064 1904 sub
1081 1839 1186 1922 Regio

3 1977 5 1994 ι
63 1945 182 2010 nominc
199 1945 379 2029 gerendum
394 1951 499 2026 esset,
516 1967 589 2010 cum
605 1944 795 2029 audivimus,
811 1946 838 2010 si
855 1967 919 2029 pax
936 1945 1138 2014 Venetorum
1154 1953 1188 2011 et

61 2049 274 2120 Januensium
299 2077 365 2120 non
380 2060 546 2138 sequatur,
573 2053 656 2118 hanc
682 2051 761 2118 belli
777 2055 895 2118 molem
912 2053 981 2120 lore
997 2061 1113 2121 contre
1130 2075 1187 2122 vos

64 2163 92 2222 et
106 2169 249 2227 vestrum
266 2163 467 2228 territorium
485 2161 751 2242 convertendam
767 2159 845 2228 licet
861 2163 1079 2229 necessarium
1093 2163 1187 2229 nobis

3 2263 5 2342 l
62 2267 100 2332 sit
111 2289 268 2354 expensas
280 2270 426 2352 demere;
453 2269 531 2334 licet
545 2290 605 2334 nos
621 2269 826 2352 vellent,tam
842 2269 947 2335 dictus
964 2269 1113 2336 dominus
1128 2273 1154 2337 J
1155 2293 1188 2336 o-

3 2357 5 2450 l
63 2373 189 2459 hannes,
206 2399 304 2464 quam
314 2377 432 2443 Comes
443 2374 579 2442 afuturo
597 2374 773 2442 Societatis
784 2377 937 2461 gentibus
948 2399 1097 2444 securare
1110 2405 1117 2444 z
1128 2399 1186 2443 nos

3 2463 5 2550 l
60 2493 149 2568 urget
165 2488 339 2572 requisitio
356 2486 469 2570 Regis,
486 2485 537 2549 cui
553 2483 635 2548 nihil
651 2484 807 2568 possibile
815 2492 924 2569 potest
933 2492 1046 2553 nostra
1057 2486 1187 2552 devotio

62 2592 230 2678 denegare.
257 2593 442 2659 Licentiam
467 2597 576 2658 tamen
602 2593 810 2676 postulatam,
831 2601 953 2679 quanto
969 2596 1073 2679 magis
1089 2596 1188 2662 ratio·

3 2705 5 2746 ῗ
67 2701 205 2768 nobilius
220 2701 293 2766 ficri
318 2703 435 2785 potuit,
459 2699 713 2767 contradiximus
738 2699 914 2786 indulgere.
933 2701 979 2768 Et
1004 2725 1076 2770 cum
1101 2705 1188 2769 inter

3 2837 4 2842 ¹
62 2809 139 2876 elias
156 2832 222 2875 non
239 2807 443 2876 concedende
459 2808 590 2875 licentio
606 2831 721 2875 causas
735 2829 792 2893 per
803 2831 861 2876 nos
872 2810 987 2877 luisset
1003 2812 1188 2896 specialiter

3 2909 4 2964 ἒ
61 2917 246 3002 allegatum,
273 2917 360 3000 quod
386 2916 696 3001 periculosissimum
716 2917 810 2982 nobis
827 2925 920 2998 esset,
938 2919 1000 2984 hoc
1015 2921 1188 3003 presertim

3 3051 5 3098 r
61 3031 214 3110 tempore,
239 3046 304 3112 quo
329 3024 434 3091 multa
459 3024 656 3091 ridebantur
669 3025 703 3089 in
721 3025 820 3090 Italia
845 3027 1025 3109 preparari,
1041 3048 1100 3092 nos
1117 3047 1188 3092 nos·

60 3133 114 3196 tris
130 3132 285 3216 gentibus
302 3153 488 3213 exarmare3
506 3132 756 3199 obtuleruntilli
773 3154 806 3198 se
823 3139 889 3198 tam
901 3135 1035 3217 proprio
1052 3136 1188 3217 nomine,

3 3307 4 3314 χ
60 3259 150 3321 quam
163 3241 234 3308 vice
245 3241 546 3325 MajestatisRegie
556 3240 697 3307 solemne
708 3242 931 3324 promissuros,
942 3242 1029 3326 quod
1040 3242 1067 3305 si
1079 3243 1188 3324 ingru-

3 3349 5 3400 ἶ
61 3355 126 3413 eret
142 3348 239 3416 nobis
256 3350 391 3432 periculi
407 3348 487 3432 quid
505 3351 556 3415 vel
573 3351 717 3432 terroris,
738 3351 909 3416 cumomni
925 3349 1072 3433 potentia
1090 3370 1187 3433 quam

61 3453 217 3523 haberent
233 3456 275 3521 ad
286 3463 399 3524 nostre
415 3456 572 3539 subsidia,
588 3458 657 3523 sine
673 3478 762 3522 more
778 3457 948 3543 dispendio
959 3465 1188 3543 properarent3

3 3621 4 3624 ,
62 3585 117 3630 nos
143 3567 335 3652 replicando
361 3569 593 3653 respondimus,
620 3567 791 3634 referendo
817 3569 942 3652 gratias
960 3575 993 3634 et
1008 3567 1189 3634 oblationes
1229 3571 1233 3580 '

3 3663 5 3676 '
63 3673 205 3755 ipsorum
221 3675 294 3740 letis
310 3677 428 3742 animis
446 3676 657 3760 acceptando,
674 3674 761 3760 quod
778 3674 854 3740 boni
873 3675 996 3742 consilii
1016 3698 1078 3741 non
1096 3674 1190 3755 foret,

62 3801 99 3844 ex
123 3780 341 3848 diminutione
364 3785 517 3866 potentie,
542 3783 601 3848 sub
628 3803 685 3865 epe
710 3781 813 3847 futuri
838 3783 973 3849 subsidii
999 3787 1114 3849 contra
1130 3805 1189 3849 nos

62 3886 139 3953 alios
156 3910 342 3973 provocare.
359 3888 431 3973 Que
448 3891 587 3974 quidem,
603 3892 689 3956 sicut
706 3911 787 3974 pure
803 3896 837 3956 et
852 3891 986 3958 realiter
998 3899 1093 3975 gesta
1103 3901 1189 3974 sunt,

62 3992 181 4064 Vestre
199 3997 445 4081 Magnificentie
469 3999 621 4065 intimare
646 3998 856 4084 decrevimus,
871 4022 935 4085 quo
951 3998 1187 4066 fraternitatem

64 4106 210 4172 eumdem
227 4105 407 4190 predictam
434 4106 474 4173 de
495 4108 618 4174 cunctis
636 4128 699 4190 que
715 4109 860 4176 nouimus
878 4107 1086 4194 (certiorem)
1118 4109 1190 4175 red-

61 4212 180 4279 demus.
207 4212 297 4278 Data
321 4213 487 4279 Florentie
513 4214 566 4282 die
591 4214 750 4283 XVIIII.
782 4216 864 4282 tulii
897 4215 981 4280 IIH.
1013 4217 1191 4283 indictione

61 4319 361 4388 MOCOLXXXI.

62 4467 185 4528 (Eredeti
198 4469 409 4534 logelmazvrtny
433 4483 449 4520 a
473 4470 611 4534 »signori
634 4471 789 4534 Carteggie,
803 4471 930 4522 Missive«
946 4473 1000 4524 stb.
1022 4471 1098 4523 XIX.
1112 4475 1190 4524 11519-

259 4561 349 4624 geben
365 4564 423 4610 151.
438 4575 475 4609 ez.
489 4576 524 4619 a„
536 4573 553 4608 a
566 4559 693 4610 florenczi
707 4573 781 4624 nagy
793 4561 988 4623 revelem-ban.)

550 4670 628 4678 ιιι-
634 4669 709 4678 ι...-
