3210 5252
461 387 502 458 le
817 411 1048 460 irretouuumm
1068 391 1233 458 surressit.

460 572 629 656 provideat
654 595 674 638 a
698 572 853 656 predictis
878 567 1179 638 Mediolanensibus
1205 569 1372 656 postulare
1389 591 1575 655 responsum

460 687 494 744 rt
511 701 620 745 eorum
639 681 816 746 intentione
843 689 1018 765 comperta,
1046 703 1083 746 eo
1100 683 1244 746 securius
1261 679 1339 745 dicti
1356 682 1517 746 carissimi
1533 703 1576 746 no·

460 790 520 854 stri
546 787 658 853 fratris
684 791 815 872 negotia
841 788 1034 873 dirigantur.
1060 791 1105 854 Et
1130 796 1166 854 ut
1183 811 1203 852 a
1219 795 1277 854 tua
1303 787 1472 856 devotione
1493 811 1575 873 super

459 895 522 959 biis
538 896 686 962 omnibus
712 896 810 960 letius
836 897 1004 961 informari
1031 899 1205 980 possimus,
1231 897 1388 978 volumus,
1414 900 1574 962 utstatim

459 1005 535 1070 visis
551 1005 756 1087 presentibus
782 1007 843 1070 iter
869 1027 1046 1087 assumens,
1073 1007 1115 1069 sis
1144 1005 1231 1085 apud
1247 1027 1304 1070 nos
1320 1007 1354 1070 in
1370 1005 1575 1088 Nuremberg

458 1117 516 1176 aut
531 1114 564 1174 in
580 1111 710 1175 civitate
725 1112 887 1193 Pragensi
903 1113 1044 1178 lirraliter
1055 1113 1266 1191 constitutus;
1283 1113 1475 1196 provisurus
1485 1114 1575 1178 nichi-

458 1221 606 1298 lominus,
623 1218 711 1302 quod
735 1227 793 1284 tue
819 1219 964 1303 consilis,
989 1223 1073 1285 siout
1089 1223 1298 1305 premittitur,
1315 1220 1411 1285 dictis
1428 1219 1575 1286 Mediola·

459 1328 611 1393 irensibus
628 1326 761 1392 indilete
778 1327 970 1408 scribentur,
994 1328 1118 1394 nullam
1135 1330 1167 1391 in
1185 1329 1245 1393 hoc
1262 1327 1407 1393 facturus
1423 1327 1575 1410 negligen-

459 1437 548 1516 tiam,
567 1434 650 1499 sicut
676 1434 715 1499 de
740 1442 772 1499 te
791 1435 978 1519 Imperialis
994 1433 1163 1499 Celsitudo
1179 1437 1295 1499 retinet
1312 1437 1574 1518 presumptionem

460 1540 623 1606 indubiam
642 1539 756 1606 fiducie
774 1543 959 1623 singularis.

459 1654 493 1712 (Α
509 1653 609 1716 pregei
631 1652 819 1716 keptelsnuelr
842 1654 1054 1718 kbnyvttrdban
1077 1653 1140 1704 levo
1154 1655 1187 1702 Η.
1203 1658 1226 1703 3.
1241 1654 1324 1702 eletti
1339 1653 1458 1736 herirati
1471 1652 1573 1716 eodere-

923 1745 968 1794 bol
983 1749 1026 1794 48.
1040 1745 1108 1803 lev.)

1029 1905 1101 1913 -..-

994 2034 1046 2095 42.

458 2188 486 2257 J.
505 2195 602 2278 Iujoe
618 2215 758 2279 mappae·
774 2193 807 2254 es
821 2191 943 2277 leoqyet
961 2191 1143 2274 kirdlynak
1159 2190 1218 2253 XI.
1232 2189 1369 2277 Gerqely
1385 2198 1488 2280 pdpa,
1504 2194 1575 2277 hoyn

458 2327 478 2364 u
497 2301 778 2385 celebrae-puderet
793 2297 1001 2383 differemiff
1022 2298 1181 2362 etierezv'se
1198 2304 1277 2363 tetdo
1294 2323 1314 2363 a
1331 2301 1441 2364 edocui
1456 2302 1575 2386 epyldz·

761 2407 829 2470 nole
845 2407 1029 2492 sepiteepdre
1045 2407 1162 2491 leqyen.
1190 2408 1284 2471 1372.

565 2563 748 2649 Gregorius
774 2565 957 2649 Episcopus
983 2573 1042 2630 etc.
1060 2567 1224 2631 carissimo
1242 2568 1274 2631 in
1291 2565 1423 2634 Christo
1439 2568 1504 2634 filio
1520 2567 1575 2632 Lu·

458 2671 568 2738 dovico
585 2673 670 2757 Regi
687 2671 836 2756 Vngarie
862 2661 992 2754 illustri,
1017 2675 1157 2738 salutem
1174 2681 1233 2739 etc.
1253 2672 1342 2758 Quia
1358 2675 1575 2750 intelleximus

457 2779 542 2863 quod
569 2779 642 2845 Tua
670 2777 835 2845 Serenitas
861 2785 981 2842 certem
1007 2788 1136 2861 gentem
1164 2783 1358 2866 armigeram
1380 2785 1413 2847 iu
1430 2782 1574 2848 auxilium

457 2885 564 2950 dilecti
581 2886 640 2951 filii
657 2887 775 2951 nobilis
801 2887 861 2950 viri
889 2885 1056 2950 Francisci
1074 2887 1114 2950 de
1130 2886 1286 2954 (latueris
1302 2887 1432 2972 Militis,
1448 2890 1480 2954 in
1499 2887 1575 2954 Civi-

456 3001 525 3058 tate
550 2993 712 3058 Paduans
737 2992 921 3076 Imperialis
939 2993 1074 3074 Vioarii,
1099 2994 1262 3077 disposuit
1287 2996 1459 3076 destinare,
1480 3003 1512 3061 et
1528 3044 1534 3058 .
1549 3042 1575 3057 ..

456 3100 603 3166 Nunoius
620 3101 812 3184 Apostolice
829 3097 922 3164 Sedis
940 3099 1045 3166 adhuc
1061 3109 1110 3166 est
1127 3101 1412 3184 Veueciis,paeem
1423 3105 1507 3168 inter
1518 3100 1575 3166 Ve-

455 3215 546 3274 netos
571 3214 604 3272 et
630 3209 752 3272 dietum
779 3206 1000 3287 Franciscum,
1026 3209 1066 3272 de
1093 3231 1157 3292 qua
1184 3229 1248 3273 non
1265 3209 1429 3293 desperat,
1445 3209 1575 3274 sollicite

456 3316 662 3398 procurando
679 3340 686 3382 :
702 3313 982 3398 Magnificentiam
1009 3315 1122 3396 Tuam,
1148 3323 1271 3399 quanto
1287 3315 1496 3382 affectuosius
1512 3337 1576 3400 pos·

456 3443 573 3504 sumus,
589 3423 808 3506 deprecamur,
826 3430 985 3504 quatenus
1003 3425 1029 3488 si
1045 3423 1164 3488 dictem
1182 3445 1303 3508 paoem,
1325 3443 1425 3505 quam
1441 3423 1574 3489 multum

454 3536 613 3612 optamus,
630 3533 795 3614 contingat
821 3530 900 3613 fieri,
926 3539 1055 3616 gentem
1073 3531 1257 3597 huiusmodi
1273 3535 1366 3600 nobis
1383 3541 1417 3598 et
1433 3533 1572 3598 Romane

456 3635 603 3701 Ecclesie
630 3645 745 3703 contra
762 3659 838 3702 suos
854 3638 966 3703 hostes
982 3647 1012 3702 et
1030 3647 1263 3722 persecutores,
1283 3645 1398 3706 eontra
1415 3661 1497 3723 quos
1511 3642 1576 3722 ipsu

388 3781 390 3786 ·
457 3744 607 3810 Ecclesia
623 3745 737 3829 incipit
754 3767 813 3828 per
828 3745 892 3810 Dei
908 3745 1052 3828 graciam
1078 3746 1303 3828 multipliciter
1319 3749 1520 3831 prosperari,
1533 3768 1577 3810 re-

454 3853 495 3918 lis
521 3850 701 3919 liberaliter
727 3861 760 3918 et
786 3856 934 3937 graciose
961 3853 1135 3918 concedere
1159 3874 1219 3938 pro
1236 3875 1274 3919 eo
1290 3853 1504 3939 tempore,de
1520 3873 1577 3937 quo

454 3968 508 4024 tue
526 3959 719 4026 liberalitati
739 3961 911 4026 videbatur
927 3963 1107 4027 conuenire.
1125 3960 1232 4046 Super
1249 3961 1310 4027 hoc
1326 3961 1365 4028 de
1382 3966 1446 4028 tuis
1461 3961 1577 4028 litteris

452 4067 668 4134 mandatoriis
693 4089 731 4132 ac
757 4068 927 4152 stipendiis
954 4069 1001 4133 sic
1016 4068 1215 4152 providendo
1232 4068 1390 4152 celeriter,
1407 4068 1497 4154 quod
1511 4071 1576 4152 ipse

453 4197 531 4256 gens
555 4176 590 4239 in
615 4197 724 4240 casum
751 4175 835 4239 dicte
861 4179 950 4259 pacis
976 4176 1018 4241 ed
1043 4185 1133 4242 tuum
1151 4176 1301 4262 Regnum
1318 4185 1394 4244 ante
1411 4177 1576 4244 servicium

454 4283 539 4347 dicte
557 4283 713 4363 Elcelesie,
730 4284 769 4348 de
786 4305 850 4366 quo
867 4284 1074 4367 disposueris,
1090 4285 1221 4348 minime
1238 4290 1429 4351 reuertatur.
1458 4283 1574 4349 Datum

453 4387 613 4455 Arinione
639 4391 717 4458 XV.
743 4391 901 4457 kalendas
926 4391 1099 4473 ‚torruerit
1122 4391 1339 4457 Pontificatus
1372 4393 1476 4459 nostri
1495 4411 1573 4458 anno

454 4497 601 4562 secunde.

775 4607 837 4665 (XI.
851 4607 972 4672 Gergely
987 4609 1058 4670 petpn
1071 4609 1260 4672 regestdibtl.)

937 4731 989 4740 n—-n-
1001 4734 1017 4740 -
1054 4735 1094 4742 ..ι-
