3248 5242
423 385 486 446 768
774 409 1007 456 nnnouaozmr
1025 399 1191 456 nnrrtnnrr.

422 563 508 644 quod
534 587 605 629 cum
632 573 783 631 strenuus
810 568 1075 636 1nilesdominus
1107 571 1313 639 Wincencius
1337 572 1378 638 de
1404 570 1523 636 Granou

421 667 631 739 Castellanus
658 673 830 740 Naolensis
855 679 1025 743 materiam
1052 679 1231 762 questionis
1255 701 1314 762 pro
1329 687 1525 762 etsuperop-

421 777 498 859 pido
514 779 601 844 dicto
619 779 730 847 Srzem
755 805 826 848 cum
854 785 956 867 ipsius
981 785 1192 870 pertinencijs
1209 793 1323 850 contra
1339 792 1372 851 et
1386 785 1525 854 aduersus

420 882 669 954 Serenissimnm
687 889 875 974 Principem
892 896 924 956 et
939 890 1116 956 Dominum
1143 890 1306 957 dominum
1327 891 1525 958 Wladislaun

419 991 482 1059 Dei
499 999 611 1079 gracia
629 999 754 1082 Regem
772 997 906 1064 Polonie
923 1006 983 1066 etc.
999 1002 1176 1067 Dominum
1198 1007 1344 1066 nostrum
1362 1003 1526 1084 graciosum

418 1105 581 1186 mouisset,
596 1113 629 1170 et
648 1107 895 1188 questionaliter
910 1110 1142 1192 proposuisset,
1153 1109 1315 1192 quomodo
1331 1130 1365 1174 se
1381 1108 1441 1174 sibi
1455 1108 1526 1173 iden

418 1209 568 1277 dominns
594 1214 668 1280 Rex
692 1236 750 1280 sua
776 1217 927 1299 potencia
944 1217 984 1281 de
1001 1217 1087 1282 dioto
1104 1216 1202 1300 opido
1219 1222 1333 1282 contra
1348 1217 1472 1282 litteras
1485 1219 1527 1300 pie

417 1321 660 1388 recordacionis
677 1322 890 1391 Serenissime
915 1325 1079 1410 Principis
1096 1331 1130 1390 et
1146 1325 1285 1390 Domine
1310 1325 1437 1391 domine
1451 1323 1527 1390 Hed-

417 1429 498 1512 vigis
514 1429 577 1496 Dei
595 1435 706 1515 gracia
731 1434 808 1498 olim
833 1432 960 1516 Regine
977 1434 1114 1498 Polonie
1131 1438 1189 1497 eto.
1207 1435 1322 1498 eteius
1343 1434 1527 1498 munimenta

417 1537 652 1619 intromisisset,
669 1541 700 1605 in
719 1542 836 1626 quibus
852 1541 1078 1608 continebatur
1092 1541 1310 1622 munimentis
1325 1540 1463 1624 qualiter
1476 1541 1528 1606 sibi

415 1646 563 1727 predicta
580 1649 710 1716 domina
734 1650 865 1735 Regina
890 1651 930 1716 de
957 1651 1045 1716 dicto
1065 1651 1184 1734 oppido
1200 1657 1233 1715 et
1249 1651 1318 1716 eins
1334 1639 1528 1735 pertinencijs

415 1750 457 1818 ad
473 1761 600 1840 tempus
615 1759 679 1822 vite
703 1780 760 1824 sue
786 1757 991 1842 prouidisset,
1017 1764 1050 1823 et
1074 1760 1179 1841 ipsum
1197 1759 1375 1839 graciosius
1390 1757 1529 1824 redonas-

415 1868 473 1926 set.
500 1863 645 1931 Tandem
671 1868 920 1949 prenominatus
945 1867 1094 1931 dominus
1121 1866 1192 1931 Rex
1217 1866 1326 1932 rolens
1352 1868 1476 1932 veritati
1499 1874 1529 1931 et

414 1969 541 2038 iusticie
558 1973 699 2056 obuiare,
726 1976 896 2059 ipsamque
921 1975 1000 2040 nulli
1027 1975 1173 2056 poscenti
1191 1973 1371 2057 denegare;
1394 1973 1529 2040 dominos

413 2071 562 2144 Prolatos
587 2089 620 2146 et
644 2081 794 2148 Berones
813 2079 920 2164 Regni
938 2081 987 2146 sui
1003 2079 1215 2147 Consilierios
1233 2079 1275 2144 ad
1293 2079 1530 2146 discernendum

412 2189 571 2268 premissa
588 2189 767 2274 deputauit,
784 2196 817 2255 et
833 2190 921 2273 ipsos
939 2189 979 2254 de
996 2211 1055 2254 sua
1072 2188 1204 2272 speciali
1221 2189 1334 2272 gracia
1348 2189 1530 2269 collocauit;

413 2297 467 2376 qni
484 2296 604 2363 domini
632 2299 820 2382 prenarrati
845 2298 981 2363 materia
1007 2296 1186 2379 questionis
1210 2297 1296 2360 inter
1322 2303 1431 2380 partes
1449 2305 1530 2362 mota

412 2404 672 2492 sufficienterque
689 2405 873 2472 auscultata
889 2411 922 2470 ot
939 2405 1120 2486 masticata,
1137 2405 1280 2488 ipsorum
1298 2403 1446 2471 suffultus
1464 2427 1531 2470 con·

411 2510 492 2597 silio,
518 2516 611 2580 iuxta
636 2523 781 2582 tenorem
807 2523 840 2581 et
865 2520 1020 2580 contenta
1047 2513 1213 2598 priuilegij
1241 2518 1347 2596 terre,
1364 2513 1461 2580 Suam
1477 2535 1531 2597 per

409 2620 694 2706 Magnificonoiam
710 2624 824 2690 donati
840 2622 1028 2708 graciosiuS,
1042 2621 1205 2705 prelatum
1221 2621 1376 2704 oppidum
1387 2644 1455 2686 cum
1467 2623 1532 2686 eius

408 2733 619 2814 pertinenciis
636 2732 778 2816 sepefato
796 2729 926 2796 domino
943 2730 1028 2812 Regi
1048 2729 1318 2811 adiudioauinrus,
1335 2736 1368 2794 et
1384 2731 1533 2813 presenti·

409 2837 468 2903 bus
495 2841 526 2904 in
552 2847 744 2924 perpetuum
769 2839 1014 2919 adiudioamus;
1039 2844 1219 2903 memorato
1246 2859 1321 2903 vero
1349 2839 1531 2906 Winoencio

409 2945 572 3028 Naolensi,
597 2955 634 3014 ut
659 2949 831 3033 profertur,
849 2945 1038 3012 Castellano
1055 2945 1325 3028 abiudioauimus,
1342 2954 1533 3030 perpetuum

408 3051 471 3120 sibi
489 3057 656 3123 silenoium
681 3059 893 3140 imponentes.
918 3056 1058 3135 Harum,
1083 3055 1201 3137 quibus
1227 3054 1338 3138 sigilla
1354 3063 1464 3120 nostra
1480 3075 1532 3138 ap·

407 3184 508 3248 pensa
525 3173 609 3247 suut,
626 3165 811 3231 testimonio
832 3165 1024 3229 litterarum.
1056 3161 1180 3228 Actum
1197 3169 1231 3226 et
1247 3162 1360 3228 datum
1378 3161 1533 3228 Cracouie

406 3273 487 3339 scria
515 3282 633 3359 quarta
658 3282 734 3340 anto
760 3274 953 3339 dominicam
980 3270 1074 3339 Oculi
1102 3269 1161 3335 sub
1188 3292 1273 3336 anno
1289 3270 1534 3337 Incarnaoionis

406 3377 540 3447 Domini
566 3383 737 3448 millesimo
763 3381 1087 3464 quadringentesimo
1105 3386 1204 3444 sexto.
1235 3375 1446 3446 Prosentibus
1476 3377 1533 3463 hys

405 3484 669 3556 Wenerabilibus
695 3497 728 3554 et
753 3488 941 3573 Magnificis
967 3485 1107 3554 Nicolao
1135 3482 1393 3571 Archiepiscopo
1414 3485 1533 3552 Gneze·

405 3600 506 3678 aeusi,
523 3598 625 3663 Petro
645 3599 864 3679 Cracouiensi,
891 3590 1533 3678 AlbertoPoznaniensiEpiscopis,.10-

405 3705 513 3772 hanne
539 3704 748 3771 Creeouiensi
774 3703 981 3784 Castellauo;
1014 3702 1116 3768 Petro
1148 3698 1286 3767 Kmitho
1318 3701 1533 3782 Oracouiensi,

404 3815 548 3880 Cristino
567 3813 833 3894 Sandomiriensi,
857 3812 1012 3878 Johanne
1039 3811 1185 3892 Liganza
1210 3809 1413 3876 lanciciensi
1438 3809 1532 3874 Pala-

331 3957 334 3962 ·
405 3925 500 4005 tinis;
525 3921 716 3988 Gnewossio
737 3920 1005 4000 Sandomiriensi,
1020 3917 1184 3984 Michaele
1200 3918 1399 3998 Lublinensi,
1416 3915 1532 3982 Cristi·

402 4055 444 4097 no
470 4031 700 4115 Sandencensi‚
723 4030 878 4096 Johanne
905 4028 1116 4111 lanciciensi,
1142 4026 1282 4092 Nicolao
1308 4025 1529 4110 Woynioiensi

404 4139 611 4220 (lastellanis,
628 4136 808 4221 ceterisque
825 4159 922 4221 qnam
939 4137 1087 4221 pluribus
1104 4135 1167 4201 fido
1185 4136 1303 4218 dignis.

504 4285 642 4350 (Eredctie
656 4286 827 4349 bttrlrdrtyrtn
841 4287 1066 4350 Lengyelornzrtg
1079 4285 1210 4347 orazrtgos
1222 4283 1433 4337 reverteremur.)

889 4437 1047 4451 fla-——n-h
