3226 5258
716 340 952 402 orencuacbinr
970 329 1139 401 sunbona.

905 647 956 710 10.

365 807 428 873 XI.
444 806 583 895 Gcrqcly
592 809 756 895 pdpdoak
781 807 945 895 kalcnfc‘lc
970 807 1175 893 mcplccresdet
1190 804 1386 874 tortalmcad
1401 803 1498 873 lcvclc
1602 814 1603 817 ’

652 916 774 982 Vilmoe
785 917 878 1003 persi
890 915 1081 1003 picp'o'lcbcz.
1106 917 1212 981 1371.

473 1073 658 1160 Gregorius
681 1077 867 1161 Episcopus
891 1081 953 1142 etc.
979 1074 1160 1143 venerabili
1189 1073 1285 1142 fratri
1316 1074 1499 1144 Wilhelmo

365 1182 532 1268 Episcopo
549 1182 902 1269 Quinqueecclesieusi,
928 1185 1067 1254 salutern
1085 1190 1145 1249 eta
1160 1183 1202 1249 In
1216 1184 1285 1250 luis
1300 1185 1427 1251 meritis
1444 1185 1499 1250 de·
1612 1172 1613 1213 ³

366 1291 508 1357 vocionis
526 1291 678 1358 claritate
703 1293 884 1378 perspicuis
904 1292 1059 1358 delectati
1075 1290 1225 1375 letamur,
1241 1293 1328 1376 quod
1342 1296 1377 1358 te
1392 1294 1499 1358 virum

366 1397 453 1466 sama
468 1397 615 1484 predicat
639 1400 752 1466 multis
776 1399 952 1467 virtutibus
976 1399 1350 1482 insignitum31etumur
1374 1401 1409 1465 in
1433 1400 1498 1466 hiis

366 1505 544 1591 potissime,
562 1527 625 1591 que
642 1505 736 1572 nobis
753 1508 794 1574 de
809 1508 875 1572 tuis
892 1507 1024 1574 sinceris
1034 1505 1170 1574 'actibus
1187 1507 1383 1591 referuntur,
1399 1529 1499 1593 super

366 1636 404 1681 co
420 1616 568 1699 maxime,
594 1615 681 1700 quod
707 1617 876 1682 carissimo
901 1617 935 1681 in
960 1615 1093 1683 Christo
1119 1615 1186 1682 filio
1202 1620 1314 1682 nostro
1330 1616 1498 1682 Ludovico

367 1724 454 1808 Regi
469 1722 618 1808 Vugarie
645 1725 767 1791 illustri
792 1723 934 1790 fideliter
949 1730 982 1789 et
997 1723 1158 1792 ferventer
1177 1726 1304 1792 assistis
1321 1726 1409 1792 circa
1425 1745 1498 1790 suo-

366 1851 440 1896 rum
464 1832 742 1898 conservationem
768 1838 802 1897 et
827 1833 877 1897 sui
903 1831 1137 1898 exaltationem
1163 1832 1305 1913 honoris,
1329 1839 1426 1916 prout
1458 1854 1498 1898 ex

366 1938 617 2006 commendabili
641 1940 831 2005 testimonio
855 1939 1030 2023 plurimum
1055 1939 1284 2006 certitudinem
1315 1942 1498 2024 accepimus

367 2048 526 2114 veritatis.
550 2045 637 2114 Sane
662 2068 766 2132 nuper
791 2047 992 2113 sinceritatis
1017 2054 1071 2113 tue
1095 2048 1224 2114 litteras
1248 2054 1396 2134 paterna,
1413 2050 1499 2114 sicut

369 2155 489 2238 decuit,
505 2153 677 2221 affectione
701 2154 892 2238 recepimus,
918 2155 952 2220 in
977 2157 1095 2241 quibus
1111 2157 1198 2223 inter
1214 2162 1322 2224 cetera
1337 2157 1500 2242 supplica·

368 2262 436 2346 bas,
461 2268 498 2328 ut
524 2263 680 2329 dilectum
704 2260 809 2328 filiurn
833 2259 1019 2330 Galvanum
1044 2264 1084 2330 de
1109 2264 1261 2330 Bononia
1276 2264 1500 2332 Decretorum

368 2369 560 2455 Ductorem,
576 2376 776 2455 compatrem
786 2377 888 2454 tuum,
901 2371 1094 2438 haberemus
1111 2371 1380 2452 commendatum,
1396 2375 1502 2457 quod-

369 2501 433 2562 que
457 2485 490 2546 te
515 2479 663 2564 diligere,
688 2479 771 2545 sicut
796 2478 900 2544 felicis
925 2480 1166 2546 recordacionis
1183 2479 1337 2546 Urbanus
1352 2501 1439 2565 papa
1456 2482 1499 2550 V.
1611 2465 1612 2470 ἵ

368 2588 578 2674 predecessor
602 2594 715 2654 noster
739 2587 909 2670 dilexerat,
927 2588 1145 2674 dignaremur.
1162 2587 1287 2660 Verum
1303 2590 1501 2674 circumspe·

369 2698 508 2763 ctionem
523 2704 615 2763 tuam
634 2699 715 2763 scire
733 2697 890 2779 volumus,
915 2697 1002 2782 qnod
1018 2704 1052 2763 te
1068 2699 1193 2764 sincere
1219 2695 1395 2782 diligimus,
1411 2720 1450 2764 ac
1465 2705 1502 2764 te

369 2825 455 2870 nunc
469 2803 613 2871 brachiis
630 2805 779 2870 caritatis
804 2803 1041 2888 amplectimur,
1057 2809 1150 2870 tuum
1166 2804 1201 2870 in
1216 2803 1357 2870 Domino
1374 2803 1502 2871 deside·

291 2897 293 2903 ¹
369 2918 480 2979 rantes
495 2911 684 2996 profectum,
699 2917 731 2978 et
748 2910 791 2978 ad
807 2910 874 2994 illa,
892 2933 954 2995 que
970 2912 1032 2978 tibi
1047 2919 1145 2997 grata
1169 2912 1240 2979 fore
1266 2914 1502 2998 cognoscimus,

370 3026 503 3104 apertos
519 3019 708 3088 habebimus
726 3020 836 3087 oculos
853 3027 887 3086 et
902 3043 957 3088 cor
972 3027 1165 3106 promptum,
1181 3021 1408 3107 prefatumque
1419 3021 1504 3089 Gal-

370 3147 497 3214 vanum,
514 3127 555 3196 ob
571 3130 880 3215 contemplationem
905 3130 964 3213 tui,
988 3137 1022 3195 et
1045 3137 1180 3215 propter
1205 3152 1264 3198 sua
1279 3131 1420 3215 grandia
1436 3152 1505 3196 me·

369 3238 444 3318 rite,
461 3236 578 3320 quibus
594 3233 808 3321 Omnipotens
835 3234 995 3303 Dominus
1022 3257 1094 3303 eum
1110 3238 1289 3322 insignivit,
1306 3239 1449 3322 gerimus
1468 3239 1505 3304 in

369 3344 546 3412 visceribus
558 3344 715 3428 caritatis,
725 3350 758 3410 et
768 3343 964 3411 sicutfilium
974 3345 1188 3430 predilectum
1204 3344 1396 3412 habebimus
1413 3345 1508 3412 lavo·

370 3451 520 3518 rabiliter
550 3451 818 3519 commendatum
844 3451 1002 3519 Preterea
1025 3453 1309 3521 honorificenciam
1337 3453 1419 3520 dicti
1434 3452 1507 3520 Re-

371 3561 431 3645 gis,
455 3562 507 3626 cui
532 3558 672 3626 fideliter
698 3561 842 3643 assistis,
875 3561 1057 3646 magnificis
1088 3564 1257 3647 cupientes
1288 3562 1509 3628 incrementis

371 3670 493 3754 augeri,
506 3667 750 3735 fraternitatem
765 3676 856 3736 tuam
873 3670 966 3736 nobis
982 3691 1093 3736 caram
1108 3691 1261 3754 rogamus
1277 3674 1311 3735 et
1328 3669 1510 3736 hortamur

369 3781 504 3858 attente,
528 3781 688 3860 quatenus
715 3774 755 3842 de
781 3777 865 3844 bono
880 3779 914 3844 in
929 3776 1044 3843 melius
1061 3778 1177 3844 saltem
1192 3799 1281 3845 more
1296 3776 1392 3843 solito
1408 3777 1513 3844 indc-

369 3880 454 3951 iesse
469 3904 633 3969 procures,
659 3904 847 3970 quecunque
874 3885 976 3951 statui
1005 3885 1108 3968 Regis
1124 3885 1250 3952 noveris
1266 3883 1453 3968 profutura,
1471 3893 1515 3952 nt

370 3991 483 4059 eodem
499 3993 590 4076 Rege
606 3990 731 4059 fructus
746 3993 905 4061 amabiles
920 3993 960 4059 de
976 3998 1033 4059 tue
1049 3991 1265 4060 solicitudinis
1282 3991 1390 4058 studio
1408 3994 1513 4060 colli·

370 4108 476 4186 gente,
492 4123 609 4169 nomen
632 4105 725 4167 tuum
751 4106 877 4166 crescat
902 4101 935 4167 in
950 4101 1112 4185 gentibus,
1128 4107 1162 4167 et
1176 4102 1282 4186 ipsum
1298 4099 1424 4184 Regem
1442 4104 1517 4170 tibi

371 4212 552 4278 constituas
568 4211 685 4277 merito
702 4210 891 4276 debitorem.
909 4208 1060 4277 Ceterum
1076 4231 1148 4277 cum
1167 4231 1289 4276 summe
1306 4210 1398 4277 nobis
1408 4211 1517 4276 cordi

371 4320 422 4404 sit,
437 4317 603 4404 prelatum
619 4317 745 4401 Regem
755 4317 911 4400 Vngarie,
928 4324 963 4383 et
978 4319 1181 4384 carissimum
1197 4319 1231 4383 in
1248 4315 1381 4383 Christo
1397 4316 1519 4386 filium

371 4433 518 4492 nostrum
544 4426 699 4493 Carolum
725 4423 950 4491 Romanorum
976 4425 1216 4509 Imperatorem
1235 4423 1370 4508 Semper
1385 4422 1520 4510 Augu-

373 4539 458 4602 stum
483 4534 571 4600 inter
596 4555 631 4600 se
655 4534 858 4616 dissidentes,
883 4533 926 4598 ad
950 4533 1069 4599 bonam
1100 4533 1308 4600 concordiam
1332 4553 1521 4626 revocare,
