3214 5250
402 402 465 466 650
755 415 987 464 nreaonaczmr
1006 403 1172 464 suabsna.

399 575 587 659 toribus‚ut
611 579 641 642 ei
667 578 877 662 provideatur
902 577 942 643 de
967 577 1054 644 dicte
1080 579 1287 662 Episcopatu
1314 576 1515 644 Nitriensiiu

399 706 487 766 casu,
504 707 568 768 quo
586 685 691 751 dictus
704 683 853 750 dominus
867 683 1053 751 Demetrius
1064 686 1285 752 transferatur
1297 686 1340 751 ad
1350 687 1519 752 Ecclesiam

399 793 691 877 Vespn'miensem3
716 793 805 858 vadit
820 816 906 877 pam,
923 795 1010 877 quod
1026 795 1198 878 scribatur,
1213 799 1251 859 ut
1268 801 1394 879 petunt,
1419 795 1451 858 in
1465 795 1521 859 ior·

400 924 462 983 ma,
481 923 543 984 que
560 900 722 966 ridebitur
739 902 901 968 Dominio.

465 1047 499 1110 (Δ
516 1049 625 1100 ›nisti‹
641 1049 732 1100 czimtl
744 1051 881 1101 velenczei
896 1053 1077 1116 sillamlrbnyv
1091 1053 1149 1102 XL.
1163 1051 1308 1103 ketettbbl
1325 1055 1385 1103 157.
1405 1053 1467 1112 lev.)

886 1214 1044 1224 Μ

925 1360 1000 1422 374.

399 1522 428 1582 Α
456 1521 637 1606 ruprvzniuk
662 1521 862 1584 kereskede'se
889 1545 910 1584 a
937 1522 1146 1587 Bosznia'ban
1166 1524 1199 1586 e's
1214 1523 1415 1588 Scerbidbon
1442 1533 1525 1607 regeri

837 1631 971 1694 ezr'tsttel.
999 1633 1092 1696 1387.

920 1789 1061 1872 Propria
1077 1791 1261 1855 commissio
1278 1791 1402 1856 domini
1420 1790 1524 1870 Regis.

504 1897 575 1962 Nos
592 1895 828 1980 Sygismundus
848 1894 909 1960 Dei
926 1897 1040 1991 gracia
1057 1897 1127 1962 Rex
1150 1897 1522 1979 Hunga1·ie,Dalmucie,

397 2002 829 2070 Cr·oaeieetc.acllla1·chio
847 2004 1153 2086 Brandeburgensis
1172 2011 1234 2068 etc.
1255 2012 1369 2068 notum
1387 2003 1523 2068 iacimus

397 2113 555 2177 universis
571 2118 737 2196 presentes
754 2111 957 2195 inspecturis,
974 2112 1061 2195 qnod
1084 2134 1140 2176 nos
1168 2111 1359 2176 humillimis
1376 2120 1409 2176 et
1434 2111 1512 2176 desc

399 2221 441 2282 tis
459 2220 753 2303 supplicationibus
770 2219 914 2294 fidelium
932 2221 1049 2284 civium
1066 2229 1098 2285 et
1111 2227 1328 2284 mercatorum
1340 2226 1524 2283 nostrorum

398 2325 438 2389 de
455 2328 602 2411 Rugusio
619 2328 711 2393 nobis
726 2349 784 2411 per
800 2329 953 2411 providos
971 2335 1003 2392 et
1022 2329 1185 2411 sapientes
1213 2327 1309 2408 nnus,
1333 2327 1357 2393 J
1362 2327 1471 2390 unium
1490 2325 1526 2390 de

398 2433 502 2517 Serge
520 2445 551 2501 et
568 2437 735 2502 lllarinum
753 2436 793 2500 de
810 2437 914 2514 Bona,
931 2439 1076 2501 concives
1094 2443 1127 2500 et
1153 2433 1401 2499 Ambasiatores
1418 2453 1526 2496 eorum

398 2547 556 2626 porrectis
572 2545 678 2628 Regia
695 2545 919 2608 favorabiliter
930 2542 1078 2609 inclinati
1089 2544 1303 2626 benignitate,
1314 2543 1525 2608 annuimuset

398 2655 613 2718 concessimus
624 2654 775 2736 gratiose.
788 2658 823 2717 nt
835 2659 1033 2717 mercatores
1046 2654 1189 2735 ipsorum
1199 2654 1232 2716 in
1242 2657 1332 2715 terra
1343 2656 1454 2714 nostra
1467 2648 1527 2731 Sy:

396 2761 539 2824 rimiensi
561 2760 741 2824 residentes
767 2784 787 2824 a
814 2759 1047 2825 mercatoribus
1068 2761 1225 2825 consociis
1245 2781 1356 2824 eorum
1376 2759 1409 2822 in
1429 2757 1528 2820 terris

397 2867 507 2934 Boane
524 2847 692 2933 et⁸Rascie
703 2865 976 2931 commorantibus
988 2875 1170 2948 argentum,
1181 2867 1278 2930 terris
1296 2866 1448 2930 tamenin
1468 2867 1528 2929 eis-

397 2975 470 3040 dem
488 2975 653 3057 reperiens
670 2981 702 3038 et
728 2974 760 3036 in
776 2958 1099 3057 usuni'proreniena
1125 2976 1235 3057 precio
1262 2973 1476 3058 comparandi
1494 2983 1525 3036 et

397 3091 539 3165 emptum
557 3081 687 3145 tandem
713 3081 811 3144 iidem
840 3087 1035 3146 mercatores
1052 3081 1092 3147 de
1118 3079 1259 3164 Syrimia
1285 3079 1523 3146 mercatoribus

401 3190 441 3253 de
459 3189 546 3254 dieto
572 3189 731 3272 Rugusi0‚
756 3189 940 3253 concivibus
965 3190 1121 3272 ipsorum,
1139 3189 1314 3253 venditioni
1342 3189 1525 3272 exponendi

398 3297 584 3381 prefatique
610 3305 811 3362 mercatores
843 3297 1062 3380 Ragusienses
1093 3295 1177 3361 idem
1212 3302 1383 3379 argentum
1415 3317 1527 3360 versus

397 3405 579 3488 Rugusium
597 3405 791 3487 exportandi
808 3411 841 3469 et
857 3405 1024 3470 deferendi
1040 3412 1155 3484 tutam,
1179 3405 1318 3468 liberam
1344 3412 1376 3468 ct
1399 3404 1527 3468 absolu-

398 3520 466 3578 tam
492 3512 634 3576 habeant
660 3513 859 3578 facultatem.
905 3513 1086 3596 liapropter
1112 3513 1201 3578 vobis
1228 3511 1379 3576 fidelibus
1405 3515 1527 3576 nostris

397 3622 555 3685 universis
573 3623 713 3705 cujusvis
731 3629 847 3701 status,
864 3620 1060 3686 condicionis
1078 3629 1111 3686 et
1131 3621 1389 3705 prelieminencie
1415 3620 1525 3703 Regni

399 3729 501 3794 nostri
537 3728 709 3809 Hnngarie
744 3729 935 3810 hominibus,
960 3728 1079 3810 quibus
1105 3733 1271 3810 presentes
1302 3729 1526 3808 ostendentur,

400 3837 492 3900 tirnro
509 3837 707 3920 precipimus
726 3835 829 3919 Regio
847 3835 906 3902 sub
923 3836 1037 3918 edicte,
1056 3842 1215 3918 quatenus
1228 3837 1305 3901 visis
1321 3837 1526 3920 presentibus

397 3946 540 4028 prefatos
556 3946 640 4010 cives
657 3951 688 4008 et
715 3951 912 4009 mercatores
938 3944 1123 4027 Ragusinos
1149 3946 1236 4011 circa
1262 3946 1524 4029 exportacionem

398 4061 429 4117 ct
447 4054 650 4118 delacionem
667 4055 767 4138 ipsius
784 4053 912 4135 argenti
923 4053 965 4117 ad
977 4051 1099 4117 dictum
1111 4052 1291 4136 Rugusium
1304 4053 1444 4118 fiendam
1463 4073 1527 4117 non
1602 4139 1603 4142 Ἴ

398 4160 584 4244 impediatis
603 4182 661 4226 nec
687 4160 923 4244 (lampnilicetis
950 4182 1079 4243 quoquo
1104 4159 1219 4242 modo;
1244 4160 1301 4226 sed
1326 4161 1527 4243 permittatis

398 4271 708 4353 dictumargentum
726 4272 871 4352 ipsarum
891 4276 1055 4334 terrarum
1081 4267 1191 4334 Boane
1208 4275 1241 4334 et
1256 4268 1377 4333 Rascie
1404 4270 1526 4333 eisdem

394 4381 490 4464 juxta
516 4380 706 4462 premissam
732 4387 877 4444 nostram
903 4378 1115 4442 arinuenciam
1142 4385 1316 4458 exportare
1342 4385 1373 4440 et
1401 4377 1524 4442 deferre

397 4487 531 4572 pacifice
548 4496 581 4552 et
599 4490 715 4570 quiete,
733 4488 865 4570 sineque
884 4487 1142 4552 contradictione
1160 4494 1193 4549 et
1219 4485 1439 4569 impcdinento
1468 4487 1522 4549 ali·

398 4598 494 4693 quali.
512 4597 555 4660 Et
574 4596 663 4661 aliud
679 4619 737 4683 pro
755 4603 866 4661 nostra
877 4595 1104 4684 graciasacere
1121 4616 1186 4663 nen
1203 4595 1333 4678 ausuri;
1358 4605 1521 4682 presentes
