3190 5252
742 335 977 382 urruounozrar
993 323 1161 386 umarus.

927 499 1000 580 Ego
1016 493 1273 561 Virianusfilius
1283 492 1505 561 NeriiViviani

819 603 859 668 de
870 602 1032 669 Sambuco
1044 600 1352 668 CivisFlorentinus
1362 601 1503 684 Imperia·
1579 665 1581 670 .

821 711 846 775 li
862 713 1059 777 auctoritate
1075 712 1100 777 J
1102 709 1187 776 udex
1199 707 1395 776 Ordinarius
1406 709 1503 774 Publi·

471 815 622 900 (Jegyzoi
635 815 736 902 jegy.)
821 839 942 900 cusque
968 817 1136 899 Notarius,
1162 815 1315 901 predictis
1340 823 1414 882 autc
1440 817 1503 880 sub·

821 929 1030 1011 scriptionem
1042 925 1120 992 dicti
1131 927 1299 994 Mainardi
1312 929 1465 992 contentis
1475 931 1502 989 et

821 1035 960 1120 scriptis,
975 1037 1051 1102 dum
1071 1042 1246 1119 agerentur
1262 1034 1403 1114 interlui,
1426 1039 1456 1099 et
1471 1055 1504 1098 eu

823 1153 956 1229 rogatus
972 1146 1115 1212 scribere
1132 1146 1164 1208 in
1182 1145 1261 1210 meis
1276 1141 1503 1209 imbreviaturis

820 1255 945 1338 scripsi,
961 1253 1136 1337 composui,
1171 1258 1204 1318 et
1234 1252 1308 1318 aliis
1333 1255 1502 1334 occupatus,

818 1362 894 1427 inde
920 1360 1076 1426 sumenda
1101 1367 1134 1430 et
1149 1362 1183 1426 in
1198 1359 1337 1426 formam
1353 1358 1503 1443 publicam

819 1471 998 1552 redigenda
1029 1468 1174 1535 commisi
1209 1469 1297 1534 dicto
1334 1465 1505 1552 Maynardo

818 1575 961 1642 Notario
988 1583 1020 1643 et
1051 1575 1232 1644 coadiutori
1262 1597 1351 1656 me03
1382 1573 1504 1655 ideoque

821 1684 1023 1767 subscripsi,
1064 1705 1137 1750 curn
1177 1705 1248 1748 meo
1289 1682 1385 1749 solito
1424 1684 1505 1765 signo

821 1791 958 1873 signavi.

392 1935 535 1996 (Eredetie
548 1935 721 1999 borharryan
734 1951 766 1985 az
789 1937 867 1985 »Atti
879 1936 985 1999 publici
1005 1937 1033 1986 ui
1052 1936 1170 2000 anoli«
1186 1936 1290 1984 XVIII.
1304 1935 1456 2000 klitegeben
1469 1937 1505 1981 26.
1578 1997 1581 2004 ⁴

688 2042 725 2076 sz.
740 2041 774 2094 a,
788 2043 805 2074 a
818 2027 948 2076 florenczi
963 2041 1035 2090 nsgy
1050 2026 1231 2076 leveltrtrban.

921 2331 993 2391 196.

483 2489 606 2555 Vilrnos
620 2492 715 2577 pyr'lri
732 2491 922 2576 pltspo'knek
939 2515 959 2554 u
976 2491 1123 2570 llorenczi
1139 2489 1307 2576 kormdny.
1334 2492 1426 2554 1380.

604 2651 769 2733 Episcopo
786 2651 965 2717 Jaurieusi.

496 2755 684 2821 Reverende
701 2758 734 2821 in
751 2755 886 2822 Christo
903 2757 1012 2822 Pater.
1039 2757 1195 2823 Turbatis
1211 2757 1373 2824 mentibus
1389 2765 1419 2821 et
1434 2775 1503 2818 mes·

387 2863 573 2942 tisernitius,
592 2863 759 2929 intellecta
774 2873 958 2930 vestrarum
983 2866 1186 2931 coutinentia
1203 2867 1400 2945 litterarum,
1415 2883 1501 2946 quau·

389 2977 458 3034 turn
475 2970 595 3036 debent
612 2969 720 3038 devoti
737 2974 910 3037 servitores
927 2979 960 3037 et
974 2971 1035 3036 lilii
1051 2972 1223 3038 clarissimi
1239 2971 1401 3056 Principis
1417 2969 1502 3036 domi·

388 3078 422 3141 ni
437 3078 554 3144 Karoli
583 3078 622 3143 de
646 3081 812 3164 Dyrachio
839 3080 878 3145 de
900 3081 1104 3163 surreptione
1120 3080 1290 3161 Martiani,
1306 3103 1379 3145 cunr
1395 3080 1502 3146 Vestra

388 3185 603 3269 Paternitate,
625 3207 688 3269 que
700 3187 784 3253 vices
799 3189 885 3272 gerit
903 3187 969 3254 Sue
986 3185 1201 3254 Oluritndinis
1215 3185 1427 3254 condolemus
1441 3186 1500 3252 Nec

389 3294 520 3376 putetis,
536 3316 596 3360 nos
613 3298 703 3379 pacis
720 3297 840 3381 avidos
856 3303 888 3362 et
904 3297 1076 3363 concordie
1096 3297 1262 3377 zelatores
1279 3299 1438 3364 noritates
1451 3296 1497 3359 lur-

388 3400 526 3466 iusmodi
552 3403 631 3468 totis
648 3403 795 3468 sensibus
811 3426 874 3468 non
889 3404 1032 3473 horrere.
1053 3403 1140 3468 Nam
1158 3405 1241 3471 sicut
1257 3405 1338 3470 vidit
1354 3405 1498 3470 Reveren-

386 3507 434 3574 tia
450 3507 580 3588 Vestra,
605 3517 642 3575 ut
667 3511 717 3576 his
744 3519 776 3578 et
802 3513 961 3579 similibus
987 3533 1154 3596 possemus
1180 3512 1349 3577 eventibus
1375 3512 1499 3586 obviare,

387 3623 532 3681 nostrum
560 3620 799 3686 transmisimus
826 3619 1011 3701 Oratorem,
1037 3627 1070 3685 et
1094 3641 1180 3685 nunc
1199 3621 1299 3684 etiam
1315 3621 1357 3686 ob
1373 3620 1497 3686 eiusdem

389 3724 437 3788 rei
454 3723 613 3809 effectum,
629 3727 780 3792 duximus
806 3728 1048 3811 presentialiter
1072 3728 1309 3793 remittendum.
1327 3728 1360 3793 N
1363 3752 1398 3794 ec
1412 3729 1498 3792 inten-

387 3831 491 3896 dimus
507 3832 636 3899 labores
661 3834 773 3917 fugere
800 3835 851 3901 vel
876 3856 1042 3920 expensas,
1058 3842 1095 3899 ut
1111 3857 1176 3918 pax
1201 3835 1395 3903 extendatur
1410 3838 1438 3901 in
1452 3855 1497 3917 pa·

388 3940 461 4022 tria,
478 3949 509 4004 et
527 3941 704 4024 gloriosum
731 3965 848 4009 nornen
872 3943 993 4027 prefati
1010 3943 1174 4028 Principis
1190 3943 1330 4010 feliciter
1346 3945 1496 4011 exaltetur.

387 4046 496 4111 Unum
514 4049 594 4113 satis
611 4049 769 4114 admirari
784 4071 849 4115 non
866 4073 1045 4134 possumus,
1060 4072 1120 4116 nec
1135 4073 1248 4116 verum
1265 4052 1344 4134 fore,
1360 4053 1419 4118 nisi
1434 4069 1496 4133 qua·

385 4159 480 4218 tenus
497 4155 531 4218 id
549 4155 671 4222 Vestra
696 4157 886 4224 Pater-nitas
912 4165 1098 4240 attestatur,
1123 4157 1319 4242 nobisipsis
1344 4176 1494 4244 possumus

386 4261 603 4346 persuaderc;
627 4265 715 4348 quod
730 4266 881 4333 videlicet
897 4265 1066 4350 Magnifici
1083 4265 1204 4332 fratres
1230 4269 1335 4333 nostri
1356 4267 1493 4333 Senenscs

386 4372 419 4434 in
436 4375 647 4457 occupatione
663 4375 743 4440 dicti
759 4378 858 4442 castri
873 4377 995 4442 luerint
1019 4377 1140 4442 conscii
1158 4377 1207 4440 rel
1225 4375 1378 4458 fautores
1394 4377 1492 4457 eisque,

388 4500 484 4562 snper
509 4481 569 4545 hac
595 4484 733 4548 materia
759 4485 928 4550 scribimus
954 4491 1121 4572 oportune.
1148 4485 1193 4552 nt
1210 4485 1236 4548 si
1256 4485 1334 4574 quid
1349 4483 1431 4554 aliud
1445 4497 1490 4550 11⁰⁵
