3172 5254
353 395 415 458 142
706 410 937 454 nnuouuezmr
957 394 1124 452 irritamen.

351 573 489 636 liliorum
517 568 702 647 trucclerala
727 569 896 632 snlnuntio
913 568 1130 650 impendatur,
1148 564 1251 629 eidem
1271 587 1335 628 non
1353 569 1482 648 oportet

352 679 516 762 explicare
542 677 753 754 sermonibus,
780 697 851 741 cum
877 677 936 742 hec
962 679 1028 740 sint
1054 675 1121 739 fere
1147 675 1295 738 omnibus
1321 672 1484 754 fidelibus

352 788 449 851 eliam
475 786 515 849 de
542 785 657 866 Regno
679 785 831 868 Vngarie,
848 785 985 849 Poleuie
1003 791 1035 848 et
1051 783 1217 848 Dalmatio
1234 782 1417 847 manifesta.
1435 781 1483 844 Et

352 902 523 978 propterea
551 894 695 974 cogimur
722 915 792 956 cum
810 892 1085 975 paternalidueia
1101 891 1141 954 ad
1159 893 1246 973 ipsos
1264 889 1348 955 lilios
1365 889 1487 953 babere

353 1023 526 1076 recursum,
553 1005 589 1064 ut
612 1022 691 1081 erga
708 1002 853 1066 Matrem
870 1001 1047 1083 patientem
1064 1005 1132 1062 tam
1149 998 1299 1080 graviter,
1321 1018 1385 1060 non
1403 995 1486 1060 desit

353 1113 455 1193 pietas
480 1110 608 1188 filialis3
634 1115 760 1174 attento
777 1110 926 1189 maxime,
945 1130 1040 1190 quma
1058 1109 1128 1189 ipsa
1145 1108 1255 1171 Matre
1272 1106 1438 1169 infirmata
1455 1113 1487 1167 et

353 1219 533 1300 debilitata,
562 1218 751 1299 gravissime
777 1219 838 1300 ipsi
865 1219 964 1281 etiarn
989 1216 1046 1279 filii
1073 1221 1272 1297 paterentur,
1309 1233 1484 1294 arnareque

352 1327 499 1393 dolerent
517 1327 562 1390 illi
580 1346 643 1390 non
660 1323 854 1407 subvenisse,
870 1347 890 1389 a
907 1347 970 1406 qua
995 1333 1165 1388 traxerunt
1192 1323 1361 1403 originem,
1381 1327 1414 1385 et
1430 1341 1487 1385 uu-

354 1436 424 1498 triti
450 1441 523 1498 sunt
548 1432 772 1516 spiritualibus
789 1439 822 1496 et
836 1433 1069 1516 temporalibus
1088 1431 1253 1494 alimentis
1272 1455 1277 1492 :
1305 1439 1336 1492 et
1355 1429 1485 1493 tandem

356 1564 427 1606 eum
445 1543 591 1620 cadente,
611 1541 697 1622 quod
715 1541 808 1606 absit.
826 1561 897 1604 cum
914 1539 970 1604 illa
988 1541 1029 1602 sit
1046 1560 1157 1603 einum
1169 1538 1379 1614 sustentatio,
1387 1538 1484 1600 titiam

354 1652 415 1734 ipsi
441 1649 557 1715 cadere
583 1671 602 1713 a
627 1650 692 1713 suis
709 1628 848 1712 statibus
875 1655 1076 1731 cogerentur
1105 1646 1314 1729 Quapropter
1330 1643 1485 1709 fraterni-

355 1759 418 1823 tati
442 1765 505 1837 tue,
533 1758 572 1821 de
599 1758 689 1821 cuius
715 1757 779 1820 fide
805 1779 842 1821 ac
869 1756 1076 1821 solicitudine
1094 1754 1312 1819 indubitatam
1332 1751 1482 1816 fiduciam

354 1867 504 1950 gerimus,
531 1888 588 1948 per
614 1864 809 1948 Apostoliea
835 1865 955 1947 scripta
982 1864 1213 1926 committimus
1231 1869 1262 1925 et
1279 1861 1483 1938 mandamus

355 1982 514 2058 qnatenus
539 1996 597 2055 per
622 1981 654 2038 te
672 1973 721 2038 rel
738 1974 836 2036 aliurn
854 1991 910 2037 seu
926 1973 1008 2037 alios
1031 1973 1133 2035 etiarn
1147 1971 1209 2034 fide
1227 1969 1376 2052 preditos
1394 1976 1425 2033 et
1443 1967 1488 2030 di·

354 2083 495 2167 ligencia
511 2081 745 2165 comprobatae,
767 2079 964 2143 venerabiles
979 2079 1098 2142 fratres
1117 2085 1246 2141 nostros
1267 2077 1436 2141 uniuersos
1454 2081 1485 2138 et

284 2175 287 2182 Α
355 2191 497 2273 singulos
518 2189 792 2272 Archiepiscopos
810 2194 841 2250 et
857 2187 1046 2269 Episcopus,
1073 2207 1111 2249 ac
1136 2185 1271 2248 dilectos
1291 2185 1378 2248 filios
1396 2184 1487 2248 Elec·

355 2307 415 2380 tesi,
441 2296 599 2376 Abbates,
626 2296 769 2374 Priores,
794 2293 957 2369 Decanos,
988 2293 1188 2376 Propositus
1217 2291 1486 2370 Archidiaeonos,

356 2405 668 2490 Archipresbitores,
694 2403 869 2483 Plebanos,
887 2413 916 2467 et
936 2402 1015 2466 alios
1033 2402 1256 2465 Ecclesiarurn
1273 2408 1306 2464 et
1323 2400 1487 2463 Monaste-

356 2517 476 2579 riorum
488 2512 639 2578 Prolatos
651 2519 683 2576 et
693 2511 860 2592 Rectores,
873 2508 1029 2592 Capitula
1040 2529 1170 2591 quoque
1183 2515 1216 2573 et
1227 2507 1417 2572 Conventus
1429 2506 1488 2568 Ee-

356 2623 527 2686 clesiarum
546 2629 579 2684 et
595 2620 869 2685 Mouasteriorurn
886 2619 1029 2700 ipsorum
1047 2625 1214 2699 exeruptos
1231 2623 1264 2681 et
1280 2639 1346 2680 non
1363 2638 1488 2698 exemp-

355 2741 406 2794 tos
423 2728 662 2808 Cistercieusis,
679 2727 914 2803 Oluniuceusis,
941 2724 1267 2800 Premenstratensis,
1296 2721 1487 2788 Sanctorum

356 2838 528 2903 Benedicti
546 2843 579 2901 et
595 2835 784 2918 Augustini,
795 2843 828 2898 et
837 2835 975 2898 aliorum
987 2852 1250 2915 quorumcunque
1261 2831 1436 2913 Ordinem,
1453 2853 1488 2894 ac

356 2943 570 3028 Preeeptores
595 2950 627 3006 et
653 2942 772 3007 fratres
799 2942 924 3005 Domus
942 2937 1062 3005 Sancte
1078 2939 1185 3005 Marie
1203 2937 1488 3016 Thentenicorunr,

356 3054 545 3135 Regnorum
556 3051 711 3133 Vngaric,
724 3051 857 3115 Polonie
875 3057 907 3115 et
923 3049 1108 3128 Dalmatio,
1126 3049 1269 3130 exceptis
1279 3046 1366 3111 dicte
1377 3046 1487 3112 Eccle-

357 3163 403 3224 sie
421 3160 655 3226 Cardinalibus
667 3160 699 3223 iu
711 3159 775 3222 illis
787 3158 935 3240 partibus
952 3177 1161 3240 quascunque
1178 3155 1367 3237 dignitates,
1383 3175 1488 3238 perso-

356 3278 462 3346 natus,
473 3267 579 3333 officia
598 3275 630 3331 et
646 3265 801 3332 beneficia
827 3265 1063 3344 obtinentibus,
1081 3264 1137 3347 qui
1153 3263 1320 3328 nobiscum
1338 3263 1487 3327 continue
1584 3349 1585 3354 γ

358 3377 550 3442 uniuersalis
560 3376 707 3441 Ecclesie
719 3395 818 3438 onera
828 3375 1021 3454 sorciuntnr,
1033 3381 1066 3438 et
1078 3373 1206 3438 dilectis
1222 3372 1298 3438 filiis
1314 3372 1488 3456 Magistro.
1584 3375 1585 3402 ³

358 3483 529 3550 Prioribus
545 3490 577 3547 et
593 3483 748 3547 fratribus
766 3481 952 3564 Hospitalis
970 3479 1085 3546 Sancti
1102 3479 1265 3545 Johannis
1282 3479 1487 3546 derosolimi·

356 3593 434 3672 tani,
452 3592 506 3672 qui
525 3613 582 3673 pro
601 3590 787 3654 defensione
810 3589 979 3655 tlatlrolice
996 3587 1070 3652 fidei
1088 3596 1252 3672 exponunt
1267 3588 1393 3670 iugiter
1410 3609 1442 3651 se
1458 3593 1488 3649 el

358 3721 434 3777 sua;
459 3721 496 3763 er
515 3705 608 3782 parte
626 3704 741 3762 nestra
761 3698 900 3778 benigne
917 3697 1077 3778 requiras,
1094 3706 1123 3759 et
1142 3704 1264 3778 quanto
1281 3695 1488 3760 affectuosius
1581 3695 1585 3774 ἦ

359 3807 442 3869 scies
468 3814 499 3869 et
525 3806 656 3890 poteris,
683 3806 883 3886 exhorteris,
908 3826 945 3868 ac
961 3804 1070 3886 Reges
1088 3803 1264 3868 secundum
1281 3804 1487 3887 prudentiam

357 3937 377 3976 a
389 3915 460 3978 Deo
478 3916 537 3980 tibi
555 3915 665 3979 datam
677 3913 822 3993 inducas
840 3920 876 3977 ut
893 3913 964 3994 ipsi,
985 3919 1150 3994 tamquam
1169 3913 1255 3993 grati
1272 3911 1331 3975 tilii
1350 3917 1384 3976 et
1400 3931 1485 3975 crea·

357 4031 429 4085 ture
455 4022 539 4086 dicte
570 4022 725 4102 Ecclesie,
742 4021 975 4086 considerando
997 4021 1164 4103 proruisse,
1185 4020 1237 4104 pio
1254 4021 1486 4102 compatientes
1581 4044 1583 4053 ·

359 4127 478 4193 affectu
504 4130 651 4194 Ecclesie
683 4129 851 4212 prelibate,
883 4151 920 4194 ac
954 4129 1055 4207 nobis,
1082 4129 1136 4210 qni
1168 4128 1209 4192 ad
1236 4127 1486 4193 succurrendum
1578 4202 1582 4213 Ι

357 4239 485 4303 cadenti
513 4240 612 4303 statui
641 4239 725 4303 dicte
753 4238 907 4309 lii-elesie,
934 4245 965 4302 et
991 4237 1185 4301 obviandum
1204 4237 1298 4302 malis
1315 4237 1487 4319 premissis,
1571 4279 1575 4286 .

357 4368 396 4410 ac
421 4369 493 4411 cum
522 4348 643 4412 rtrrrilio
669 4347 824 4412 Auctoris
853 4347 959 4425 Facie,
986 4350 1075 4409 errius
1094 4347 1176 4410 vices
1193 4347 1270 4411 licet
1286 4345 1440 4409 immeriti
1458 4343 1485 4404 iu
1578 4376 1582 4387 ·

359 4457 455 4519 terris
466 4457 618 4537 gerimus,
645 4455 687 4519 ad
704 4455 936 4539 pacificandam
954 4461 1057 4518 totam
1074 4453 1206 4518 ltaliam
1224 4453 1267 4518 ad
1284 4455 1365 4518 istas
1383 4458 1488 4535 partes
1582 4457 1583 4460 ’

359 4585 430 4626 eum
458 4565 581 4643 magnis
610 4563 878 4627 tribulationibus
904 4585 940 4625 ac
968 4561 1122 4643 periculis
1141 4571 1173 4625 et
1191 4563 1340 4644 expensis
1358 4559 1488 4625 arcessi·
1576 4586 1582 4648 χ
