3210 5252
411 386 453 446 80
765 401 999 445 urenouacarnr
1017 377 1184 444 sustinuit.

409 562 612 626 dominorum
641 561 767 644 Regum
794 562 892 626 sarriet
917 567 971 624 ani
999 561 1067 624 fieri
1093 560 1284 643 procurabit
1300 581 1356 624 seu
1374 561 1546 641 permittet-

390 655 466 751 vper
492 691 525 732 sc
554 670 602 733 vel
630 668 812 752 peralium
841 669 956 752 quouis
983 668 1086 745 modo,
1119 668 1291 750 quominus
1323 667 1413 731 dieta
1445 689 1545 750 spon-

408 778 491 842 salia
507 784 540 841 et
566 777 809 842 matrimonium
827 777 887 840 sub
906 776 1011 842 forma
1027 782 1058 840 et
1075 776 1170 841 ruodo
1188 799 1261 840 cum
1279 775 1414 859 Regum,
1431 775 1544 841 (lumi-

408 885 540 962 tatibus,
558 892 591 951 et
607 887 704 949 terris
720 893 753 948 ct
768 883 844 950 dcte
857 884 1011 967 predictis
1028 883 1237 967 perficiantur
1254 888 1287 948 et
1297 884 1544 966 compleantur3

409 993 471 1054 imo
489 995 647 1074 premissa
663 994 815 1055 universa
832 997 864 1055 et
880 991 1018 1074 singula,
1029 997 1190 1074 quatenus
1206 993 1240 1055 in
1256 992 1335 1074 ipsis
1351 999 1401 1056 est
1418 1000 1452 1056 et
1468 993 1545 1070 erit,

408 1099 640 1182 adimplebunt,
666 1105 698 1164 et
715 1120 773 1183 per
790 1099 873 1163 alios
899 1098 1005 1164 iacere
1030 1087 1203 1181 adimpleri
1229 1099 1350 1164 facient
1366 1099 1447 1164 totis
1474 1099 1544 1164 suis

408 1207 529 1272 riribus
555 1215 587 1272 et
603 1208 845 1291 procurabunt;
871 1208 946 1272 etsi
967 1207 1095 1290 aliquid
1111 1207 1234 1272 facturn
1251 1207 1376 1291 fuisset,
1402 1215 1543 1291 propter

408 1314 495 1396 quod
521 1323 653 1399 possent
678 1316 841 1398 premissa
857 1316 908 1379 rel
925 1317 1038 1398 aliqua
1055 1337 1094 1379 ex
1111 1316 1191 1398 ipsis
1212 1315 1422 1398 aliquatenus
1439 1317 1543 1400 impe·

410 1423 482 1504 diri,
508 1423 588 1490 illud
606 1445 759 1488 reuocare
785 1431 818 1487 et·
843 1424 957 1488 tollere
983 1422 1249 1505 impedimentum
1267 1445 1304 1487 ex
1322 1429 1413 1501 tot03
1438 1424 1543 1506 quod·

407 1554 469 1615 que
495 1532 639 1616 prefatus
665 1531 815 1598 dominus
842 1532 914 1596 Rex
930 1532 1102 1615 Hungarie
1127 1529 1216 1596 nullo
1235 1531 1299 1596 alio
1317 1532 1414 1597 modo
1431 1531 1541 1615 dispc-

408 1643 480 1720 suit,
493 1640 668 1721 ordinauit,
679 1640 829 1723 disponet
838 1641 888 1705 vel
901 1639 1066 1706 ordinabit
1077 1639 1116 1704 de
1127 1639 1222 1704 dictis
1233 1639 1359 1723 Regnis
1370 1646 1404 1703 et
1414 1639 1542 1716 Terris,

397 1747 466 1826 ,nisi
493 1749 526 1811 in
553 1769 722 1831 personam
749 1748 834 1813 dicte
852 1747 918 1812 filie
935 1771 1000 1826 sue,
1017 1768 1134 1830 sponse
1154 1753 1188 1811 et
1202 1749 1313 1811 uxoris
1330 1746 1441 1812 sutura
1460 1744 1540 1809 dicti

406 1852 528 1918 domini
553 1854 724 1937 liudouici,
740 1861 773 1918 et
789 1855 821 1918 in
838 1854 974 1920 heredes
1001 1854 1106 1919 abeis
1126 1854 1267 1937 legitime
1294 1854 1540 1934 descendentes,

405 1969 503 2045 prout
528 1964 675 2044 superius
699 1967 748 2026 est
773 1983 968 2044 expressum.
988 1963 1215 2044 Feceruntque
1240 1961 1361 2044 prelati
1387 1962 1541 2026 dominus

406 2067 478 2134 Rex
495 2069 635 2133 Francie
647 2089 706 2152 pro
723 2090 756 2132 se
773 2075 805 2133 et
822 2068 889 2133 filio
906 2089 963 2133 suo
980 2068 1126 2152 predicto
1144 2069 1398 2152 secundogenito
1415 2073 1540 2151 aasuis

407 2176 646 2242 successoribus
678 2177 939 2260 quibuscunque3
965 2186 996 2243 et
1028 2175 1149 2260 prefati
1181 2175 1451 2243 Ambassiatores
1477 2199 1540 2261 pro

406 2284 532 2368 prefato
558 2284 688 2349 domino
715 2284 805 2367 Rege
827 2285 997 2368 Hungarie
1015 2293 1046 2348 et
1064 2286 1130 2348 suis
1148 2285 1389 2350 successoribus
1407 2287 1539 2351 uniuer-

405 2395 457 2475 sis,
473 2414 530 2456 nec
547 2413 608 2456 non
626 2413 685 2474 pro
702 2392 857 2459 ambobus
873 2392 998 2475 Regnis
1014 2394 1155 2458 Francis
1172 2399 1205 2457 et
1221 2391 1403 2475 Hungarie,
1421 2399 1454 2458 et
1470 2395 1537 2458 dic·

405 2491 446 2564 tis
472 2501 610 2564 dominis
636 2498 782 2582 Regibus
798 2500 856 2565 sub
884 2499 979 2564 dictis
996 2500 1160 2582 colligatis
1177 2505 1210 2564 et
1226 2498 1456 2580 confederatis
1481 2503 1525 2567 bo

407 2631 476 2690 nas,
500 2607 619 2691 tideles,
635 2608 868 2674 irreuocabilcs
886 2616 918 2673 et
935 2608 1045 2674 firmas
1063 2609 1235 2691 amicitias,
1251 2607 1537 2675 confederationes

406 2725 438 2782 et
456 2717 669 2800 colligentiae,
697 2739 791 2800 super
817 2718 1048 2800 prosecutione,
1074 2719 1331 2801 recuperatione,
1365 2717 1537 2784 confirma·

405 2826 493 2890 tione
519 2833 552 2890 et
578 2825 763 2889 circiensium
788 2824 866 2889 dicti
890 2824 996 2908 Regni
1029 2822 1148 2908 Sicilie,
1165 2846 1238 2890 cum
1253 2825 1391 2909 prefatis
1408 2827 1536 2911 Regnis

405 2938 438 2998 et
463 2931 574 2996 Terris
592 2927 633 2996 ad
651 2935 752 3014 ipsum
771 2933 1028 3015 appendentibus
1046 2939 1078 2996 et
1094 2933 1342 3016 pertinentibus,
1359 2956 1398 3000 ac
1423 2935 1537 3001 Domi·

404 3041 538 3123 nicrum,
553 3038 809 3123 Principatuum,
838 3040 981 3106 Honoris
1007 3046 1038 3104 et
1054 3039 1277 3106 comitatuum
1303 3049 1335 3106 et
1353 3043 1534 3111 Terrarum

404 3149 552 3231 superius
578 3168 820 3231 expressarum3
844 3154 877 3212 et
904 3169 1000 3231 super
1016 3148 1065 3212 his
1090 3139 1317 3233 promiserunt,
1339 3151 1535 3217 iurauerunt

404 3263 437 3320 ct
461 3255 684 3337 firmauerunt,
699 3254 804 3319 dictos
820 3253 928 3337 Reges
954 3255 1094 3319 Francie
1121 3262 1153 3320 et
1177 3255 1357 3340 Hungarie,
1374 3265 1409 3322 et
1424 3278 1535 3325 eorum

404 3382 612 3444 successores
630 3368 740 3426 mutuo
757 3361 818 3426 sibi
835 3364 1031 3445 prestitimus
1049 3363 1091 3426 ad
1108 3363 1246 3426 inuicem
1262 3385 1321 3448 per
1336 3386 1450 3431 omnes
1466 3370 1535 3432 rias

403 3476 437 3533 et
447 3468 558 3533 modos
569 3467 737 3552 possibiles
748 3470 955 3552 ethonestcs‚
967 3469 1006 3534 de
1016 3472 1094 3535 totis
1106 3472 1182 3552 suis,
1198 3491 1330 3536 suorum
1340 3472 1533 3556 Regnorum

403 3577 668 3660 supradictorum
695 3583 726 3641 et
743 3578 969 3660 colligatorum
995 3577 1158 3662 potentijs,
1177 3581 1357 3660 consilium,
1375 3585 1535 3649 auxilium

306 3689 310 3698 '
403 3692 437 3750 ct
462 3683 607 3749 fauorem
634 3683 729 3749 dictis
755 3685 893 3750 dominis
909 3685 1063 3769 Regibus,
1088 3708 1278 3770 quecunque
1294 3690 1416 3754 eisdem
1432 3693 1538 3758 domi-

402 3794 453 3857 nis
470 3791 616 3875 Regibus
635 3793 735 3857 risum
753 3793 852 3858 suerit
870 3794 1041 3877 expedire,
1058 3800 1089 3858 et
1106 3796 1349 3880 ommutescere,
1366 3821 1430 3882 que
1458 3801 1535 3867 boni

402 3902 463 3965 viri
488 3907 520 3964 et
536 3899 649 3966 fideles
666 3900 792 3982 alligati
818 3909 851 3967 et
876 3902 1075 3967 confederati
1100 3909 1255 3969 tenentur
1278 3904 1388 3971 iacere
1413 3909 1447 3972 iu
1475 3910 1537 3976 hac

401 4015 505 4091 parte.
531 4006 601 4092 Qus
617 4010 776 4092 premissa
792 4011 946 4074 uniuersa
962 4016 993 4072 et
1010 4010 1141 4092 singula
1157 4011 1262 4075 modis
1279 4018 1312 4077 et
1338 4013 1445 4079 forma
1461 4037 1537 4100 pre·

401 4116 496 4182 dictis
522 4122 677 4198 tractata,
702 4117 898 4183 concordata
924 4125 957 4182 et
982 4116 1121 4197 firmata,
1148 4118 1267 4202 prefati
1292 4120 1445 4187 dominus
1461 4123 1536 4190 Rex

401 4221 541 4289 Francia
568 4245 626 4307 pro
644 4245 678 4289 sc
695 4231 727 4289 et
743 4225 872 4308 prefato
890 4224 1020 4291 domino
1037 4225 1202 4292 Ludcuico
1220 4225 1285 4292 filio
1304 4249 1361 4293 suo
1378 4233 1537 4300 secundo·

401 4333 510 4414 genito
528 4338 561 4396 et
578 4334 644 4397 suis
661 4335 919 4416 successoribus;
936 4339 969 4399 ct
985 4333 1104 4418 prefati
1121 4342 1350 4419 procuratores
1366 4359 1427 4421 pro
1447 4339 1537 4406 dicto

401 4438 530 4505 domino
557 4440 650 4525 Rege
666 4442 837 4526 Hungarie
853 4451 887 4508 et
905 4446 969 4508 suis
985 4445 1224 4510 successoribus
1241 4447 1411 4528 uniuersis,
1427 4450 1464 4513 in
1481 4473 1536 4514 no·

401 4552 542 4610 strcrurn
554 4547 767 4614 Notariorum
784 4551 1004 4634 predictorum
1022 4555 1150 4618 nomine
1170 4555 1312 4619 omnium
1330 4576 1472 4637 quorum
1490 4559 1536 4623 iu·
