3214 5250
637 387 731 450 laer.
1181 393 1244 455 647

117 563 223 628 dorici
239 564 302 629 Dei
321 566 432 647 gracia
447 565 627 648 Hungarie,
643 565 788 648 Polonie‚
813 567 994 648 Dalmacie,
1019 567 1166 650 Croacie,
1183 571 1249 636 lta-

115 695 178 752 me‚
196 671 319 752 Servio,
332 672 483 756 Gallicie,
500 674 702 750 hodone-ie,
721 674 877 738 Cumania
894 676 1117 760 Balgarieque
1135 679 1245 761 Regis,

114 780 285 864 Principis
304 780 501 847 Salerniteni
512 789 546 846 et
558 783 702 848 Honoris
713 784 838 850 Montis
850 783 961 849 Sancti
973 785 1096 867 Angeli
1106 767 1248 867 Domini

113 890 247 954 nominc
265 897 296 954 et
314 893 382 955 rice
400 891 521 974 prefati
539 891 703 975 quondam
722 893 842 957 domiui
860 892 960 974 Regis
988 915 1026 956 ex
1045 916 1108 958 uua
1136 901 1250 977 partc3

116 1005 151 1062 et
169 997 295 1062 nobiles
314 1020 353 1062 ac
371 999 534 1081 sapientes
554 1000 637 1064 viros
654 1001 802 1064 dominos
828 1001 1024 1064 Zachariam
1055 999 1251 1082 Caularem,

114 1104 141 1170 J
143 1106 306 1171 ohannem
320 1107 509 1174 Gradonieo
521 1115 554 1172 et
565 1108 759 1173 lllichaelem
769 1108 978 1189 Mamaeam,
992 1109 1249 1174 Procuratorem

110 1214 265 1280 Ecclesia
282 1213 394 1279 Sancti
411 1215 526 1292 Marci
546 1215 631 1278 eires
657 1214 885 1295 Veneriorum,
910 1214 1069 1296 syndicus,
1093 1235 1248 1295 procura-

40 1361 46 1372 ·
111 1327 214 1400 tores,
231 1327 358 1385 actores
375 1327 408 1386 et
424 1321 557 1386 nuncios
573 1321 730 1404 speciales
747 1321 858 1385 inclite
868 1322 1021 1384 memorie
1039 1320 1160 1384 domini
1178 1321 1245 1384 An-

112 1428 194 1494 dreo
221 1427 407 1496 Contareno
433 1430 578 1495 Illustris
607 1431 822 1496 Veneciarum
850 1428 959 1510 Ducis,
980 1428 1197 1495 Consiliorum
1215 1439 1247 1496 et

112 1536 306 1604 Communis
323 1538 538 1605 Veneciarum
560 1561 645 1603 anno
671 1540 802 1604 Dommi
829 1538 999 1603 millesimo
1016 1540 1245 1604 trecentesimo

110 1648 338 1730 octuagesimo
355 1649 468 1732 primo,
484 1649 665 1713 indiccione
682 1657 809 1731 quarta,
827 1649 879 1712 die
906 1647 999 1712 lovis
1025 1656 1139 1713 octauo
1158 1669 1243 1712 men·

112 1757 162 1820 sis
180 1758 324 1838 Augusti
341 1757 373 1820 in
391 1763 500 1820 castro
528 1756 672 1834 Taurini,
690 1757 730 1820 do
747 1757 837 1820 euius
866 1755 995 1838 quidem
1013 1757 1102 1837 pacis
1127 1759 1246 1820 instru-

110 1865 236 1928 mentis
253 1865 459 1928 conficiendis
476 1866 620 1929 eiusdem
637 1865 761 1928 tenoris
778 1863 910 1928 fuerunt
926 1865 1034 1945 rogati
1052 1862 1185 1928 Notarii
1201 1865 1248 1927 in-

110 1971 290 2054 frascripti,
306 1972 457 2037 videlicet
473 1972 498 2037 J
499 1973 643 2037 ohannes
654 1972 808 2054 Ravaysii
822 1971 1023 2036 Secretarius
1040 1972 1183 2036 Illustris
1194 1973 1248 2035 do·

90 2158 94 2164 Ι
111 2080 196 2144 mini
214 2077 352 2145 Comitis
370 2079 725 2158 8611661116116166166
743 2081 782 2144 de
805 2080 985 2144 Credencia
1010 2079 1170 2144 Notarius
1187 2079 1247 2144 da·

110 2189 256 2268 61166616,
272 2189 444 2254 Bandinus
461 2188 548 2252 filius
565 2187 687 2272 Angeli
713 2188 846 2253 Notarii
863 2188 903 2253 de
930 2187 1048 2271 Bragis
1075 2188 1247 2254 Not-iarius

111 2294 306 2376 Paduam,
324 2294 491 2360 Galvanus
510 2296 674 2379 quondam
691 2319 742 2361 ser
753 2295 978 2361 Bartholomei
995 2295 1035 2360 de
1052 2294 1168 2360 Castro
1180 2294 1243 2360 Bal

112 2405 159 2468 do
176 2403 336 2468 Notarius
354 2403 536 2468 Reverendi
547 2406 651 2488 patris
668 2405 788 2469 domini
800 2404 956 2487 Episcopi
968 2402 1246 2486 Quinque-Eccle-

112 2512 239 2590 siensis,
257 2509 421 2576 Antonius
438 2512 601 2596 quondam
622 2511 752 2576 Nicolai
769 2513 846 2576 olim
863 2533 915 2576 ser
941 2509 1119 2576 Guarnerii
1131 2511 1170 2574 de
1187 2511 1244 2578 So-

109 2621 293 2701 nambcrgo
310 2620 467 2685 Notarius
479 2619 708 2700 Furlanorum,
725 2626 758 2684 61
772 2619 846 2684 Bou
856 2620 880 2685 J
883 2619 1025 2684 charmes
1037 2620 1076 2683 de
1089 2617 1245 2684 Brisariis

109 2727 274 2795 Notarius
290 2728 428 2792 Ducalis
445 2727 691 2792 Dominacionis
718 2728 944 2805 Veneciarum,
971 2728 1055 2792 16161·
1080 2733 1187 2792 cetera
1212 2727 1245 2790 iu

110 2834 234 2900 effectu
249 2836 463 2916 contineatur,
479 2835 565 2917 quod
586 2855 696 2899 omues
723 2834 834 2898 Duces
861 2833 1087 2914 Veneciarum,
1104 2836 1158 2916 qui
1184 2857 1245 2917 pro

109 2950 261 3026 tempore
277 2949 381 3023 erunt,
398 2965 470 3007 cum
487 2965 597 3008 eorum
610 2941 752 3008 Consilio
769 2942 907 3007 habente
923 2943 1139 3007 omnimodam
1156 2951 1243 3024 poto-

110 3057 243 3132 statcm‚
259 3051 293 3114 iu
311 3073 374 3134 quo
392 3051 531 3116 debcant
548 3052 663 3116 adesse
679 3053 749 3134 ipse.
766 3050 912 3115 dominus
929 3052 1012 3130 Dux,
1030 3057 1062 3114 et
1087 3073 1142 3114 sex
1160 3051 1244 3116 Con·

109 3157 231 3223 siliarii
248 3161 305 3242 sui,
321 3162 385 3223 tria
403 3158 524 3242 Capita
541 3160 580 3223 de
598 3157 836 3242 Quadraginta,
854 3158 1024 3242 Sapientes
1048 3158 1087 3222 de
1103 3157 1244 3237 (166116,

108 3265 294 3332 Consilium
306 3267 345 3332 de
357 3267 594 3351 Quadraginta,
606 3267 784 3333 Consilium
802 3267 1006 3349 Rogatorum
1018 3273 1050 3331 61
1062 3266 1242 3331 Consilium

110 3377 142 3439 A
150 3375 273 3458 djunte,
284 3377 413 3440 nomine
424 3373 612 3441 Communis
626 3376 843 3442 Veneoiarum
855 3396 980 3457 semper
991 3381 1022 3438 et
1034 3373 1243 3455 quandocun-

109 3506 177 3568 que
193 3482 235 3548 ad
251 3484 500 3566 requisicionem
519 3482 732 3548 Scrcuissitnc
745 3482 930 3566 Majestatis
944 3482 1113 3562 Huugario
1131 3491 1163 3546 61
1174 3504 1243 3546 suc·

108 3612 276 3657 cessorum
293 3592 361 3656 eius
377 3599 530 3656 teneatur
546 3590 645 3655 semel
660 3595 789 3654 tantum
808 3611 868 3673 pro
895 3589 1041 3672 quolibet
1058 3589 1150 3653 Duce
1167 3611 1238 3672 pre·

109 3705 202 3762 stare
218 3698 437 3764 iuramentum
454 3699 669 3782 corporaliter
686 3705 718 3762 61
734 3688 885 3779 expresse
904 3697 943 3760 dc
969 3695 1170 3760 observando
1186 3719 1242 3780 pa·

108 3827 181 3871 cem
199 3806 388 3888 predictam,
405 3814 437 3870 ct
451 3806 561 3886 omnia
587 3827 625 3870 ae
643 3805 770 3887 singula
785 3805 818 3867 in
835 3805 1055 3868 instrumentis
1072 3804 1170 3886 ipsius
1188 3827 1243 3887 pa-
1324 3797 1330 3806 ’

109 3915 161 3979 eis
178 3919 346 3996 contenta;
372 3921 404 3978 et
421 3917 581 3979 vieeversa
599 3914 727 3997 prefate
745 3911 963 3978 Serenissima
975 3912 1133 3976 Maiestas
1151 3911 1243 3976 Hun-

108 4021 214 4106 garie,
230 4028 262 4085 ct
278 4021 398 4104 singuli
415 4021 484 4085 eius
500 4023 534 4084 in
551 4028 714 4104 posterum
728 4040 928 4086 successores
945 4019 1093 4084 similiter
1111 4027 1243 4083 tenean-

109 4138 167 4195 tur
184 4129 223 4193 de
240 4129 452 4194 observancia
478 4129 583 4193 tocius
609 4129 698 4210 pacis
724 4128 869 4210 predicte
896 4134 927 4192 et
952 4128 1195 4208 transaccioniS,
1211 4135 1243 4192 61

109 4238 254 4301 66161661
273 4243 498 4302 contentorum
516 4238 548 4300 16
566 4257 612 4317 66,
633 4237 850 4318 corporaliter
871 4235 984 4318 jurare
1010 4257 1069 4318 pro
1097 4235 1242 4318 quolibet

107 4347 204 4427 Rege
221 4346 318 4409 semel
334 4350 481 4424 tautum3
496 4345 617 4410 idcireo
635 4344 864 4410 Sereuissimus
881 4351 913 4408 61
928 4344 1234 4408 Excellentissimos

109 4455 272 4537 Princeps
286 4460 317 4518 et
328 4453 487 4519 Dominus
499 4454 649 4518 dominus
661 4452 888 4534 Sigismundus
899 4451 1084 4540 Deigraeia
1097 4451 1241 4516 illustris

109 4563 185 4629 Rex
202 4562 384 4646 Hungaria
397 4563 578 4646 Dalmacie‚
590 4559 748 4628 Chroacic
761 4566 819 4626 eto.
831 4580 963 4625 necnon
975 4559 1126 4626 Marchio
1137 4557 1240 4626 Bran-
