<?xml version="1.0" encoding="UTF-8"?>
<!DOCTYPE html PUBLIC "-//W3C//DTD XHTML 1.0 Transitional//EN"
    "http://www.w3.org/TR/xhtml1/DTD/xhtml1-transitional.dtd">
<html xmlns="http://www.w3.org/1999/xhtml" xml:lang="en" lang="en">
 <head>
  <title>
</title>
<meta http-equiv="Content-Type" content="text/html;charset=utf-8" />
  <meta name='ocr-system' content='tesseract 3.04.00' />
  <meta name='ocr-capabilities' content='ocr_page ocr_carea ocr_par ocr_line ocrx_word'/>
</head>
<body>
  <div class='ocr_page' id='page_1' title='image "./magyardiplomacz00wenzgoog_0245.png"; bbox 0 0 3172 5254; ppageno 0'>
   <div class='ocr_carea' id='block_1_1' title="bbox 499 369 1240 486">
    <p class='ocr_par' dir='ltr' id='par_1_1' title="bbox 499 369 1240 486">
     <span class='ocr_line' id='line_1_1' title="bbox 499 369 1240 486; baseline 0 -42"><span class='ocrx_word' id='word_1_1' title='bbox 499 475 504 482; x_wconf 17' lang='grc' dir='ltr'>ι</span> <span class='ocrx_word' id='word_1_2' title='bbox 572 384 664 446; x_wconf 76' lang='lat' dir='ltr'>reas.</span> <span class='ocrx_word' id='word_1_3' title='bbox 1023 408 1026 414; x_wconf 74' lang='lat'>,</span> <span class='ocrx_word' id='word_1_4' title='bbox 1117 369 1182 447; x_wconf 78' lang='lat' dir='ltr'>nos</span> <span class='ocrx_word' id='word_1_5' title='bbox 1231 469 1240 486; x_wconf 23' lang='grc' dir='ltr'>ἱ</span> 
     </span>
    </p>
   </div>
   <div class='ocr_carea' id='block_1_2' title="bbox 6 559 1286 4648">
    <p class='ocr_par' dir='ltr' id='par_1_2' title="bbox 6 559 1286 4648">
     <span class='ocr_line' id='line_1_2' title="bbox 6 559 1180 642; baseline 0 -18"><span class='ocrx_word' id='word_1_6' title='bbox 6 579 8 624; x_wconf 90' lang='grc'>;</span> <span class='ocrx_word' id='word_1_7' title='bbox 64 560 154 624; x_wconf 82' lang='lat' dir='ltr'>niinus</span> <span class='ocrx_word' id='word_1_8' title='bbox 169 559 289 638; x_wconf 86' lang='lat' dir='ltr'>Pndne,</span> <span class='ocrx_word' id='word_1_9' title='bbox 306 560 430 625; x_wconf 80' lang='lat' dir='ltr'>directe</span> <span class='ocrx_word' id='word_1_10' title='bbox 447 567 480 624; x_wconf 90' lang='lat' dir='ltr'>et</span> <span class='ocrx_word' id='word_1_11' title='bbox 497 560 582 624; x_wconf 91' lang='lat' dir='ltr'>bone</span> <span class='ocrx_word' id='word_1_12' title='bbox 598 561 708 625; x_wconf 85' lang='lat' dir='ltr'>animo</span> <span class='ocrx_word' id='word_1_13' title='bbox 738 561 835 626; x_wconf 82' lang='lat' dir='ltr'>vellet</span> <span class='ocrx_word' id='word_1_14' title='bbox 852 561 1029 642; x_wconf 76' lang='lat' dir='ltr'>procedere</span> <span class='ocrx_word' id='word_1_15' title='bbox 1046 560 1088 627; x_wconf 86' lang='lat' dir='ltr'>ad</span> <span class='ocrx_word' id='word_1_16' title='bbox 1105 581 1180 626; x_wconf 89' lang='lat' dir='ltr'>eon-</span> 
     </span>
     <span class='ocr_line' id='line_1_3' title="bbox 7 666 1181 754; baseline 0.002 -22"><span class='ocrx_word' id='word_1_17' title='bbox 7 667 8 670; x_wconf 66' lang='grc'>’</span> <span class='ocrx_word' id='word_1_18' title='bbox 63 667 193 733; x_wconf 89' lang='lat' dir='ltr'>cordium</span> <span class='ocrx_word' id='word_1_19' title='bbox 217 675 250 733; x_wconf 90' lang='lat' dir='ltr'>et</span> <span class='ocrx_word' id='word_1_20' title='bbox 274 675 359 734; x_wconf 90' lang='lat' dir='ltr'>esset</span> <span class='ocrx_word' id='word_1_21' title='bbox 386 666 425 732; x_wconf 93' lang='lat' dir='ltr'>de</span> <span class='ocrx_word' id='word_1_22' title='bbox 454 667 516 733; x_wconf 94' lang='lat' dir='ltr'>hoc</span> <span class='ocrx_word' id='word_1_23' title='bbox 541 667 746 750; x_wconf 86' lang='lat' dir='ltr'>informatus,</span> <span class='ocrx_word' id='word_1_24' title='bbox 772 670 859 752; x_wconf 90' lang='lat' dir='ltr'>quod</span> <span class='ocrx_word' id='word_1_25' title='bbox 885 671 983 736; x_wconf 89' lang='lat' dir='ltr'>etiam</span> <span class='ocrx_word' id='word_1_26' title='bbox 1007 669 1077 754; x_wconf 90' lang='lat' dir='ltr'>ipse</span> <span class='ocrx_word' id='word_1_27' title='bbox 1093 669 1181 734; x_wconf 91' lang='lat' dir='ltr'>nullo</span> 
     </span>
     <span class='ocr_line' id='line_1_4' title="bbox 6 777 1182 864; baseline 0.001 -23"><span class='ocrx_word' id='word_1_28' title='bbox 6 845 8 854; x_wconf 58' lang='grc'>,</span> <span class='ocrx_word' id='word_1_29' title='bbox 63 778 145 842; x_wconf 88' lang='lat' dir='ltr'>nodo</span> <span class='ocrx_word' id='word_1_30' title='bbox 159 784 289 860; x_wconf 86' lang='lat' dir='ltr'>putaret</span> <span class='ocrx_word' id='word_1_31' title='bbox 305 797 402 862; x_wconf 88' lang='lat' dir='ltr'>posse</span> <span class='ocrx_word' id='word_1_32' title='bbox 428 797 593 843; x_wconf 83' lang='lat' dir='ltr'>removere</span> <span class='ocrx_word' id='word_1_33' title='bbox 620 779 709 861; x_wconf 90' lang='lat' dir='ltr'>ipsos</span> <span class='ocrx_word' id='word_1_34' title='bbox 725 777 874 844; x_wconf 90' lang='lat' dir='ltr'>Barenes</span> <span class='ocrx_word' id='word_1_35' title='bbox 891 801 911 845; x_wconf 88' lang='lat' dir='ltr'>a</span> <span class='ocrx_word' id='word_1_36' title='bbox 927 779 1095 864; x_wconf 86' lang='lat' dir='ltr'>proposito</span> <span class='ocrx_word' id='word_1_37' title='bbox 1112 799 1182 862; x_wconf 89' lang='lat' dir='ltr'>pre·</span> 
     </span>
     <span class='ocr_line' id='line_1_5' title="bbox 63 883 1182 968; baseline 0.003 -20"><span class='ocrx_word' id='word_1_38' title='bbox 63 885 160 951; x_wconf 88' lang='lat' dir='ltr'>libato.</span> <span class='ocrx_word' id='word_1_39' title='bbox 191 883 385 968; x_wconf 86' lang='lat' dir='ltr'>Secundum,</span> <span class='ocrx_word' id='word_1_40' title='bbox 412 887 489 968; x_wconf 88' lang='lat' dir='ltr'>quia</span> <span class='ocrx_word' id='word_1_41' title='bbox 508 886 564 951; x_wconf 91' lang='lat' dir='ltr'>ille</span> <span class='ocrx_word' id='word_1_42' title='bbox 581 885 696 952; x_wconf 88' lang='lat' dir='ltr'>modus</span> <span class='ocrx_word' id='word_1_43' title='bbox 714 885 877 952; x_wconf 81' lang='lat' dir='ltr'>dedendo</span> <span class='ocrx_word' id='word_1_44' title='bbox 895 886 1086 968; x_wconf 83' lang='lat' dir='ltr'>Terrisium,</span> <span class='ocrx_word' id='word_1_45' title='bbox 1103 885 1182 951; x_wconf 82' lang='lat' dir='ltr'>Ter·</span> 
     </span>
     <span class='ocr_line' id='line_1_6' title="bbox 6 994 1182 1082; baseline 0.003 -26"><span class='ocrx_word' id='word_1_46' title='bbox 6 1001 8 1082; x_wconf 66' lang='grc' dir='ltr'>ζ</span> <span class='ocrx_word' id='word_1_47' title='bbox 63 994 193 1060; x_wconf 84' lang='lat' dir='ltr'>visanum</span> <span class='ocrx_word' id='word_1_48' title='bbox 209 1003 270 1062; x_wconf 88' lang='lat' dir='ltr'>etc.</span> <span class='ocrx_word' id='word_1_49' title='bbox 287 997 321 1060; x_wconf 95' lang='lat' dir='ltr'>in</span> <span class='ocrx_word' id='word_1_50' title='bbox 338 995 489 1061; x_wconf 89' lang='lat' dir='ltr'>manibus</span> <span class='ocrx_word' id='word_1_51' title='bbox 514 995 637 1060; x_wconf 90' lang='lat' dir='ltr'>domini</span> <span class='ocrx_word' id='word_1_52' title='bbox 670 995 883 1078; x_wconf 82' lang='lat' dir='ltr'>Marohionis,</span> <span class='ocrx_word' id='word_1_53' title='bbox 900 997 948 1061; x_wconf 88' lang='lat' dir='ltr'>uti</span> <span class='ocrx_word' id='word_1_54' title='bbox 965 999 1000 1062; x_wconf 94' lang='lat' dir='ltr'>in</span> <span class='ocrx_word' id='word_1_55' title='bbox 1018 995 1115 1062; x_wconf 88' lang='lat' dir='ltr'>dictis</span> <span class='ocrx_word' id='word_1_56' title='bbox 1131 1016 1182 1060; x_wconf 92' lang='lat' dir='ltr'>ca-</span> 
     </span>
     <span class='ocr_line' id='line_1_7' title="bbox 6 1101 1182 1187; baseline 0.003 -22"><span class='ocrx_word' id='word_1_57' title='bbox 6 1119 8 1150; x_wconf 78' lang='lat'>1</span> <span class='ocrx_word' id='word_1_58' title='bbox 63 1101 161 1184; x_wconf 86' lang='lat' dir='ltr'>pilulis</span> <span class='ocrx_word' id='word_1_59' title='bbox 176 1104 369 1186; x_wconf 75' lang='lat' dir='ltr'>continetur,</span> <span class='ocrx_word' id='word_1_60' title='bbox 386 1103 473 1186; x_wconf 88' lang='lat' dir='ltr'>quod</span> <span class='ocrx_word' id='word_1_61' title='bbox 491 1103 637 1187; x_wconf 87' lang='lat' dir='ltr'>predicta</span> <span class='ocrx_word' id='word_1_62' title='bbox 665 1103 805 1168; x_wconf 84' lang='lat' dir='ltr'>debeant</span> <span class='ocrx_word' id='word_1_63' title='bbox 821 1125 889 1171; x_wconf 89' lang='lat' dir='ltr'>esse</span> <span class='ocrx_word' id='word_1_64' title='bbox 905 1110 1042 1186; x_wconf 87' lang='lat' dir='ltr'>secreta,</span> <span class='ocrx_word' id='word_1_65' title='bbox 1058 1105 1182 1170; x_wconf 88' lang='lat' dir='ltr'>veniret</span> 
     </span>
     <span class='ocr_line' id='line_1_8' title="bbox 63 1209 1182 1295; baseline 0.003 -20"><span class='ocrx_word' id='word_1_66' title='bbox 63 1209 98 1275; x_wconf 90' lang='lat' dir='ltr'>ad</span> <span class='ocrx_word' id='word_1_67' title='bbox 112 1210 349 1294; x_wconf 87' lang='lat' dir='ltr'>publicandum,</span> <span class='ocrx_word' id='word_1_68' title='bbox 366 1218 399 1276; x_wconf 89' lang='lat' dir='ltr'>ct</span> <span class='ocrx_word' id='word_1_69' title='bbox 415 1232 474 1295; x_wconf 91' lang='lat' dir='ltr'>per</span> <span class='ocrx_word' id='word_1_70' title='bbox 489 1231 690 1294; x_wconf 90' lang='lat' dir='ltr'>consequens</span> <span class='ocrx_word' id='word_1_71' title='bbox 707 1211 749 1276; x_wconf 89' lang='lat' dir='ltr'>ad</span> <span class='ocrx_word' id='word_1_72' title='bbox 767 1210 998 1278; x_wconf 83' lang='lat' dir='ltr'>destruendum</span> <span class='ocrx_word' id='word_1_73' title='bbox 1015 1219 1118 1280; x_wconf 87' lang='lat' dir='ltr'>totam</span> <span class='ocrx_word' id='word_1_74' title='bbox 1135 1213 1182 1278; x_wconf 91' lang='lat' dir='ltr'>in·</span> 
     </span>
     <span class='ocr_line' id='line_1_9' title="bbox 6 1317 1182 1404; baseline 0.003 -23"><span class='ocrx_word' id='word_1_75' title='bbox 6 1321 8 1366; x_wconf 73' lang='lat'>2</span> <span class='ocrx_word' id='word_1_76' title='bbox 64 1318 229 1384; x_wconf 85' lang='lat' dir='ltr'>tentionem</span> <span class='ocrx_word' id='word_1_77' title='bbox 247 1319 446 1403; x_wconf 82' lang='lat' dir='ltr'>predictam3</span> <span class='ocrx_word' id='word_1_78' title='bbox 470 1341 508 1383; x_wconf 86' lang='lat' dir='ltr'>ex</span> <span class='ocrx_word' id='word_1_79' title='bbox 525 1317 584 1384; x_wconf 89' lang='lat' dir='ltr'>tali</span> <span class='ocrx_word' id='word_1_80' title='bbox 603 1319 688 1384; x_wconf 91' lang='lat' dir='ltr'>enim</span> <span class='ocrx_word' id='word_1_81' title='bbox 705 1319 835 1386; x_wconf 88' lang='lat' dir='ltr'>datione</span> <span class='ocrx_word' id='word_1_82' title='bbox 861 1319 1005 1386; x_wconf 90' lang='lat' dir='ltr'>locorum</span> <span class='ocrx_word' id='word_1_83' title='bbox 1022 1319 1182 1404; x_wconf 90' lang='lat' dir='ltr'>predicto·</span> 
     </span>
     <span class='ocr_line' id='line_1_10' title="bbox 6 1415 1179 1512; baseline 0.004 -24"><span class='ocrx_word' id='word_1_84' title='bbox 6 1415 8 1460; x_wconf 69' lang='lat'><strong>³</strong></span> <span class='ocrx_word' id='word_1_85' title='bbox 63 1446 123 1489; x_wconf 88' lang='lat' dir='ltr'>rum</span> <span class='ocrx_word' id='word_1_86' title='bbox 137 1427 191 1491; x_wconf 89' lang='lat' dir='ltr'>isti</span> <span class='ocrx_word' id='word_1_87' title='bbox 206 1425 357 1494; x_wconf 81' lang='lat' dir='ltr'>Berones</span> <span class='ocrx_word' id='word_1_88' title='bbox 375 1427 494 1493; x_wconf 89' lang='lat' dir='ltr'>domini</span> <span class='ocrx_word' id='word_1_89' title='bbox 513 1429 623 1512; x_wconf 84' lang='lat' dir='ltr'>Regis,</span> <span class='ocrx_word' id='word_1_90' title='bbox 640 1427 718 1510; x_wconf 89' lang='lat' dir='ltr'>quia</span> <span class='ocrx_word' id='word_1_91' title='bbox 736 1431 864 1495; x_wconf 90' lang='lat' dir='ltr'>omnino</span> <span class='ocrx_word' id='word_1_92' title='bbox 885 1429 1004 1496; x_wconf 81' lang='lat' dir='ltr'>vellent</span> <span class='ocrx_word' id='word_1_93' title='bbox 1014 1428 1179 1512; x_wconf 88' lang='lat' dir='ltr'>inquirere</span> 
     </span>
     <span class='ocr_line' id='line_1_11' title="bbox 6 1534 1180 1618; baseline 0.004 -22"><span class='ocrx_word' id='word_1_94' title='bbox 6 1579 8 1614; x_wconf 69' lang='lat'>,</span> <span class='ocrx_word' id='word_1_95' title='bbox 64 1534 193 1614; x_wconf 89' lang='lat' dir='ltr'>etsoire,</span> <span class='ocrx_word' id='word_1_96' title='bbox 218 1556 284 1618; x_wconf 87' lang='lat' dir='ltr'>qua</span> <span class='ocrx_word' id='word_1_97' title='bbox 308 1535 349 1600; x_wconf 87' lang='lat' dir='ltr'>de</span> <span class='ocrx_word' id='word_1_98' title='bbox 374 1555 474 1600; x_wconf 87' lang='lat' dir='ltr'>causa</span> <span class='ocrx_word' id='word_1_99' title='bbox 498 1534 571 1618; x_wconf 90' lang='lat' dir='ltr'>ipsa</span> <span class='ocrx_word' id='word_1_100' title='bbox 597 1535 677 1616; x_wconf 89' lang='lat' dir='ltr'>loca,</span> <span class='ocrx_word' id='word_1_101' title='bbox 694 1537 791 1602; x_wconf 91' lang='lat' dir='ltr'>rebus</span> <span class='ocrx_word' id='word_1_102' title='bbox 808 1537 855 1602; x_wconf 91' lang='lat' dir='ltr'>sic</span> <span class='ocrx_word' id='word_1_103' title='bbox 870 1535 1085 1602; x_wconf 81' lang='lat' dir='ltr'>existentibus</span> <span class='ocrx_word' id='word_1_104' title='bbox 1101 1535 1180 1601; x_wconf 86' lang='lat' dir='ltr'>dcta</span> 
     </span>
     <span class='ocr_line' id='line_1_12' title="bbox 6 1629 1182 1728; baseline 0.003 -23"><span class='ocrx_word' id='word_1_105' title='bbox 6 1629 8 1718; x_wconf 54' lang='lat' dir='ltr'>f</span> <span class='ocrx_word' id='word_1_106' title='bbox 65 1649 158 1706; x_wconf 82' lang='lat' dir='ltr'>essent</span> <span class='ocrx_word' id='word_1_107' title='bbox 175 1645 207 1706; x_wconf 90' lang='lat' dir='ltr'>in</span> <span class='ocrx_word' id='word_1_108' title='bbox 224 1641 375 1707; x_wconf 86' lang='lat' dir='ltr'>manibus</span> <span class='ocrx_word' id='word_1_109' title='bbox 392 1641 514 1706; x_wconf 91' lang='lat' dir='ltr'>domini</span> <span class='ocrx_word' id='word_1_110' title='bbox 531 1641 744 1725; x_wconf 80' lang='lat' dir='ltr'>blanchionis,</span> <span class='ocrx_word' id='word_1_111' title='bbox 761 1651 792 1709; x_wconf 88' lang='lat' dir='ltr'>et</span> <span class='ocrx_word' id='word_1_112' title='bbox 810 1644 966 1710; x_wconf 86' lang='lat' dir='ltr'>occultari</span> <span class='ocrx_word' id='word_1_113' title='bbox 984 1665 1046 1709; x_wconf 93' lang='lat' dir='ltr'>non</span> <span class='ocrx_word' id='word_1_114' title='bbox 1063 1649 1182 1728; x_wconf 90' lang='lat' dir='ltr'>posset,</span> 
     </span>
     <span class='ocr_line' id='line_1_13' title="bbox 65 1749 1183 1836; baseline 0 -21"><span class='ocrx_word' id='word_1_115' title='bbox 65 1751 134 1830; x_wconf 89' lang='lat' dir='ltr'>quin</span> <span class='ocrx_word' id='word_1_116' title='bbox 150 1750 212 1816; x_wconf 89' lang='lat' dir='ltr'>boc</span> <span class='ocrx_word' id='word_1_117' title='bbox 228 1751 360 1829; x_wconf 92' lang='lat' dir='ltr'>scirent,</span> <span class='ocrx_word' id='word_1_118' title='bbox 376 1749 424 1814; x_wconf 83' lang='lat' dir='ltr'>vel</span> <span class='ocrx_word' id='word_1_119' title='bbox 451 1750 567 1815; x_wconf 87' lang='lat' dir='ltr'>saltem</span> <span class='ocrx_word' id='word_1_120' title='bbox 594 1750 855 1833; x_wconf 84' lang='lat' dir='ltr'>arbitrarentur;</span> <span class='ocrx_word' id='word_1_121' title='bbox 878 1773 939 1836; x_wconf 91' lang='lat' dir='ltr'>pro</span> <span class='ocrx_word' id='word_1_122' title='bbox 955 1751 1073 1836; x_wconf 90' lang='lat' dir='ltr'>majori</span> <span class='ocrx_word' id='word_1_123' title='bbox 1089 1755 1183 1834; x_wconf 87' lang='lat' dir='ltr'>parte</span> 
     </span>
     <span class='ocr_line' id='line_1_14' title="bbox 63 1857 1183 1944; baseline 0.003 -23.806"><span class='ocrx_word' id='word_1_124' title='bbox 63 1866 242 1942; x_wconf 84' lang='lat' dir='ltr'>reputarent</span> <span class='ocrx_word' id='word_1_125' title='bbox 267 1879 303 1924; x_wconf 88' lang='lat' dir='ltr'>se</span> <span class='ocrx_word' id='word_1_126' title='bbox 329 1859 483 1944; x_wconf 87' lang='lat' dir='ltr'>deceptos</span> <span class='ocrx_word' id='word_1_127' title='bbox 509 1865 542 1924; x_wconf 92' lang='lat' dir='ltr'>ct</span> <span class='ocrx_word' id='word_1_128' title='bbox 568 1858 697 1926; x_wconf 88' lang='lat' dir='ltr'>delusos</span> <span class='ocrx_word' id='word_1_129' title='bbox 715 1883 735 1926; x_wconf 86' lang='lat' dir='ltr'>a</span> <span class='ocrx_word' id='word_1_130' title='bbox 752 1859 907 1927; x_wconf 88' lang='lat' dir='ltr'>Dominio</span> <span class='ocrx_word' id='word_1_131' title='bbox 930 1860 1053 1927; x_wconf 89' lang='lat' dir='ltr'>Vestro</span> <span class='ocrx_word' id='word_1_132' title='bbox 1069 1867 1101 1926; x_wconf 90' lang='lat' dir='ltr'>et</span> <span class='ocrx_word' id='word_1_133' title='bbox 1118 1857 1183 1924; x_wconf 92' lang='lat' dir='ltr'>Do·</span> 
     </span>
     <span class='ocr_line' id='line_1_15' title="bbox 6 1955 1183 2047; baseline 0.003 -18"><span class='ocrx_word' id='word_1_134' title='bbox 6 1955 8 2022; x_wconf 91' lang='grc' dir='ltr'>Ι</span> <span class='ocrx_word' id='word_1_135' title='bbox 64 1968 142 2034; x_wconf 79' lang='lat' dir='ltr'>nrino</span> <span class='ocrx_word' id='word_1_136' title='bbox 158 1967 282 2047; x_wconf 82' lang='lat' dir='ltr'>Padus,</span> <span class='ocrx_word' id='word_1_137' title='bbox 298 1968 326 2032; x_wconf 91' lang='lat' dir='ltr'>si</span> <span class='ocrx_word' id='word_1_138' title='bbox 342 1988 405 2033; x_wconf 93' lang='lat' dir='ltr'>non</span> <span class='ocrx_word' id='word_1_139' title='bbox 435 1967 586 2034; x_wconf 89' lang='lat' dir='ltr'>simulate</span> <span class='ocrx_word' id='word_1_140' title='bbox 603 1969 659 2034; x_wconf 88' lang='lat' dir='ltr'>sed</span> <span class='ocrx_word' id='word_1_141' title='bbox 676 1991 746 2034; x_wconf 90' lang='lat' dir='ltr'>cnm</span> <span class='ocrx_word' id='word_1_142' title='bbox 764 1970 849 2036; x_wconf 91' lang='lat' dir='ltr'>bona</span> <span class='ocrx_word' id='word_1_143' title='bbox 865 1971 1045 2036; x_wconf 89' lang='lat' dir='ltr'>intentione</span> <span class='ocrx_word' id='word_1_144' title='bbox 1061 1969 1123 2034; x_wconf 93' lang='lat' dir='ltr'>hec</span> <span class='ocrx_word' id='word_1_145' title='bbox 1139 1965 1154 2031; x_wconf 88' lang='lat' dir='ltr'><strong>f</strong></span> <span class='ocrx_word' id='word_1_146' title='bbox 1172 2004 1183 2016; x_wconf 95' lang='lat'>-</span> 
     </span>
     <span class='ocr_line' id='line_1_16' title="bbox 6 2025 1183 2164; baseline 0.001 -26"><span class='ocrx_word' id='word_1_147' title='bbox 6 2025 9 2164; x_wconf 82' lang='grc' dir='ltr'>Ι</span> <span class='ocrx_word' id='word_1_148' title='bbox 64 2075 158 2160; x_wconf 80' lang='lat' dir='ltr'>risset,</span> <span class='ocrx_word' id='word_1_149' title='bbox 174 2074 224 2139; x_wconf 83' lang='lat' dir='ltr'>rel</span> <span class='ocrx_word' id='word_1_150' title='bbox 240 2096 260 2140; x_wconf 90' lang='lat' dir='ltr'>a</span> <span class='ocrx_word' id='word_1_151' title='bbox 277 2073 433 2141; x_wconf 84' lang='lat' dir='ltr'>Dominio</span> <span class='ocrx_word' id='word_1_152' title='bbox 459 2074 581 2142; x_wconf 90' lang='lat' dir='ltr'>Vestro</span> <span class='ocrx_word' id='word_1_153' title='bbox 599 2075 712 2160; x_wconf 90' lang='lat' dir='ltr'>solnm,</span> <span class='ocrx_word' id='word_1_154' title='bbox 728 2078 755 2142; x_wconf 92' lang='lat' dir='ltr'>si</span> <span class='ocrx_word' id='word_1_155' title='bbox 772 2077 922 2144; x_wconf 87' lang='lat' dir='ltr'>simulate</span> <span class='ocrx_word' id='word_1_156' title='bbox 939 2080 1009 2161; x_wconf 88' lang='lat' dir='ltr'>ipse</span> <span class='ocrx_word' id='word_1_157' title='bbox 1023 2077 1183 2143; x_wconf 88' lang='lat' dir='ltr'>Dominus</span> 
     </span>
     <span class='ocr_line' id='line_1_17' title="bbox 6 2181 1184 2271; baseline 0.003 -25"><span class='ocrx_word' id='word_1_158' title='bbox 6 2183 12 2264; x_wconf 78' lang='lat' dir='ltr'>l</span> <span class='ocrx_word' id='word_1_159' title='bbox 66 2181 169 2249; x_wconf 81' lang='lat' dir='ltr'>Padus</span> <span class='ocrx_word' id='word_1_160' title='bbox 185 2183 248 2250; x_wconf 91' lang='lat' dir='ltr'>hoe</span> <span class='ocrx_word' id='word_1_161' title='bbox 264 2185 391 2267; x_wconf 83' lang='lat' dir='ltr'>egisset,</span> <span class='ocrx_word' id='word_1_162' title='bbox 407 2184 495 2267; x_wconf 88' lang='lat' dir='ltr'>quod</span> <span class='ocrx_word' id='word_1_163' title='bbox 520 2193 628 2268; x_wconf 86' lang='lat' dir='ltr'>posset</span> <span class='ocrx_word' id='word_1_164' title='bbox 654 2207 724 2252; x_wconf 88' lang='lat' dir='ltr'>ease</span> <span class='ocrx_word' id='word_1_165' title='bbox 740 2207 837 2252; x_wconf 85' lang='lat' dir='ltr'>causa</span> <span class='ocrx_word' id='word_1_166' title='bbox 854 2207 971 2271; x_wconf 85' lang='lat' dir='ltr'>magne</span> <span class='ocrx_word' id='word_1_167' title='bbox 987 2185 1184 2268; x_wconf 87' lang='lat' dir='ltr'>indignatio-</span> 
     </span>
     <span class='ocr_line' id='line_1_18' title="bbox 6 2281 1183 2378; baseline 0.003 -26"><span class='ocrx_word' id='word_1_168' title='bbox 6 2281 8 2362; x_wconf 66' lang='grc' dir='ltr'>Ι</span> <span class='ocrx_word' id='word_1_169' title='bbox 65 2291 139 2357; x_wconf 88' lang='lat' dir='ltr'>nisa</span> <span class='ocrx_word' id='word_1_170' title='bbox 156 2299 251 2376; x_wconf 89' lang='lat' dir='ltr'>parte</span> <span class='ocrx_word' id='word_1_171' title='bbox 269 2292 411 2376; x_wconf 87' lang='lat' dir='ltr'>ipsorum</span> <span class='ocrx_word' id='word_1_172' title='bbox 430 2298 545 2358; x_wconf 88' lang='lat' dir='ltr'>eontra</span> <span class='ocrx_word' id='word_1_173' title='bbox 556 2292 745 2361; x_wconf 90' lang='lat' dir='ltr'>Dominium</span> <span class='ocrx_word' id='word_1_174' title='bbox 762 2294 926 2362; x_wconf 87' lang='lat' dir='ltr'>Vestrum.</span> <span class='ocrx_word' id='word_1_175' title='bbox 943 2295 1084 2378; x_wconf 88' lang='lat' dir='ltr'>Insuper</span> <span class='ocrx_word' id='word_1_176' title='bbox 1100 2298 1183 2357; x_wconf 90' lang='lat' dir='ltr'>esset</span> 
     </span>
     <span class='ocr_line' id='line_1_19' title="bbox 6 2367 1286 2488; baseline 0.003 -27"><span class='ocrx_word' id='word_1_177' title='bbox 6 2367 10 2488; x_wconf 74' lang='grc' dir='ltr'>Ι</span> <span class='ocrx_word' id='word_1_178' title='bbox 63 2395 143 2464; x_wconf 86' lang='lat' dir='ltr'>datio</span> <span class='ocrx_word' id='word_1_179' title='bbox 158 2401 305 2484; x_wconf 84' lang='lat' dir='ltr'>ipsorum</span> <span class='ocrx_word' id='word_1_180' title='bbox 322 2400 464 2466; x_wconf 87' lang='lat' dir='ltr'>locorum</span> <span class='ocrx_word' id='word_1_181' title='bbox 490 2400 586 2467; x_wconf 90' lang='lat' dir='ltr'>modo</span> <span class='ocrx_word' id='word_1_182' title='bbox 612 2401 757 2486; x_wconf 89' lang='lat' dir='ltr'>predicto</span> <span class='ocrx_word' id='word_1_183' title='bbox 777 2403 864 2469; x_wconf 88' lang='lat' dir='ltr'>facta</span> <span class='ocrx_word' id='word_1_184' title='bbox 880 2423 978 2469; x_wconf 85' lang='lat' dir='ltr'>cansa</span> <span class='ocrx_word' id='word_1_185' title='bbox 995 2401 1182 2468; x_wconf 80' lang='lat' dir='ltr'>removendi</span> <span class='ocrx_word' id='word_1_186' title='bbox 1278 2449 1286 2456; x_wconf 86' lang='lat'><em>-</em></span> 
     </span>
     <span class='ocr_line' id='line_1_20' title="bbox 6 2507 1179 2604; baseline 0.003 -34"><span class='ocrx_word' id='word_1_187' title='bbox 6 2509 9 2604; x_wconf 67' lang='grc' dir='ltr'>ξ</span> <span class='ocrx_word' id='word_1_188' title='bbox 65 2507 196 2573; x_wconf 86' lang='lat' dir='ltr'>subditos</span> <span class='ocrx_word' id='word_1_189' title='bbox 226 2515 349 2574; x_wconf 82' lang='lat' dir='ltr'>vestros</span> <span class='ocrx_word' id='word_1_190' title='bbox 374 2509 511 2574; x_wconf 89' lang='lat' dir='ltr'>istarum</span> <span class='ocrx_word' id='word_1_191' title='bbox 539 2511 683 2593; x_wconf 86' lang='lat' dir='ltr'>partium</span> <span class='ocrx_word' id='word_1_192' title='bbox 700 2534 719 2577; x_wconf 88' lang='lat' dir='ltr'>a</span> <span class='ocrx_word' id='word_1_193' title='bbox 735 2509 896 2578; x_wconf 86' lang='lat' dir='ltr'>fidelitate</span> <span class='ocrx_word' id='word_1_194' title='bbox 912 2511 1074 2595; x_wconf 87' lang='lat' dir='ltr'>ipsorum;</span> <span class='ocrx_word' id='word_1_195' title='bbox 1100 2510 1179 2593; x_wconf 88' lang='lat' dir='ltr'>quia</span> 
     </span>
     <span class='ocr_line' id='line_1_21' title="bbox 6 2607 1183 2705; baseline 0.003 -27"><span class='ocrx_word' id='word_1_196' title='bbox 6 2607 9 2700; x_wconf 74' lang='lat' dir='ltr'>l</span> <span class='ocrx_word' id='word_1_197' title='bbox 63 2615 90 2680; x_wconf 92' lang='lat' dir='ltr'>in</span> <span class='ocrx_word' id='word_1_198' title='bbox 104 2638 179 2684; x_wconf 87' lang='lat' dir='ltr'>casu</span> <span class='ocrx_word' id='word_1_199' title='bbox 194 2640 261 2703; x_wconf 92' lang='lat' dir='ltr'>quo</span> <span class='ocrx_word' id='word_1_200' title='bbox 278 2640 341 2684; x_wconf 90' lang='lat' dir='ltr'>non</span> <span class='ocrx_word' id='word_1_201' title='bbox 359 2624 469 2683; x_wconf 88' lang='lat' dir='ltr'>secuta</span> <span class='ocrx_word' id='word_1_202' title='bbox 487 2640 576 2702; x_wconf 88' lang='lat' dir='ltr'>pace,</span> <span class='ocrx_word' id='word_1_203' title='bbox 593 2625 626 2686; x_wconf 91' lang='lat' dir='ltr'>et</span> <span class='ocrx_word' id='word_1_204' title='bbox 641 2619 730 2686; x_wconf 89' lang='lat' dir='ltr'>facta</span> <span class='ocrx_word' id='word_1_205' title='bbox 745 2620 923 2686; x_wconf 84' lang='lat' dir='ltr'>traditione</span> <span class='ocrx_word' id='word_1_206' title='bbox 939 2619 1097 2705; x_wconf 86' lang='lat' dir='ltr'>predicta,</span> <span class='ocrx_word' id='word_1_207' title='bbox 1114 2619 1183 2700; x_wconf 87' lang='lat' dir='ltr'>ipse</span> 
     </span>
     <span class='ocr_line' id='line_1_22' title="bbox 64 2723 1184 2810; baseline 0.003 -22"><span class='ocrx_word' id='word_1_208' title='bbox 64 2723 202 2792; x_wconf 80' lang='lat' dir='ltr'>blanchio</span> <span class='ocrx_word' id='word_1_209' title='bbox 217 2728 292 2810; x_wconf 86' lang='lat' dir='ltr'>ipse</span> <span class='ocrx_word' id='word_1_210' title='bbox 307 2727 378 2793; x_wconf 89' lang='lat' dir='ltr'>loca</span> <span class='ocrx_word' id='word_1_211' title='bbox 405 2728 592 2794; x_wconf 85' lang='lat' dir='ltr'>restitueret</span> <span class='ocrx_word' id='word_1_212' title='bbox 607 2728 640 2793; x_wconf 92' lang='lat' dir='ltr'>in</span> <span class='ocrx_word' id='word_1_213' title='bbox 656 2729 808 2796; x_wconf 90' lang='lat' dir='ltr'>manibus</span> <span class='ocrx_word' id='word_1_214' title='bbox 833 2727 1076 2795; x_wconf 89' lang='lat' dir='ltr'>Dominatienis</span> <span class='ocrx_word' id='word_1_215' title='bbox 1101 2727 1184 2797; x_wconf 83' lang='lat' dir='ltr'>Ves-</span> 
     </span>
     <span class='ocr_line' id='line_1_23' title="bbox 63 2833 1184 2920; baseline 0.002 -24"><span class='ocrx_word' id='word_1_216' title='bbox 63 2839 114 2914; x_wconf 80' lang='lat' dir='ltr'>ne,</span> <span class='ocrx_word' id='word_1_217' title='bbox 130 2834 169 2898; x_wconf 87' lang='lat' dir='ltr'>dc</span> <span class='ocrx_word' id='word_1_218' title='bbox 184 2856 251 2919; x_wconf 91' lang='lat' dir='ltr'>qna</span> <span class='ocrx_word' id='word_1_219' title='bbox 266 2841 377 2901; x_wconf 87' lang='lat' dir='ltr'>tamen</span> <span class='ocrx_word' id='word_1_220' title='bbox 393 2833 607 2902; x_wconf 89' lang='lat' dir='ltr'>dubitandum</span> <span class='ocrx_word' id='word_1_221' title='bbox 632 2845 700 2918; x_wconf 89' lang='lat' dir='ltr'>est,</span> <span class='ocrx_word' id='word_1_222' title='bbox 723 2859 890 2920; x_wconf 85' lang='lat' dir='ltr'>nunquam</span> <span class='ocrx_word' id='word_1_223' title='bbox 906 2837 961 2902; x_wconf 91' lang='lat' dir='ltr'>isti</span> <span class='ocrx_word' id='word_1_224' title='bbox 979 2836 1018 2902; x_wconf 88' lang='lat' dir='ltr'>de</span> <span class='ocrx_word' id='word_1_225' title='bbox 1035 2833 1184 2920; x_wconf 89' lang='lat' dir='ltr'>partibus</span> 
     </span>
     <span class='ocr_line' id='line_1_24' title="bbox 66 2940 1185 3028; baseline 0.003 -26"><span class='ocrx_word' id='word_1_226' title='bbox 66 2940 139 3024; x_wconf 87' lang='lat' dir='ltr'>istis,</span> <span class='ocrx_word' id='word_1_227' title='bbox 154 2943 299 3010; x_wconf 81' lang='lat' dir='ltr'>videntes</span> <span class='ocrx_word' id='word_1_228' title='bbox 317 2964 352 3008; x_wconf 89' lang='lat' dir='ltr'>se</span> <span class='ocrx_word' id='word_1_229' title='bbox 367 2944 400 3006; x_wconf 92' lang='lat' dir='ltr'>in</span> <span class='ocrx_word' id='word_1_230' title='bbox 416 2942 500 3009; x_wconf 85' lang='lat' dir='ltr'>alios</span> <span class='ocrx_word' id='word_1_231' title='bbox 517 2945 687 3011; x_wconf 82' lang='lat' dir='ltr'>transferri</span> <span class='ocrx_word' id='word_1_232' title='bbox 713 2967 771 3028; x_wconf 94' lang='lat' dir='ltr'>per</span> <span class='ocrx_word' id='word_1_233' title='bbox 796 2945 907 3011; x_wconf 92' lang='lat' dir='ltr'>modes</span> <span class='ocrx_word' id='word_1_234' title='bbox 923 2965 1022 3027; x_wconf 86' lang='lat' dir='ltr'>supra</span> <span class='ocrx_word' id='word_1_235' title='bbox 1038 2945 1185 3026; x_wconf 89' lang='lat' dir='ltr'>scriptos,</span> 
     </span>
     <span class='ocr_line' id='line_1_25' title="bbox 64 3049 1184 3137; baseline 0.003 -27"><span class='ocrx_word' id='word_1_236' title='bbox 64 3057 163 3114; x_wconf 79' lang='lat' dir='ltr'>essent</span> <span class='ocrx_word' id='word_1_237' title='bbox 186 3049 300 3117; x_wconf 86' lang='lat' dir='ltr'>fideles</span> <span class='ocrx_word' id='word_1_238' title='bbox 326 3049 481 3117; x_wconf 93' lang='lat' dir='ltr'>Dominio</span> <span class='ocrx_word' id='word_1_239' title='bbox 511 3053 638 3134; x_wconf 88' lang='lat' dir='ltr'>Vestro,</span> <span class='ocrx_word' id='word_1_240' title='bbox 655 3052 712 3118; x_wconf 87' lang='lat' dir='ltr'>sed</span> <span class='ocrx_word' id='word_1_241' title='bbox 729 3073 856 3137; x_wconf 89' lang='lat' dir='ltr'>semper</span> <span class='ocrx_word' id='word_1_242' title='bbox 882 3053 1065 3136; x_wconf 80' lang='lat' dir='ltr'>cogitarent</span> <span class='ocrx_word' id='word_1_243' title='bbox 1081 3051 1122 3115; x_wconf 90' lang='lat' dir='ltr'>de</span> <span class='ocrx_word' id='word_1_244' title='bbox 1138 3049 1184 3114; x_wconf 88' lang='lat' dir='ltr'>fa·</span> 
     </span>
     <span class='ocr_line' id='line_1_26' title="bbox 64 3155 1185 3245; baseline -0.001 -25"><span class='ocrx_word' id='word_1_245' title='bbox 64 3155 168 3223; x_wconf 85' lang='lat' dir='ltr'>ciendo</span> <span class='ocrx_word' id='word_1_246' title='bbox 183 3157 272 3224; x_wconf 82' lang='lat' dir='ltr'>facta</span> <span class='ocrx_word' id='word_1_247' title='bbox 289 3179 358 3224; x_wconf 91' lang='lat' dir='ltr'>sua.</span> <span class='ocrx_word' id='word_1_248' title='bbox 373 3158 513 3244; x_wconf 88' lang='lat' dir='ltr'>Insuper</span> <span class='ocrx_word' id='word_1_249' title='bbox 528 3161 627 3227; x_wconf 86' lang='lat' dir='ltr'>etiam</span> <span class='ocrx_word' id='word_1_250' title='bbox 643 3161 734 3241; x_wconf 89' lang='lat' dir='ltr'>illud,</span> <span class='ocrx_word' id='word_1_251' title='bbox 746 3160 833 3243; x_wconf 93' lang='lat' dir='ltr'>quod</span> <span class='ocrx_word' id='word_1_252' title='bbox 849 3160 996 3245; x_wconf 81' lang='lat' dir='ltr'>tangitur</span> <span class='ocrx_word' id='word_1_253' title='bbox 1011 3159 1046 3223; x_wconf 91' lang='lat' dir='ltr'>in</span> <span class='ocrx_word' id='word_1_254' title='bbox 1062 3157 1185 3240; x_wconf 88' lang='lat' dir='ltr'>capitu-</span> 
     </span>
     <span class='ocr_line' id='line_1_27' title="bbox 63 3263 1184 3351; baseline 0.004 -27"><span class='ocrx_word' id='word_1_255' title='bbox 63 3263 97 3328; x_wconf 87' lang='lat' dir='ltr'>lis</span> <span class='ocrx_word' id='word_1_256' title='bbox 109 3267 267 3349; x_wconf 86' lang='lat' dir='ltr'>predictis</span> <span class='ocrx_word' id='word_1_257' title='bbox 283 3267 324 3332; x_wconf 91' lang='lat' dir='ltr'>dc</span> <span class='ocrx_word' id='word_1_258' title='bbox 340 3267 541 3351; x_wconf 88' lang='lat' dir='ltr'>apperiendo</span> <span class='ocrx_word' id='word_1_259' title='bbox 560 3267 681 3335; x_wconf 84' lang='lat' dir='ltr'>bachas</span> <span class='ocrx_word' id='word_1_260' title='bbox 701 3269 882 3335; x_wconf 87' lang='lat' dir='ltr'>fluiminum</span> <span class='ocrx_word' id='word_1_261' title='bbox 899 3273 978 3350; x_wconf 75' lang='lat' dir='ltr'>eto,</span> <span class='ocrx_word' id='word_1_262' title='bbox 1013 3265 1091 3350; x_wconf 88' lang='lat' dir='ltr'>quia</span> <span class='ocrx_word' id='word_1_263' title='bbox 1109 3285 1184 3348; x_wconf 83' lang='lat' dir='ltr'>cog·</span> 
     </span>
     <span class='ocr_line' id='line_1_28' title="bbox 63 3372 1184 3462; baseline 0.003 -28"><span class='ocrx_word' id='word_1_264' title='bbox 63 3377 212 3442; x_wconf 85' lang='lat' dir='ltr'>noscimus</span> <span class='ocrx_word' id='word_1_265' title='bbox 229 3375 329 3455; x_wconf 88' lang='lat' dir='ltr'>clare,</span> <span class='ocrx_word' id='word_1_266' title='bbox 345 3377 432 3460; x_wconf 89' lang='lat' dir='ltr'>quod</span> <span class='ocrx_word' id='word_1_267' title='bbox 449 3397 560 3442; x_wconf 87' lang='lat' dir='ltr'>omnes</span> <span class='ocrx_word' id='word_1_268' title='bbox 586 3375 768 3444; x_wconf 89' lang='lat' dir='ltr'>Lombardi</span> <span class='ocrx_word' id='word_1_269' title='bbox 783 3399 843 3462; x_wconf 90' lang='lat' dir='ltr'>pro</span> <span class='ocrx_word' id='word_1_270' title='bbox 859 3399 969 3444; x_wconf 90' lang='lat' dir='ltr'>eorum</span> <span class='ocrx_word' id='word_1_271' title='bbox 986 3374 1128 3441; x_wconf 88' lang='lat' dir='ltr'>utilitate</span> <span class='ocrx_word' id='word_1_272' title='bbox 1145 3372 1184 3437; x_wconf 90' lang='lat' dir='ltr'>de</span> 
     </span>
     <span class='ocr_line' id='line_1_29' title="bbox 63 3477 1182 3568; baseline 0.001 -25"><span class='ocrx_word' id='word_1_273' title='bbox 63 3477 118 3545; x_wconf 90' lang='lat' dir='ltr'>boc</span> <span class='ocrx_word' id='word_1_274' title='bbox 132 3489 239 3550; x_wconf 89' lang='lat' dir='ltr'>essent</span> <span class='ocrx_word' id='word_1_275' title='bbox 256 3484 432 3568; x_wconf 90' lang='lat' dir='ltr'>plurimum</span> <span class='ocrx_word' id='word_1_276' title='bbox 448 3485 636 3568; x_wconf 84' lang='lat' dir='ltr'>incontenti,</span> <span class='ocrx_word' id='word_1_277' title='bbox 654 3491 687 3551; x_wconf 91' lang='lat' dir='ltr'>et</span> <span class='ocrx_word' id='word_1_278' title='bbox 702 3487 771 3568; x_wconf 93' lang='lat' dir='ltr'>hoc,</span> <span class='ocrx_word' id='word_1_279' title='bbox 797 3487 880 3552; x_wconf 90' lang='lat' dir='ltr'>siout</span> <span class='ocrx_word' id='word_1_280' title='bbox 903 3485 966 3551; x_wconf 90' lang='lat' dir='ltr'>scit</span> <span class='ocrx_word' id='word_1_281' title='bbox 992 3482 1182 3550; x_wconf 89' lang='lat' dir='ltr'>Dominatio</span> 
     </span>
     <span class='ocr_line' id='line_1_30' title="bbox 6 3584 1185 3684; baseline 0.002 -32"><span class='ocrx_word' id='word_1_282' title='bbox 6 3623 10 3684; x_wconf 54' lang='lat' dir='ltr'>p</span> <span class='ocrx_word' id='word_1_283' title='bbox 62 3584 180 3675; x_wconf 82' lang='lat' dir='ltr'>Vestra,</span> <span class='ocrx_word' id='word_1_284' title='bbox 190 3598 278 3660; x_wconf 89' lang='lat' dir='ltr'>esset</span> <span class='ocrx_word' id='word_1_285' title='bbox 288 3592 467 3659; x_wconf 89' lang='lat' dir='ltr'>destructio</span> <span class='ocrx_word' id='word_1_286' title='bbox 478 3594 672 3659; x_wconf 89' lang='lat' dir='ltr'>introituum</span> <span class='ocrx_word' id='word_1_287' title='bbox 683 3601 863 3660; x_wconf 89' lang='lat' dir='ltr'>vestrorum</span> <span class='ocrx_word' id='word_1_288' title='bbox 875 3592 1062 3680; x_wconf 88' lang='lat' dir='ltr'>promajori</span> <span class='ocrx_word' id='word_1_289' title='bbox 1073 3595 1185 3678; x_wconf 86' lang='lat' dir='ltr'>parte:</span> 
     </span>
     <span class='ocr_line' id='line_1_31' title="bbox 63 3694 1185 3784; baseline 0.002 -24"><span class='ocrx_word' id='word_1_290' title='bbox 63 3694 250 3783; x_wconf 88' lang='lat' dir='ltr'>dubitamus,</span> <span class='ocrx_word' id='word_1_291' title='bbox 267 3700 354 3784; x_wconf 89' lang='lat' dir='ltr'>quod</span> <span class='ocrx_word' id='word_1_292' title='bbox 381 3722 445 3766; x_wconf 92' lang='lat' dir='ltr'>non</span> <span class='ocrx_word' id='word_1_293' title='bbox 462 3703 510 3766; x_wconf 91' lang='lat' dir='ltr'>ita</span> <span class='ocrx_word' id='word_1_294' title='bbox 527 3701 654 3766; x_wconf 90' lang='lat' dir='ltr'>solicite</span> <span class='ocrx_word' id='word_1_295' title='bbox 670 3701 838 3768; x_wconf 83' lang='lat' dir='ltr'>curabitur</span> <span class='ocrx_word' id='word_1_296' title='bbox 855 3701 1002 3767; x_wconf 76' lang='lat' dir='ltr'>adhiberi</span> <span class='ocrx_word' id='word_1_297' title='bbox 1021 3700 1135 3765; x_wconf 88' lang='lat' dir='ltr'>medus</span> <span class='ocrx_word' id='word_1_298' title='bbox 1152 3698 1185 3763; x_wconf 86' lang='lat' dir='ltr'>in</span> 
     </span>
     <span class='ocr_line' id='line_1_32' title="bbox 62 3804 1186 3894; baseline 0.001 -26"><span class='ocrx_word' id='word_1_299' title='bbox 62 3804 142 3874; x_wconf 83' lang='lat' dir='ltr'>lacto</span> <span class='ocrx_word' id='word_1_300' title='bbox 166 3809 325 3894; x_wconf 81' lang='lat' dir='ltr'>predicte,</span> <span class='ocrx_word' id='word_1_301' title='bbox 351 3807 436 3875; x_wconf 88' lang='lat' dir='ltr'>siout</span> <span class='ocrx_word' id='word_1_302' title='bbox 461 3809 681 3891; x_wconf 82' lang='lat' dir='ltr'>adhiberetur,</span> <span class='ocrx_word' id='word_1_303' title='bbox 707 3811 734 3875; x_wconf 89' lang='lat' dir='ltr'>si</span> <span class='ocrx_word' id='word_1_304' title='bbox 760 3831 824 3874; x_wconf 92' lang='lat' dir='ltr'>nen</span> <span class='ocrx_word' id='word_1_305' title='bbox 851 3814 1003 3894; x_wconf 86' lang='lat' dir='ltr'>tangeret</span> <span class='ocrx_word' id='word_1_306' title='bbox 1029 3814 1186 3892; x_wconf 89' lang='lat' dir='ltr'>apertura</span> 
     </span>
     <span class='ocr_line' id='line_1_33' title="bbox 62 3915 1259 4004; baseline 0 -26"><span class='ocrx_word' id='word_1_307' title='bbox 62 3915 202 3996; x_wconf 86' lang='lat' dir='ltr'>predicta</span> <span class='ocrx_word' id='word_1_308' title='bbox 216 3923 347 3983; x_wconf 88' lang='lat' dir='ltr'>tantum</span> <span class='ocrx_word' id='word_1_309' title='bbox 363 3918 565 3984; x_wconf 90' lang='lat' dir='ltr'>commodum</span> <span class='ocrx_word' id='word_1_310' title='bbox 583 3926 615 3984; x_wconf 90' lang='lat' dir='ltr'>ct</span> <span class='ocrx_word' id='word_1_311' title='bbox 634 3918 811 3985; x_wconf 91' lang='lat' dir='ltr'>utilitatem</span> <span class='ocrx_word' id='word_1_312' title='bbox 828 3917 982 4004; x_wconf 90' lang='lat' dir='ltr'>ipsorum.</span> <span class='ocrx_word' id='word_1_313' title='bbox 999 3915 1049 3981; x_wconf 83' lang='lat' dir='ltr'>Ex</span> <span class='ocrx_word' id='word_1_314' title='bbox 1066 3915 1184 3999; x_wconf 80' lang='lat' dir='ltr'>quibus</span> <span class='ocrx_word' id='word_1_315' title='bbox 1252 3933 1259 3947; x_wconf 95' lang='grc'>·</span> 
     </span>
     <span class='ocr_line' id='line_1_34' title="bbox 6 3961 1188 4112; baseline 0.002 -26"><span class='ocrx_word' id='word_1_316' title='bbox 6 3961 9 4112; x_wconf 94' lang='grc' dir='ltr'>Ι</span> <span class='ocrx_word' id='word_1_317' title='bbox 62 4023 138 4088; x_wconf 87' lang='lat' dir='ltr'>alias</span> <span class='ocrx_word' id='word_1_318' title='bbox 154 4023 354 4109; x_wconf 84' lang='lat' dir='ltr'>supradictis</span> <span class='ocrx_word' id='word_1_319' title='bbox 370 4024 566 4107; x_wconf 85' lang='lat' dir='ltr'>dubitamus,</span> <span class='ocrx_word' id='word_1_320' title='bbox 582 4049 621 4092; x_wconf 93' lang='lat' dir='ltr'>ne</span> <span class='ocrx_word' id='word_1_321' title='bbox 639 4032 802 4094; x_wconf 87' lang='lat' dir='ltr'>tractatus</span> <span class='ocrx_word' id='word_1_322' title='bbox 827 4025 993 4112; x_wconf 87' lang='lat' dir='ltr'>predictus</span> <span class='ocrx_word' id='word_1_323' title='bbox 1010 4023 1068 4088; x_wconf 87' lang='lat' dir='ltr'>fiat</span> <span class='ocrx_word' id='word_1_324' title='bbox 1085 4021 1188 4088; x_wconf 87' lang='lat' dir='ltr'>alters</span> 
     </span>
     <span class='ocr_line' id='line_1_35' title="bbox 6 4119 1189 4220; baseline 0 -26"><span class='ocrx_word' id='word_1_325' title='bbox 6 4119 8 4212; x_wconf 78' lang='grc' dir='ltr'>ξ</span> <span class='ocrx_word' id='word_1_326' title='bbox 62 4129 99 4196; x_wconf 88' lang='lat' dir='ltr'>de</span> <span class='ocrx_word' id='word_1_327' title='bbox 114 4133 238 4199; x_wconf 88' lang='lat' dir='ltr'>duabus</span> <span class='ocrx_word' id='word_1_328' title='bbox 255 4135 372 4217; x_wconf 87' lang='lat' dir='ltr'>causis,</span> <span class='ocrx_word' id='word_1_329' title='bbox 389 4133 440 4200; x_wconf 88' lang='lat' dir='ltr'>vel</span> <span class='ocrx_word' id='word_1_330' title='bbox 456 4157 516 4220; x_wconf 91' lang='lat' dir='ltr'>pro</span> <span class='ocrx_word' id='word_1_331' title='bbox 533 4135 681 4202; x_wconf 86' lang='lat' dir='ltr'>ducendo</span> <span class='ocrx_word' id='word_1_332' title='bbox 697 4134 964 4203; x_wconf 87' lang='lat' dir='ltr'>Dominationem</span> <span class='ocrx_word' id='word_1_333' title='bbox 984 4133 1139 4202; x_wconf 88' lang='lat' dir='ltr'>Vestram</span> <span class='ocrx_word' id='word_1_334' title='bbox 1155 4131 1189 4194; x_wconf 89' lang='lat' dir='ltr'>in</span> 
     </span>
     <span class='ocr_line' id='line_1_36' title="bbox 6 4213 1188 4334; baseline 0.004 -35"><span class='ocrx_word' id='word_1_335' title='bbox 6 4213 12 4334; x_wconf 66' lang='grc' dir='ltr'>Ι</span> <span class='ocrx_word' id='word_1_336' title='bbox 62 4233 198 4326; x_wconf 85' lang='lat' dir='ltr'>longum,</span> <span class='ocrx_word' id='word_1_337' title='bbox 212 4241 264 4308; x_wconf 82' lang='lat' dir='ltr'>rel</span> <span class='ocrx_word' id='word_1_338' title='bbox 282 4264 343 4327; x_wconf 90' lang='lat' dir='ltr'>pro</span> <span class='ocrx_word' id='word_1_339' title='bbox 360 4242 565 4328; x_wconf 89' lang='lat' dir='ltr'>impediendo</span> <span class='ocrx_word' id='word_1_340' title='bbox 587 4249 767 4310; x_wconf 81' lang='lat' dir='ltr'>tractatum</span> <span class='ocrx_word' id='word_1_341' title='bbox 782 4245 822 4310; x_wconf 88' lang='lat' dir='ltr'>de</span> <span class='ocrx_word' id='word_1_342' title='bbox 839 4245 924 4324; x_wconf 92' lang='lat' dir='ltr'>hinc,</span> <span class='ocrx_word' id='word_1_343' title='bbox 941 4243 969 4307; x_wconf 92' lang='lat' dir='ltr'>si</span> <span class='ocrx_word' id='word_1_344' title='bbox 986 4239 1028 4306; x_wconf 88' lang='lat' dir='ltr'>ad</span> <span class='ocrx_word' id='word_1_345' title='bbox 1044 4240 1188 4323; x_wconf 88' lang='lat' dir='ltr'>aliquam</span> 
     </span>
     <span class='ocr_line' id='line_1_37' title="bbox 6 4337 1190 4454; baseline -0.002 -43"><span class='ocrx_word' id='word_1_346' title='bbox 6 4337 17 4454; x_wconf 44' lang='grc' dir='ltr'>Ι</span> <span class='ocrx_word' id='word_1_347' title='bbox 62 4345 174 4416; x_wconf 89' lang='lat' dir='ltr'>bonam</span> <span class='ocrx_word' id='word_1_348' title='bbox 189 4350 429 4418; x_wconf 89' lang='lat' dir='ltr'>conclusionem</span> <span class='ocrx_word' id='word_1_349' title='bbox 454 4353 562 4418; x_wconf 88' lang='lat' dir='ltr'>venire</span> <span class='ocrx_word' id='word_1_350' title='bbox 588 4373 767 4436; x_wconf 90' lang='lat' dir='ltr'>possemus,</span> <span class='ocrx_word' id='word_1_351' title='bbox 792 4350 879 4436; x_wconf 90' lang='lat' dir='ltr'>quod</span> <span class='ocrx_word' id='word_1_352' title='bbox 894 4357 1005 4416; x_wconf 85' lang='lat' dir='ltr'>tamen</span> <span class='ocrx_word' id='word_1_353' title='bbox 1021 4368 1086 4412; x_wconf 94' lang='lat' dir='ltr'>non</span> <span class='ocrx_word' id='word_1_354' title='bbox 1104 4344 1190 4410; x_wconf 88' lang='lat' dir='ltr'>vide-</span> 
     </span>
     <span class='ocr_line' id='line_1_38' title="bbox 6 4456 1189 4544; baseline -0.002 -25"><span class='ocrx_word' id='word_1_355' title='bbox 6 4457 8 4488; x_wconf 89' lang='lat'>&#39;</span> <span class='ocrx_word' id='word_1_356' title='bbox 62 4476 130 4522; x_wconf 87' lang='lat' dir='ltr'>mne</span> <span class='ocrx_word' id='word_1_357' title='bbox 144 4479 247 4543; x_wconf 85' lang='lat' dir='ltr'>usque</span> <span class='ocrx_word' id='word_1_358' title='bbox 264 4457 372 4524; x_wconf 87' lang='lat' dir='ltr'>modo.</span> <span class='ocrx_word' id='word_1_359' title='bbox 402 4459 450 4525; x_wconf 83' lang='lat' dir='ltr'>Et</span> <span class='ocrx_word' id='word_1_360' title='bbox 465 4465 631 4544; x_wconf 87' lang='lat' dir='ltr'>quantum,</span> <span class='ocrx_word' id='word_1_361' title='bbox 648 4461 677 4524; x_wconf 89' lang='lat' dir='ltr'>ei</span> <span class='ocrx_word' id='word_1_362' title='bbox 694 4459 786 4526; x_wconf 86' lang='lat' dir='ltr'>fieret</span> <span class='ocrx_word' id='word_1_363' title='bbox 812 4459 923 4542; x_wconf 88' lang='lat' dir='ltr'>aliqua</span> <span class='ocrx_word' id='word_1_364' title='bbox 939 4457 979 4523; x_wconf 89' lang='lat' dir='ltr'>de</span> <span class='ocrx_word' id='word_1_365' title='bbox 996 4456 1103 4520; x_wconf 88' lang='lat' dir='ltr'>causis</span> <span class='ocrx_word' id='word_1_366' title='bbox 1120 4475 1189 4536; x_wconf 88' lang='lat' dir='ltr'>pre·</span> 
     </span>
     <span class='ocr_line' id='line_1_39' title="bbox 65 4563 1189 4648; baseline 0 -21"><span class='ocrx_word' id='word_1_367' title='bbox 65 4563 164 4647; x_wconf 87' lang='lat' dir='ltr'>dictis,</span> <span class='ocrx_word' id='word_1_368' title='bbox 181 4573 268 4633; x_wconf 88' lang='lat' dir='ltr'>esset</span> <span class='ocrx_word' id='word_1_369' title='bbox 277 4568 469 4634; x_wconf 88' lang='lat' dir='ltr'>damnosum</span> <span class='ocrx_word' id='word_1_370' title='bbox 487 4573 520 4633; x_wconf 90' lang='lat' dir='ltr'>et</span> <span class='ocrx_word' id='word_1_371' title='bbox 536 4569 683 4634; x_wconf 88' lang='lat' dir='ltr'>nocivum</span> <span class='ocrx_word' id='word_1_372' title='bbox 696 4567 919 4634; x_wconf 86' lang='lat' dir='ltr'>Dominationi</span> <span class='ocrx_word' id='word_1_373' title='bbox 931 4564 1189 4648; x_wconf 87' lang='lat' dir='ltr'>Vest1·e,optirne</span> 
     </span>
    </p>
   </div>
   <div class='ocr_carea' id='block_1_3' title="bbox 105 4676 1083 4746">
    <p class='ocr_par' dir='ltr' id='par_1_3' title="bbox 105 4676 1083 4746">
     <span class='ocr_line' id='line_1_40' title="bbox 105 4676 1083 4746; baseline 0.006 -8"><span class='ocrx_word' id='word_1_374' title='bbox 105 4704 167 4740; x_wconf 65' lang='lat' dir='ltr'>NON.</span> <span class='ocrx_word' id='word_1_375' title='bbox 186 4705 265 4740; x_wconf 37' lang='lat' dir='ltr'>tll‘xrt.</span> <span class='ocrx_word' id='word_1_376' title='bbox 284 4705 352 4740; x_wconf 67' lang='lat' dir='ltr'>utar.</span> <span class='ocrx_word' id='word_1_377' title='bbox 370 4715 412 4725; x_wconf 87' lang='grc'>·“·</span> <span class='ocrx_word' id='word_1_378' title='bbox 431 4707 498 4741; x_wconf 70' lang='grc' dir='ltr'><strong>ΛΟΓΑ</strong></span> <span class='ocrx_word' id='word_1_379' title='bbox 517 4708 575 4742; x_wconf 74' lang='grc' dir='ltr'><strong>ΕΧΤ.</strong></span> <span class='ocrx_word' id='word_1_380' title='bbox 592 4708 629 4746; x_wconf 87' lang='lat' dir='ltr'>lll.</span> <span class='ocrx_word' id='word_1_381' title='bbox 1043 4676 1083 4738; x_wconf 72' lang='grc'>14</span> 
     </span>
    </p>
   </div>
   <div class='ocr_carea' id='block_1_4' title="bbox 0 0 1590 5252">
    <p class='ocr_par' dir='ltr' id='par_1_4' title="bbox 0 0 1590 5252">
     <span class='ocr_line' id='line_1_41' title="bbox 0 0 1590 5252; baseline 0 0"><span class='ocrx_word' id='word_1_382' title='bbox 0 0 1590 5252; x_wconf 95' lang='lat' dir='ltr'> </span> 
     </span>
    </p>
   </div>
  </div>
 </body>
</html>
