3190 5252
385 312 450 378 420
740 326 975 376 omnourczmr
993 313 1160 376 eundum.
1192 311 1197 318 '

386 494 433 558 cis
449 499 572 573 auctor,
590 513 688 575 quam
704 490 792 574 belli,
809 490 886 556 licet
902 490 978 556 iusti
1004 490 1104 556 etiam
1122 488 1254 570 invitus,
1271 487 1361 570 quod
1376 487 1438 552 sine
1451 483 1495 548 bo·

386 622 465 668 nore
482 622 548 666 non
573 599 706 684 geritur,
732 598 929 664 moderator.
955 597 1002 664 Et
1018 602 1194 682 postquam
1209 596 1244 662 iu
1261 616 1375 660 manus
1398 592 1494 660 Vestre

372 759 374 765 ,
389 709 515 794 pugillo
532 707 652 774 bellum
669 713 702 774 et
718 728 833 791 paoem
848 705 989 790 habetis,
1006 704 1183 791 dignemini
1193 705 1307 790 ingens
1325 703 1438 769 bellum
1452 721 1497 784 po·

385 817 450 882 tius
466 817 652 900 aspersione
678 821 766 882 certe
790 816 883 899 pacis
900 817 1100 898 extinguere,
1120 835 1229 897 quam,
1247 835 1318 879 cum
1335 808 1495 896 periculoso

387 924 499 990 Marte
525 931 677 1003 certetur,
693 923 804 990 future
830 924 1002 990 concordie
1028 930 1176 1006 tempora
1207 939 1396 1005 prorogare.
1422 918 1496 983 Data

386 1031 555 1099 Florentio
572 1031 624 1096 die
637 1030 726 1097 IIII.
737 1031 937 1113 Decembris,
947 1031 1034 1096 ΠΙΙ.
1046 1029 1223 1096 indictione
1234 1020 1496 1094 MDCOLXXX.

385 1179 512 1240 (Eredeti
526 1179 741 1244 logalmnzvrtny
756 1195 773 1230 s
787 1180 923 1246 >Signum
937 1178 1236 1245 Carteggie,l1iesive‹
1252 1179 1305 1227 stb.
1319 1176 1386 1226 xlx
1405 1169 1496 1234 kbtegt·

612 1271 666 1319 ben
680 1274 721 1320 80.
735 1285 771 1320 ει.
785 1284 820 1334 a,
834 1285 851 1320 a
864 1270 996 1322 florenczi
1009 1285 1085 1336 nsgy
1099 1267 1294 1330 leveltrtrbau.)

912 1594 986 1657 202.

273 1843 276 1850 Ι
383 1757 535 1823 Albineai
567 1754 758 1820 Heorikuek
802 1757 1050 1841 nyuytatcdnpa
1086 1756 1206 1832 10‚000
1236 1747 1496 1840 aruopforiolrdb
1575 1757 1576 1766 ’

385 1865 534 1952 melyelcel
551 1865 656 1929 Jonos
671 1863 796 1928 macsdi
816 1864 878 1928 bon
895 1864 1030 1927 neodhere
1047 1886 1068 1925 a
1086 1861 1243 1950 floreorai
1259 1855 1496 1944 kdztcr'rsusripto‘l

706 1971 938 2057 kdlcsdukdpeo
959 1975 1064 2036 dluctt.
1084 1973 1180 2036 1380.

489 2131 529 2197 In
548 2131 615 2198 Dei
632 2131 761 2198 nomine
778 2129 895 2196 Amen.
912 2129 1012 2195 Anno
1037 2129 1171 2198 Domini
1195 2130 1237 2196 ab
1263 2135 1332 2195 eius
1357 2130 1493 2195 Incarus·

381 2241 469 2305 tione
486 2238 675 2305 millessimo
691 2238 917 2305 trecentesimo
934 2239 1165 2322 octuagesimo,
1191 2236 1367 2304 indictione
1383 2241 1496 2321 quartu,

381 2348 433 2413 die
449 2347 604 2430 vigesimo
621 2347 739 2412 mensis
755 2346 955 2413 Decembris.
971 2347 1145 2414 Excellens
1162 2353 1194 2412 et
1209 2345 1303 2412 Juris
1319 2349 1439 2430 peritus
1453 2343 1491 2408 vir

381 2455 530 2522 domiuus
545 2453 715 2522 lohannes
732 2455 897 2539 quondam
914 2455 1036 2522 domini
1051 2456 1190 2522 Henrici
1206 2454 1246 2520 de
1264 2453 1413 2538 Albinea,
1423 2453 1491 2518 Pro·

380 2567 510 2629 curator
527 2563 723 2630 substitutus
739 2586 759 2629 a
775 2562 966 2630 Reverendo
978 2563 1011 2628 in
1022 2562 1155 2631 Christo
1165 2563 1266 2629 Patre
1278 2564 1405 2630 domino
1416 2558 1493 2628 Guil-

378 2670 477 2737 lelmo
493 2670 557 2737 Dei
574 2673 682 2755 gratie
697 2672 860 2756 Episcopo
875 2669 901 2734 J
902 2672 1044 2737 auriensi
1066 2671 1287 2738 Procuratore
1313 2671 1444 2738 illustris
1467 2671 1493 2731 et

379 2779 496 2846 excelsi
512 2778 677 2864 Principis
694 2780 815 2846 domini
832 2779 952 2846 Karoli
970 2780 1010 2846 de
1020 2781 1161 2848 Duratio
1172 2786 1232 2847 etc.
1249 2787 1347 2866 prout
1363 2781 1401 2846 ds
1418 2797 1491 2843 msu-

380 2887 457 2952 dato
475 2887 578 2971 ipsius
596 2888 719 2954 domini
735 2888 891 2973 Episcopi
907 2889 969 2955 sibi
984 2910 1137 2956 concesso
1154 2911 1174 2955 a
1190 2891 1277 2956 dicto
1294 2890 1420 2956 domino
1434 2883 1492 2951 Ku-

382 2994 453 3059 rolo
469 3001 618 3062 constare
634 2997 700 3062 vidi
715 3017 775 3080 ego
795 2997 951 3065 Vivianus
962 2997 1121 3064 Notarius
1131 2999 1359 3081 infrascriplus
1376 3019 1413 3064 ex
1427 2990 1492 3079 pub-

384 3102 446 3190 lico
462 3103 676 3170 instrumento
687 3125 745 3188 per
755 3126 806 3170 me
815 3105 900 3172 lecto
910 3113 943 3172 et
953 3106 1120 3191 publicato
1131 3107 1191 3174 sub
1202 3109 1295 3192 signo
1304 3115 1337 3173 et
1352 3102 1493 3184 subscrip

378 3211 465 3276 tione
480 3212 506 3277 J
507 3212 600 3279 scobi
610 3208 721 3278 (ihelfi
737 3212 777 3278 de
795 3211 933 3280 Civitate
950 3213 1087 3280 Oastelli
1104 3217 1137 3282 N
1138 3216 1236 3282 otarii
1257 3237 1295 3282 ac
1312 3208 1489 3283 Cancellurii

377 3323 454 3383 tnnc
471 3316 660 3386 Communis
676 3318 794 3405 Aretii,
810 3328 843 3387 ct
858 3323 918 3390 snb
935 3322 988 3389 die
1006 3324 1160 3408 vigesimo
1186 3331 1276 3416 sexto
1300 3323 1417 3390 mensis
1441 3317 1492 3385 Oc·

379 3427 482 3493 tobris
498 3429 645 3511 proxime
662 3429 830 3513 preteriti;
848 3437 881 3496 et
896 3431 936 3497 de
954 3431 1184 3499 substitutione
1211 3433 1291 3498 dicti
1315 3431 1431 3498 domini
1444 3427 1491 3494 Jo

377 3535 496 3601 hannis
512 3556 673 3622 apparere
690 3537 754 3603 vidi
771 3560 830 3623 per
846 3541 1011 3624 publicum
1035 3541 1284 3637 instrumentum
1305 3563 1363 3627 per
1374 3561 1424 3606 me
1439 3539 1490 3602 lec·

377 3651 446 3708 tum
461 3650 495 3709 et
510 3644 711 3728 publicatum
721 3647 781 3714 sub
793 3649 885 3731 signo
896 3656 930 3715 et
939 3649 1175 3735 subscriptione
1184 3649 1350 3718 iohannis
1360 3650 1413 3716 filii
1424 3645 1487 3712 olim

377 3750 505 3817 Bartoli
516 3753 716 3821 Nicooluccii
726 3756 804 3822 civis
815 3756 946 3825 Aretini
956 3757 1017 3825 sub
1029 3761 1082 3827 die
1093 3761 1208 3844 quinta
1219 3761 1377 3844 presentis
1387 3753 1490 3826 mensis

377 3847 578 3942 Decembris,
594 3863 819 3944 procuratorio
836 3867 965 3931 nomine
981 3865 1061 3933 dicti
1088 3867 1210 3933 domini
1227 3867 1356 3950 Karoli,
1382 3873 1413 3933 ct
1430 3864 1487 3928 eius

377 3967 513 4050 nomine,
525 3968 643 4033 virtute
654 3968 884 4037 mandatorum
894 3974 934 4039 de
945 3973 1064 4058 quibus
1081 3997 1180 4059 supra
1190 3975 1373 4059 fitmentio;
1388 3979 1486 4060 petens

376 4075 559 4141 nominibus
576 4077 750 4143 antedictis
768 4079 830 4144 sibi
847 4079 919 4146 dari
936 4088 970 4146 et
985 4083 1074 4163 solvi,
1101 4087 1134 4147 et
1150 4084 1266 4149 habuit
1281 4091 1315 4150 et
1331 4082 1446 4166 recepit
1460 4077 1486 4139 iu

376 4183 542 4267 presentia
558 4185 764 4252 meiNotarii
782 4193 815 4252 et
831 4188 963 4253 testium
977 4189 1260 4274 infrascriptorum
1276 4192 1406 4257 realiter
1419 4193 1447 4251 et
1461 4185 1486 4246 iu

375 4289 505 4356 florenis
521 4292 554 4354 iu
571 4293 697 4360 duobus
713 4297 885 4380 marsupiis
903 4297 1056 4381 sigillatis
1073 4298 1179 4381 sigillo
1196 4301 1300 4384 saggii
1318 4293 1487 4365 Communis

375 4397 543 4465 Florentio
560 4402 592 4465 in
610 4424 674 4469 uua
690 4414 791 4487 parte,
807 4406 920 4473 decem
936 4407 1028 4472 milio
1045 4405 1242 4475 florenorum
1259 4410 1331 4474 auri
1348 4410 1386 4475 de
1402 4421 1488 4488 quun·

374 4507 473 4574 titate
490 4516 522 4573 et
533 4511 702 4577 occasione
720 4515 915 4597 quantitatis
942 4516 1056 4600 viginti
1072 4515 1196 4584 milium
1214 4517 1404 4582 florenorum
1419 4509 1487 4586 suri,
