<?xml version="1.0" encoding="UTF-8"?>
<!DOCTYPE html PUBLIC "-//W3C//DTD XHTML 1.0 Transitional//EN"
    "http://www.w3.org/TR/xhtml1/DTD/xhtml1-transitional.dtd">
<html xmlns="http://www.w3.org/1999/xhtml" xml:lang="en" lang="en">
 <head>
  <title>
</title>
<meta http-equiv="Content-Type" content="text/html;charset=utf-8" />
  <meta name='ocr-system' content='tesseract 3.04.00' />
  <meta name='ocr-capabilities' content='ocr_page ocr_carea ocr_par ocr_line ocrx_word'/>
</head>
<body>
  <div class='ocr_page' id='page_1' title='image "./magyardiplomacz00wenzgoog_0544.png"; bbox 0 0 3182 5252; ppageno 0'>
   <div class='ocr_carea' id='block_1_1' title="bbox 381 367 1150 427">
    <p class='ocr_par' dir='ltr' id='par_1_1' title="bbox 381 367 1150 427">
     <span class='ocr_line' id='line_1_1' title="bbox 381 367 1150 427; baseline -0.003 -1"><span class='ocrx_word' id='word_1_1' title='bbox 381 367 447 427; x_wconf 79' lang='lat'>524</span> <span class='ocrx_word' id='word_1_2' title='bbox 734 383 966 427; x_wconf 72' lang='lat' dir='ltr'>oresonscmnr</span> <span class='ocrx_word' id='word_1_3' title='bbox 984 369 1150 426; x_wconf 66' lang='lat' dir='ltr'>enidrus.</span> 
     </span>
    </p>
   </div>
   <div class='ocr_carea' id='block_1_2' title="bbox 301 535 1588 4620">
    <p class='ocr_par' dir='ltr' id='par_1_2' title="bbox 377 535 1520 2024">
     <span class='ocr_line' id='line_1_2' title="bbox 380 535 1512 625; baseline -0.011 -17"><span class='ocrx_word' id='word_1_4' title='bbox 380 542 420 608; x_wconf 92' lang='lat' dir='ltr'>de</span> <span class='ocrx_word' id='word_1_5' title='bbox 438 539 674 625; x_wconf 79' lang='lat' dir='ltr'>Quadraginta,</span> <span class='ocrx_word' id='word_1_6' title='bbox 691 538 871 607; x_wconf 82' lang='lat' dir='ltr'><strong>Consilium</strong></span> <span class='ocrx_word' id='word_1_7' title='bbox 887 541 1093 624; x_wconf 85' lang='lat' dir='ltr'>Rogatorum</span> <span class='ocrx_word' id='word_1_8' title='bbox 1110 545 1142 604; x_wconf 85' lang='lat' dir='ltr'>et</span> <span class='ocrx_word' id='word_1_9' title='bbox 1159 538 1340 604; x_wconf 81' lang='lat' dir='ltr'>Consilium</span> <span class='ocrx_word' id='word_1_10' title='bbox 1357 535 1512 618; x_wconf 88' lang='lat' dir='ltr'>Adjunte</span> 
     </span>
     <span class='ocr_line' id='line_1_3' title="bbox 380 645 1511 734; baseline -0.004 -21"><span class='ocrx_word' id='word_1_11' title='bbox 380 650 513 716; x_wconf 92' lang='lat' dir='ltr'>nomine</span> <span class='ocrx_word' id='word_1_12' title='bbox 531 649 719 716; x_wconf 83' lang='lat' dir='ltr'>Communis</span> <span class='ocrx_word' id='word_1_13' title='bbox 745 650 962 716; x_wconf 87' lang='lat' dir='ltr'>Veneciarum</span> <span class='ocrx_word' id='word_1_14' title='bbox 989 671 1115 734; x_wconf 85' lang='lat' dir='ltr'>semper</span> <span class='ocrx_word' id='word_1_15' title='bbox 1130 657 1163 716; x_wconf 91' lang='lat' dir='ltr'>et</span> <span class='ocrx_word' id='word_1_16' title='bbox 1187 650 1451 732; x_wconf 84' lang='lat' dir='ltr'>quandocunque</span> <span class='ocrx_word' id='word_1_17' title='bbox 1468 645 1511 712; x_wconf 86' lang='lat' dir='ltr'>ad</span> 
     </span>
     <span class='ocr_line' id='line_1_4' title="bbox 381 756 1514 842; baseline 0 -21"><span class='ocrx_word' id='word_1_18' title='bbox 381 757 625 839; x_wconf 91' lang='lat' dir='ltr'>requisicionem</span> <span class='ocrx_word' id='word_1_19' title='bbox 651 756 862 823; x_wconf 73' lang='lat' dir='ltr'>serenissime</span> <span class='ocrx_word' id='word_1_20' title='bbox 892 759 1080 842; x_wconf 80' lang='lat' dir='ltr'>Majestetis</span> <span class='ocrx_word' id='word_1_21' title='bbox 1106 757 1278 839; x_wconf 81' lang='lat' dir='ltr'>Hungarie</span> <span class='ocrx_word' id='word_1_22' title='bbox 1300 765 1332 822; x_wconf 90' lang='lat' dir='ltr'>et</span> <span class='ocrx_word' id='word_1_23' title='bbox 1348 776 1514 822; x_wconf 77' lang='lat' dir='ltr'>successo</span> 
     </span>
     <span class='ocr_line' id='line_1_5' title="bbox 380 863 1515 948; baseline -0.004 -19"><span class='ocrx_word' id='word_1_24' title='bbox 380 865 538 929; x_wconf 89' lang='lat' dir='ltr'>rumeins</span> <span class='ocrx_word' id='word_1_25' title='bbox 555 871 728 930; x_wconf 86' lang='lat' dir='ltr'>teneantur</span> <span class='ocrx_word' id='word_1_26' title='bbox 744 865 842 930; x_wconf 88' lang='lat' dir='ltr'>semel</span> <span class='ocrx_word' id='word_1_27' title='bbox 858 871 984 930; x_wconf 88' lang='lat' dir='ltr'>tantum</span> <span class='ocrx_word' id='word_1_28' title='bbox 1003 887 1061 948; x_wconf 91' lang='lat' dir='ltr'>pro</span> <span class='ocrx_word' id='word_1_29' title='bbox 1078 866 1226 948; x_wconf 89' lang='lat' dir='ltr'>quolibet</span> <span class='ocrx_word' id='word_1_30' title='bbox 1242 863 1336 929; x_wconf 83' lang='lat' dir='ltr'>Duce</span> <span class='ocrx_word' id='word_1_31' title='bbox 1361 869 1515 947; x_wconf 77' lang='lat' dir='ltr'>prestare</span> 
     </span>
     <span class='ocr_line' id='line_1_6' title="bbox 377 969 1514 1056; baseline -0.005 -20"><span class='ocrx_word' id='word_1_32' title='bbox 377 971 601 1053; x_wconf 83' lang='lat' dir='ltr'>juramentum</span> <span class='ocrx_word' id='word_1_33' title='bbox 625 973 838 1055; x_wconf 80' lang='lat' dir='ltr'>corporaliter</span> <span class='ocrx_word' id='word_1_34' title='bbox 862 980 894 1037; x_wconf 91' lang='lat' dir='ltr'>et</span> <span class='ocrx_word' id='word_1_35' title='bbox 918 993 1069 1056; x_wconf 82' lang='lat' dir='ltr'>expresse</span> <span class='ocrx_word' id='word_1_36' title='bbox 1101 971 1141 1036; x_wconf 91' lang='lat' dir='ltr'>de</span> <span class='ocrx_word' id='word_1_37' title='bbox 1165 969 1368 1037; x_wconf 85' lang='lat' dir='ltr'>observando</span> <span class='ocrx_word' id='word_1_38' title='bbox 1397 989 1514 1053; x_wconf 86' lang='lat' dir='ltr'>pacem</span> 
     </span>
     <span class='ocr_line' id='line_1_7' title="bbox 381 1076 1514 1162; baseline -0.003 -21"><span class='ocrx_word' id='word_1_39' title='bbox 381 1077 570 1162; x_wconf 87' lang='lat' dir='ltr'>predictam,</span> <span class='ocrx_word' id='word_1_40' title='bbox 595 1086 628 1144; x_wconf 88' lang='lat' dir='ltr'>ct</span> <span class='ocrx_word' id='word_1_41' title='bbox 655 1081 763 1147; x_wconf 85' lang='lat' dir='ltr'>omnia</span> <span class='ocrx_word' id='word_1_42' title='bbox 789 1087 821 1144; x_wconf 88' lang='lat' dir='ltr'>et</span> <span class='ocrx_word' id='word_1_43' title='bbox 848 1080 977 1162; x_wconf 90' lang='lat' dir='ltr'>singula</span> <span class='ocrx_word' id='word_1_44' title='bbox 993 1081 1025 1143; x_wconf 94' lang='lat' dir='ltr'>in</span> <span class='ocrx_word' id='word_1_45' title='bbox 1043 1081 1267 1145; x_wconf 79' lang='lat' dir='ltr'>instrumentis</span> <span class='ocrx_word' id='word_1_46' title='bbox 1287 1080 1392 1162; x_wconf 90' lang='lat' dir='ltr'>ipsius</span> <span class='ocrx_word' id='word_1_47' title='bbox 1419 1076 1514 1160; x_wconf 88' lang='lat' dir='ltr'>pacis</span> 
     </span>
     <span class='ocr_line' id='line_1_8' title="bbox 382 1183 1517 1271; baseline -0.003 -21"><span class='ocrx_word' id='word_1_48' title='bbox 382 1193 553 1267; x_wconf 84' lang='lat' dir='ltr'>contenta3</span> <span class='ocrx_word' id='word_1_49' title='bbox 575 1194 608 1251; x_wconf 91' lang='lat' dir='ltr'>et</span> <span class='ocrx_word' id='word_1_50' title='bbox 618 1186 780 1252; x_wconf 86' lang='lat' dir='ltr'>viceversa</span> <span class='ocrx_word' id='word_1_51' title='bbox 791 1187 919 1271; x_wconf 84' lang='lat' dir='ltr'>prefate</span> <span class='ocrx_word' id='word_1_52' title='bbox 930 1186 1145 1253; x_wconf 88' lang='lat' dir='ltr'>Serenissime</span> <span class='ocrx_word' id='word_1_53' title='bbox 1154 1187 1315 1252; x_wconf 83' lang='lat' dir='ltr'>Maiestas</span> <span class='ocrx_word' id='word_1_54' title='bbox 1326 1183 1517 1267; x_wconf 88' lang='lat' dir='ltr'>Hungarie,</span> 
     </span>
     <span class='ocr_line' id='line_1_9' title="bbox 383 1291 1516 1378; baseline -0.001 -22"><span class='ocrx_word' id='word_1_55' title='bbox 383 1299 416 1356; x_wconf 89' lang='lat' dir='ltr'>et</span> <span class='ocrx_word' id='word_1_56' title='bbox 434 1292 553 1376; x_wconf 83' lang='lat' dir='ltr'>singuli</span> <span class='ocrx_word' id='word_1_57' title='bbox 569 1294 640 1378; x_wconf 88' lang='lat' dir='ltr'>ejus</span> <span class='ocrx_word' id='word_1_58' title='bbox 657 1295 690 1359; x_wconf 93' lang='lat' dir='ltr'>in</span> <span class='ocrx_word' id='word_1_59' title='bbox 707 1302 874 1378; x_wconf 87' lang='lat' dir='ltr'>posterum</span> <span class='ocrx_word' id='word_1_60' title='bbox 890 1315 1088 1360; x_wconf 81' lang='lat' dir='ltr'>successores</span> <span class='ocrx_word' id='word_1_61' title='bbox 1105 1295 1254 1360; x_wconf 85' lang='lat' dir='ltr'>similiter</span> <span class='ocrx_word' id='word_1_62' title='bbox 1269 1301 1451 1360; x_wconf 88' lang='lat' dir='ltr'>teneantur</span> <span class='ocrx_word' id='word_1_63' title='bbox 1477 1291 1516 1356; x_wconf 91' lang='lat' dir='ltr'>de</span> 
     </span>
     <span class='ocr_line' id='line_1_10' title="bbox 383 1400 1515 1487; baseline 0.002 -24"><span class='ocrx_word' id='word_1_64' title='bbox 383 1400 597 1466; x_wconf 82' lang='lat' dir='ltr'>observancia</span> <span class='ocrx_word' id='word_1_65' title='bbox 612 1404 717 1467; x_wconf 89' lang='lat' dir='ltr'>tocius</span> <span class='ocrx_word' id='word_1_66' title='bbox 733 1403 821 1484; x_wconf 89' lang='lat' dir='ltr'>pacis</span> <span class='ocrx_word' id='word_1_67' title='bbox 837 1402 984 1487; x_wconf 91' lang='lat' dir='ltr'>predicte</span> <span class='ocrx_word' id='word_1_68' title='bbox 1000 1409 1033 1468; x_wconf 93' lang='lat' dir='ltr'>et</span> <span class='ocrx_word' id='word_1_69' title='bbox 1057 1403 1301 1484; x_wconf 86' lang='lat' dir='ltr'>transaocionis,</span> <span class='ocrx_word' id='word_1_70' title='bbox 1317 1409 1349 1467; x_wconf 89' lang='lat' dir='ltr'>et</span> <span class='ocrx_word' id='word_1_71' title='bbox 1365 1402 1515 1465; x_wconf 91' lang='lat' dir='ltr'>omnium</span> 
     </span>
     <span class='ocr_line' id='line_1_11' title="bbox 383 1509 1517 1595; baseline 0 -22"><span class='ocrx_word' id='word_1_72' title='bbox 383 1515 612 1574; x_wconf 89' lang='lat' dir='ltr'>contentorum</span> <span class='ocrx_word' id='word_1_73' title='bbox 628 1513 660 1574; x_wconf 91' lang='lat' dir='ltr'>in</span> <span class='ocrx_word' id='word_1_74' title='bbox 678 1533 717 1576; x_wconf 88' lang='lat' dir='ltr'>ea</span> <span class='ocrx_word' id='word_1_75' title='bbox 733 1511 948 1594; x_wconf 87' lang='lat' dir='ltr'>corporaliter</span> <span class='ocrx_word' id='word_1_76' title='bbox 961 1512 1074 1595; x_wconf 83' lang='lat' dir='ltr'>jurare</span> <span class='ocrx_word' id='word_1_77' title='bbox 1084 1532 1143 1595; x_wconf 92' lang='lat' dir='ltr'>pro</span> <span class='ocrx_word' id='word_1_78' title='bbox 1153 1511 1296 1594; x_wconf 89' lang='lat' dir='ltr'>quolibet</span> <span class='ocrx_word' id='word_1_79' title='bbox 1307 1509 1403 1593; x_wconf 86' lang='lat' dir='ltr'>Rege</span> <span class='ocrx_word' id='word_1_80' title='bbox 1414 1509 1517 1574; x_wconf 89' lang='lat' dir='ltr'>semel</span> 
     </span>
     <span class='ocr_line' id='line_1_12' title="bbox 383 1615 1519 1700; baseline 0.001 -21"><span class='ocrx_word' id='word_1_81' title='bbox 383 1621 521 1680; x_wconf 90' lang='lat' dir='ltr'>tantum.</span> <span class='ocrx_word' id='word_1_82' title='bbox 538 1615 667 1682; x_wconf 91' lang='lat' dir='ltr'>Idcirco</span> <span class='ocrx_word' id='word_1_83' title='bbox 686 1615 901 1684; x_wconf 85' lang='lat' dir='ltr'>Serenissime</span> <span class='ocrx_word' id='word_1_84' title='bbox 917 1626 949 1684; x_wconf 90' lang='lat' dir='ltr'>et</span> <span class='ocrx_word' id='word_1_85' title='bbox 965 1619 1243 1685; x_wconf 86' lang='lat' dir='ltr'>Excellentissime</span> <span class='ocrx_word' id='word_1_86' title='bbox 1259 1617 1447 1700; x_wconf 83' lang='lat' dir='ltr'>Principes,</span> <span class='ocrx_word' id='word_1_87' title='bbox 1466 1615 1519 1680; x_wconf 92' lang='lat' dir='ltr'>do-</span> 
     </span>
     <span class='ocr_line' id='line_1_13' title="bbox 383 1721 1520 1809; baseline 0.001 -23"><span class='ocrx_word' id='word_1_88' title='bbox 383 1723 471 1789; x_wconf 93' lang='lat' dir='ltr'>mina</span> <span class='ocrx_word' id='word_1_89' title='bbox 487 1723 597 1790; x_wconf 88' lang='lat' dir='ltr'>Maria</span> <span class='ocrx_word' id='word_1_90' title='bbox 614 1723 678 1788; x_wconf 92' lang='lat' dir='ltr'>Dei</span> <span class='ocrx_word' id='word_1_91' title='bbox 695 1727 808 1808; x_wconf 85' lang='lat' dir='ltr'>gracia</span> <span class='ocrx_word' id='word_1_92' title='bbox 825 1725 1144 1809; x_wconf 86' lang='lat' dir='ltr'>ReginaHungerie,</span> <span class='ocrx_word' id='word_1_93' title='bbox 1161 1725 1339 1804; x_wconf 86' lang='lat' dir='ltr'>Dalmacie,</span> <span class='ocrx_word' id='word_1_94' title='bbox 1350 1721 1520 1790; x_wconf 82' lang='lat' dir='ltr'>Ghroacie</span> 
     </span>
     <span class='ocr_line' id='line_1_14' title="bbox 383 1831 1519 1918; baseline 0.001 -23"><span class='ocrx_word' id='word_1_95' title='bbox 383 1838 452 1911; x_wconf 84' lang='lat' dir='ltr'>etc,</span> <span class='ocrx_word' id='word_1_96' title='bbox 469 1838 502 1897; x_wconf 89' lang='lat' dir='ltr'>et</span> <span class='ocrx_word' id='word_1_97' title='bbox 517 1831 650 1898; x_wconf 86' lang='lat' dir='ltr'>domina</span> <span class='ocrx_word' id='word_1_98' title='bbox 666 1833 838 1898; x_wconf 80' lang='lat' dir='ltr'>Elisabeth</span> <span class='ocrx_word' id='word_1_99' title='bbox 854 1834 966 1899; x_wconf 88' lang='lat' dir='ltr'>eadem</span> <span class='ocrx_word' id='word_1_100' title='bbox 984 1831 1048 1898; x_wconf 91' lang='lat' dir='ltr'>Dei</span> <span class='ocrx_word' id='word_1_101' title='bbox 1065 1833 1313 1918; x_wconf 84' lang='lat' dir='ltr'>graciaRegina</span> <span class='ocrx_word' id='word_1_102' title='bbox 1328 1832 1519 1915; x_wconf 78' lang='lat' dir='ltr'>Hungarie,</span> 
     </span>
     <span class='ocr_line' id='line_1_15' title="bbox 383 1940 1519 2024; baseline -0.001 -18"><span class='ocrx_word' id='word_1_103' title='bbox 383 1940 529 2020; x_wconf 88' lang='lat' dir='ltr'>Polonic‚</span> <span class='ocrx_word' id='word_1_104' title='bbox 544 1941 713 2007; x_wconf 84' lang='lat' dir='ltr'>Dalmacie</span> <span class='ocrx_word' id='word_1_105' title='bbox 730 1947 789 2007; x_wconf 87' lang='lat' dir='ltr'>etc.</span> <span class='ocrx_word' id='word_1_106' title='bbox 806 1943 948 2007; x_wconf 80' lang='lat' dir='ltr'>volentes</span> <span class='ocrx_word' id='word_1_107' title='bbox 964 1951 997 2008; x_wconf 87' lang='lat' dir='ltr'>et</span> <span class='ocrx_word' id='word_1_108' title='bbox 1013 1943 1215 2008; x_wconf 89' lang='lat' dir='ltr'>intendentes</span> <span class='ocrx_word' id='word_1_109' title='bbox 1241 1942 1361 2007; x_wconf 81' lang='lat' dir='ltr'>dictam</span> <span class='ocrx_word' id='word_1_110' title='bbox 1390 1963 1519 2024; x_wconf 86' lang='lat' dir='ltr'>pacem,</span> 
     </span>
    </p>

    <p class='ocr_par' dir='ltr' id='par_1_3' title="bbox 301 2048 1588 4620">
     <span class='ocr_line' id='line_1_16' title="bbox 385 2048 1520 2134; baseline -0.001 -22"><span class='ocrx_word' id='word_1_111' title='bbox 385 2055 418 2112; x_wconf 90' lang='lat' dir='ltr'>et</span> <span class='ocrx_word' id='word_1_112' title='bbox 436 2048 544 2112; x_wconf 85' lang='lat' dir='ltr'>omnin</span> <span class='ocrx_word' id='word_1_113' title='bbox 560 2055 593 2113; x_wconf 88' lang='lat' dir='ltr'>et</span> <span class='ocrx_word' id='word_1_114' title='bbox 610 2049 738 2132; x_wconf 83' lang='lat' dir='ltr'>singula</span> <span class='ocrx_word' id='word_1_115' title='bbox 754 2050 788 2113; x_wconf 90' lang='lat' dir='ltr'>in</span> <span class='ocrx_word' id='word_1_116' title='bbox 805 2049 1023 2116; x_wconf 90' lang='lat' dir='ltr'>instrumento</span> <span class='ocrx_word' id='word_1_117' title='bbox 1039 2051 1141 2133; x_wconf 91' lang='lat' dir='ltr'>ipsius</span> <span class='ocrx_word' id='word_1_118' title='bbox 1160 2050 1250 2134; x_wconf 87' lang='lat' dir='ltr'>pacis</span> <span class='ocrx_word' id='word_1_119' title='bbox 1274 2055 1432 2118; x_wconf 88' lang='lat' dir='ltr'>contenta</span> <span class='ocrx_word' id='word_1_120' title='bbox 1451 2051 1520 2131; x_wconf 82' lang='lat' dir='ltr'>ple</span> 
     </span>
     <span class='ocr_line' id='line_1_17' title="bbox 304 2141 1520 2241; baseline 0.002 -24"><span class='ocrx_word' id='word_1_121' title='bbox 304 2141 307 2148; x_wconf 46' lang='lat'><em>¹</em></span> <span class='ocrx_word' id='word_1_122' title='bbox 384 2153 517 2218; x_wconf 91' lang='lat' dir='ltr'>nissime</span> <span class='ocrx_word' id='word_1_123' title='bbox 548 2161 582 2218; x_wconf 94' lang='lat' dir='ltr'>et</span> <span class='ocrx_word' id='word_1_124' title='bbox 605 2153 836 2220; x_wconf 84' lang='lat' dir='ltr'>inviolabiliter</span> <span class='ocrx_word' id='word_1_125' title='bbox 861 2155 1046 2226; x_wconf 81' lang='lat' dir='ltr'>observare.</span> <span class='ocrx_word' id='word_1_126' title='bbox 1072 2162 1243 2241; x_wconf 89' lang='lat' dir='ltr'>sequentes</span> <span class='ocrx_word' id='word_1_127' title='bbox 1267 2154 1410 2240; x_wconf 77' lang='lat' dir='ltr'>formam</span> <span class='ocrx_word' id='word_1_128' title='bbox 1437 2153 1520 2222; x_wconf 84' lang='lat' dir='ltr'>dicti</span> 
     </span>
     <span class='ocr_line' id='line_1_18' title="bbox 386 2260 1521 2348; baseline -0.001 -21"><span class='ocrx_word' id='word_1_129' title='bbox 386 2260 521 2345; x_wconf 90' lang='lat' dir='ltr'>capituli</span> <span class='ocrx_word' id='word_1_130' title='bbox 538 2261 577 2325; x_wconf 90' lang='lat' dir='ltr'>de</span> <span class='ocrx_word' id='word_1_131' title='bbox 593 2260 681 2327; x_wconf 90' lang='lat' dir='ltr'>dicto</span> <span class='ocrx_word' id='word_1_132' title='bbox 695 2261 881 2346; x_wconf 87' lang='lat' dir='ltr'>juramento</span> <span class='ocrx_word' id='word_1_133' title='bbox 898 2262 1086 2346; x_wconf 84' lang='lat' dir='ltr'>prestando,</span> <span class='ocrx_word' id='word_1_134' title='bbox 1102 2265 1135 2328; x_wconf 93' lang='lat' dir='ltr'>in</span> <span class='ocrx_word' id='word_1_135' title='bbox 1151 2263 1320 2348; x_wconf 89' lang='lat' dir='ltr'>presencia</span> <span class='ocrx_word' id='word_1_136' title='bbox 1345 2267 1379 2325; x_wconf 89' lang='lat' dir='ltr'>et</span> <span class='ocrx_word' id='word_1_137' title='bbox 1405 2262 1452 2326; x_wconf 85' lang='lat' dir='ltr'>ad</span> <span class='ocrx_word' id='word_1_138' title='bbox 1471 2285 1521 2326; x_wconf 87' lang='lat' dir='ltr'>re-</span> 
     </span>
     <span class='ocr_line' id='line_1_19' title="bbox 386 2367 1521 2454; baseline 0 -19"><span class='ocrx_word' id='word_1_139' title='bbox 386 2369 599 2454; x_wconf 89' lang='lat' dir='ltr'>quisicionem</span> <span class='ocrx_word' id='word_1_140' title='bbox 613 2371 737 2453; x_wconf 85' lang='lat' dir='ltr'>egregii</span> <span class='ocrx_word' id='word_1_141' title='bbox 754 2379 785 2434; x_wconf 90' lang='lat' dir='ltr'>et</span> <span class='ocrx_word' id='word_1_142' title='bbox 800 2373 950 2454; x_wconf 88' lang='lat' dir='ltr'>generosi</span> <span class='ocrx_word' id='word_1_143' title='bbox 966 2372 1027 2436; x_wconf 89' lang='lat' dir='ltr'>viri</span> <span class='ocrx_word' id='word_1_144' title='bbox 1044 2372 1164 2437; x_wconf 90' lang='lat' dir='ltr'>domini</span> <span class='ocrx_word' id='word_1_145' title='bbox 1184 2371 1342 2438; x_wconf 86' lang='lat' dir='ltr'>Saraceni</span> <span class='ocrx_word' id='word_1_146' title='bbox 1357 2367 1521 2435; x_wconf 82' lang='lat' dir='ltr'>Dandulo</span> 
     </span>
     <span class='ocr_line' id='line_1_20' title="bbox 386 2467 1521 2564; baseline 0.004 -24"><span class='ocrx_word' id='word_1_147' title='bbox 386 2467 620 2561; x_wconf 85' lang='lat' dir='ltr'>procuratoris,</span> <span class='ocrx_word' id='word_1_148' title='bbox 630 2475 891 2560; x_wconf 84' lang='lat' dir='ltr'>Ambaxiatoris,</span> <span class='ocrx_word' id='word_1_149' title='bbox 902 2486 934 2544; x_wconf 91' lang='lat' dir='ltr'>et</span> <span class='ocrx_word' id='word_1_150' title='bbox 945 2478 1079 2564; x_wconf 86' lang='lat' dir='ltr'>Syndioi</span> <span class='ocrx_word' id='word_1_151' title='bbox 1089 2478 1233 2545; x_wconf 90' lang='lat' dir='ltr'>Illustris</span> <span class='ocrx_word' id='word_1_152' title='bbox 1250 2485 1283 2545; x_wconf 88' lang='lat' dir='ltr'>et</span> <span class='ocrx_word' id='word_1_153' title='bbox 1299 2478 1433 2546; x_wconf 80' lang='lat' dir='ltr'>Excelsi</span> <span class='ocrx_word' id='word_1_154' title='bbox 1453 2479 1521 2544; x_wconf 82' lang='lat' dir='ltr'>Do</span> 
     </span>
     <span class='ocr_line' id='line_1_21' title="bbox 385 2582 1523 2666; baseline 0.004 -18"><span class='ocrx_word' id='word_1_155' title='bbox 385 2583 463 2648; x_wconf 92' lang='lat' dir='ltr'>mini</span> <span class='ocrx_word' id='word_1_156' title='bbox 480 2583 602 2648; x_wconf 90' lang='lat' dir='ltr'>domini</span> <span class='ocrx_word' id='word_1_157' title='bbox 619 2582 756 2650; x_wconf 85' lang='lat' dir='ltr'>Antonii</span> <span class='ocrx_word' id='word_1_158' title='bbox 773 2585 916 2653; x_wconf 87' lang='lat' dir='ltr'>Venerio</span> <span class='ocrx_word' id='word_1_159' title='bbox 934 2588 1047 2654; x_wconf 90' lang='lat' dir='ltr'>Incliti</span> <span class='ocrx_word' id='word_1_160' title='bbox 1057 2589 1158 2653; x_wconf 90' lang='lat' dir='ltr'>Ducis</span> <span class='ocrx_word' id='word_1_161' title='bbox 1169 2587 1388 2656; x_wconf 84' lang='lat' dir='ltr'>Veneciarum</span> <span class='ocrx_word' id='word_1_162' title='bbox 1400 2594 1477 2666; x_wconf 75' lang='lat' dir='ltr'>ete,</span> <span class='ocrx_word' id='word_1_163' title='bbox 1490 2594 1523 2652; x_wconf 84' lang='lat' dir='ltr'>et</span> 
     </span>
     <span class='ocr_line' id='line_1_22' title="bbox 386 2689 1523 2776; baseline 0.004 -20"><span class='ocrx_word' id='word_1_164' title='bbox 386 2689 604 2757; x_wconf 78' lang='lat' dir='ltr'>Consiliorum</span> <span class='ocrx_word' id='word_1_165' title='bbox 621 2715 752 2758; x_wconf 88' lang='lat' dir='ltr'>snorum</span> <span class='ocrx_word' id='word_1_166' title='bbox 762 2701 862 2776; x_wconf 85' lang='lat' dir='ltr'>atque</span> <span class='ocrx_word' id='word_1_167' title='bbox 872 2697 975 2762; x_wconf 88' lang='lat' dir='ltr'>tocius</span> <span class='ocrx_word' id='word_1_168' title='bbox 986 2697 1173 2763; x_wconf 80' lang='lat' dir='ltr'>Communis</span> <span class='ocrx_word' id='word_1_169' title='bbox 1183 2696 1404 2764; x_wconf 89' lang='lat' dir='ltr'>Veneciarum</span> <span class='ocrx_word' id='word_1_170' title='bbox 1414 2695 1463 2760; x_wconf 85' lang='lat' dir='ltr'>ed</span> <span class='ocrx_word' id='word_1_171' title='bbox 1474 2695 1523 2759; x_wconf 90' lang='lat' dir='ltr'>in·</span> 
     </span>
     <span class='ocr_line' id='line_1_23' title="bbox 386 2799 1522 2887; baseline 0.004 -24"><span class='ocrx_word' id='word_1_172' title='bbox 386 2799 560 2882; x_wconf 80' lang='lat' dir='ltr'>trascripta</span> <span class='ocrx_word' id='word_1_173' title='bbox 571 2800 758 2884; x_wconf 88' lang='lat' dir='ltr'>specialiter</span> <span class='ocrx_word' id='word_1_174' title='bbox 769 2809 803 2866; x_wconf 92' lang='lat' dir='ltr'>et</span> <span class='ocrx_word' id='word_1_175' title='bbox 812 2801 1001 2868; x_wconf 89' lang='lat' dir='ltr'>solemniter</span> <span class='ocrx_word' id='word_1_176' title='bbox 1017 2804 1196 2886; x_wconf 89' lang='lat' dir='ltr'>constituti,</span> <span class='ocrx_word' id='word_1_177' title='bbox 1205 2809 1242 2868; x_wconf 91' lang='lat' dir='ltr'>ut</span> <span class='ocrx_word' id='word_1_178' title='bbox 1258 2808 1389 2868; x_wconf 87' lang='lat' dir='ltr'>constat</span> <span class='ocrx_word' id='word_1_179' title='bbox 1406 2803 1522 2887; x_wconf 79' lang='lat' dir='ltr'>plena·</span> 
     </span>
     <span class='ocr_line' id='line_1_24' title="bbox 387 2907 1521 2996; baseline 0.005 -26"><span class='ocrx_word' id='word_1_180' title='bbox 387 2907 435 2972; x_wconf 89' lang='lat' dir='ltr'>rie</span> <span class='ocrx_word' id='word_1_181' title='bbox 444 2908 660 2974; x_wconf 90' lang='lat' dir='ltr'>instrumento</span> <span class='ocrx_word' id='word_1_182' title='bbox 672 2908 711 2975; x_wconf 91' lang='lat' dir='ltr'>de</span> <span class='ocrx_word' id='word_1_183' title='bbox 721 2908 901 2993; x_wconf 83' lang='lat' dir='ltr'>Syndicatu</span> <span class='ocrx_word' id='word_1_184' title='bbox 911 2913 980 2996; x_wconf 88' lang='lat' dir='ltr'>ejus</span> <span class='ocrx_word' id='word_1_185' title='bbox 991 2912 1111 2995; x_wconf 88' lang='lat' dir='ltr'>scripto</span> <span class='ocrx_word' id='word_1_186' title='bbox 1122 2912 1210 2994; x_wconf 87' lang='lat' dir='ltr'>perJ</span> <span class='ocrx_word' id='word_1_187' title='bbox 1211 2911 1521 2977; x_wconf 85' lang='lat' dir='ltr'>ohannemPlume·</span> 
     </span>
     <span class='ocr_line' id='line_1_25' title="bbox 386 3013 1521 3104; baseline 0.004 -24"><span class='ocrx_word' id='word_1_188' title='bbox 386 3013 548 3082; x_wconf 91' lang='lat' dir='ltr'>oiofilium</span> <span class='ocrx_word' id='word_1_189' title='bbox 564 3037 616 3080; x_wconf 87' lang='lat' dir='ltr'>ser</span> <span class='ocrx_word' id='word_1_190' title='bbox 632 3017 779 3082; x_wconf 88' lang='lat' dir='ltr'>Bertncii</span> <span class='ocrx_word' id='word_1_191' title='bbox 795 3017 836 3081; x_wconf 91' lang='lat' dir='ltr'>de</span> <span class='ocrx_word' id='word_1_192' title='bbox 848 3018 1001 3085; x_wconf 88' lang='lat' dir='ltr'>Veneciis</span> <span class='ocrx_word' id='word_1_193' title='bbox 1013 3018 1184 3084; x_wconf 91' lang='lat' dir='ltr'>Publionm</span> <span class='ocrx_word' id='word_1_194' title='bbox 1195 3018 1363 3104; x_wconf 83' lang='lat' dir='ltr'>Imperiali</span> <span class='ocrx_word' id='word_1_195' title='bbox 1373 3019 1521 3084; x_wconf 87' lang='lat' dir='ltr'>auctori·</span> 
     </span>
     <span class='ocr_line' id='line_1_26' title="bbox 385 3121 1522 3194; baseline 0.003 -5"><span class='ocrx_word' id='word_1_196' title='bbox 385 3131 457 3189; x_wconf 91' lang='lat' dir='ltr'>tate</span> <span class='ocrx_word' id='word_1_197' title='bbox 467 3121 639 3192; x_wconf 82' lang='lat' dir='ltr'>Notarium</span> <span class='ocrx_word' id='word_1_198' title='bbox 656 3131 688 3189; x_wconf 91' lang='lat' dir='ltr'>et</span> <span class='ocrx_word' id='word_1_199' title='bbox 707 3125 853 3191; x_wconf 87' lang='lat' dir='ltr'>Ducatus</span> <span class='ocrx_word' id='word_1_200' title='bbox 870 3126 1086 3194; x_wconf 88' lang='lat' dir='ltr'>Veneciarum</span> <span class='ocrx_word' id='word_1_201' title='bbox 1102 3125 1252 3192; x_wconf 79' lang='lat' dir='ltr'>Scribam</span> <span class='ocrx_word' id='word_1_202' title='bbox 1275 3126 1334 3192; x_wconf 90' lang='lat' dir='ltr'>sub</span> <span class='ocrx_word' id='word_1_203' title='bbox 1351 3147 1438 3190; x_wconf 83' lang='lat' dir='ltr'>anno</span> <span class='ocrx_word' id='word_1_204' title='bbox 1451 3124 1522 3192; x_wconf 92' lang='lat' dir='ltr'>Do·</span> 
     </span>
     <span class='ocr_line' id='line_1_27' title="bbox 386 3231 1523 3318; baseline 0.004 -22"><span class='ocrx_word' id='word_1_205' title='bbox 386 3233 466 3296; x_wconf 92' lang='lat' dir='ltr'>mini</span> <span class='ocrx_word' id='word_1_206' title='bbox 478 3231 650 3297; x_wconf 90' lang='lat' dir='ltr'>millesimo</span> <span class='ocrx_word' id='word_1_207' title='bbox 659 3235 884 3299; x_wconf 88' lang='lat' dir='ltr'>tercentesimo</span> <span class='ocrx_word' id='word_1_208' title='bbox 895 3235 1113 3318; x_wconf 85' lang='lat' dir='ltr'>octuagesimo</span> <span class='ocrx_word' id='word_1_209' title='bbox 1123 3237 1235 3315; x_wconf 86' lang='lat' dir='ltr'>tercie,</span> <span class='ocrx_word' id='word_1_210' title='bbox 1250 3234 1432 3300; x_wconf 89' lang='lat' dir='ltr'>indiccione</span> <span class='ocrx_word' id='word_1_211' title='bbox 1450 3255 1523 3300; x_wconf 85' lang='lat' dir='ltr'>sex·</span> 
     </span>
     <span class='ocr_line' id='line_1_28' title="bbox 322 3339 1522 3428; baseline 0.003 -24"><span class='ocrx_word' id='word_1_212' title='bbox 322 3419 325 3427; x_wconf 32' lang='grc' dir='ltr'>Ι</span> <span class='ocrx_word' id='word_1_213' title='bbox 387 3345 432 3422; x_wconf 85' lang='lat' dir='ltr'>ta,</span> <span class='ocrx_word' id='word_1_214' title='bbox 441 3339 493 3404; x_wconf 91' lang='lat' dir='ltr'>dle</span> <span class='ocrx_word' id='word_1_215' title='bbox 503 3347 594 3406; x_wconf 86' lang='lat' dir='ltr'>sexto</span> <span class='ocrx_word' id='word_1_216' title='bbox 611 3341 728 3408; x_wconf 89' lang='lat' dir='ltr'>mensis</span> <span class='ocrx_word' id='word_1_217' title='bbox 737 3339 762 3406; x_wconf 85' lang='lat' dir='ltr'><strong>J</strong></span> <span class='ocrx_word' id='word_1_218' title='bbox 764 3341 831 3423; x_wconf 86' lang='lat' dir='ltr'>ulii,</span> <span class='ocrx_word' id='word_1_219' title='bbox 847 3363 867 3406; x_wconf 88' lang='lat' dir='ltr'>a</span> <span class='ocrx_word' id='word_1_220' title='bbox 883 3364 933 3408; x_wconf 89' lang='lat' dir='ltr'>me</span> <span class='ocrx_word' id='word_1_221' title='bbox 949 3342 1160 3427; x_wconf 86' lang='lat' dir='ltr'>infrascripto</span> <span class='ocrx_word' id='word_1_222' title='bbox 1172 3341 1390 3409; x_wconf 79' lang='lat' dir='ltr'>Notarioviso</span> <span class='ocrx_word' id='word_1_223' title='bbox 1401 3348 1435 3408; x_wconf 93' lang='lat' dir='ltr'>et</span> <span class='ocrx_word' id='word_1_224' title='bbox 1446 3365 1522 3428; x_wconf 89' lang='lat' dir='ltr'>per-</span> 
     </span>
     <span class='ocr_line' id='line_1_29' title="bbox 387 3445 1521 3533; baseline 0.004 -23"><span class='ocrx_word' id='word_1_225' title='bbox 387 3445 489 3524; x_wconf 75' lang='lat' dir='ltr'>lecto,</span> <span class='ocrx_word' id='word_1_226' title='bbox 507 3447 596 3530; x_wconf 88' lang='lat' dir='ltr'>cnjus</span> <span class='ocrx_word' id='word_1_227' title='bbox 613 3447 744 3529; x_wconf 92' lang='lat' dir='ltr'>quidem</span> <span class='ocrx_word' id='word_1_228' title='bbox 760 3448 947 3533; x_wconf 76' lang='lat' dir='ltr'>syndioetus</span> <span class='ocrx_word' id='word_1_229' title='bbox 963 3455 1057 3514; x_wconf 89' lang='lat' dir='ltr'>tenor</span> <span class='ocrx_word' id='word_1_230' title='bbox 1074 3470 1132 3533; x_wconf 91' lang='lat' dir='ltr'>per</span> <span class='ocrx_word' id='word_1_231' title='bbox 1157 3450 1266 3514; x_wconf 84' lang='lat' dir='ltr'>omnia</span> <span class='ocrx_word' id='word_1_232' title='bbox 1282 3469 1340 3532; x_wconf 92' lang='lat' dir='ltr'>per</span> <span class='ocrx_word' id='word_1_233' title='bbox 1350 3469 1402 3513; x_wconf 92' lang='lat' dir='ltr'>me</span> <span class='ocrx_word' id='word_1_234' title='bbox 1416 3449 1521 3514; x_wconf 78' lang='lat' dir='ltr'>infra-</span> 
     </span>
     <span class='ocr_line' id='line_1_30' title="bbox 388 3551 1522 3641; baseline 0.002 -23"><span class='ocrx_word' id='word_1_235' title='bbox 388 3553 547 3635; x_wconf 87' lang='lat' dir='ltr'>scriptum</span> <span class='ocrx_word' id='word_1_236' title='bbox 557 3551 731 3619; x_wconf 88' lang='lat' dir='ltr'>Notarium</span> <span class='ocrx_word' id='word_1_237' title='bbox 745 3563 795 3621; x_wconf 89' lang='lat' dir='ltr'>est</span> <span class='ocrx_word' id='word_1_238' title='bbox 806 3557 945 3641; x_wconf 88' lang='lat' dir='ltr'>scriptus</span> <span class='ocrx_word' id='word_1_239' title='bbox 954 3556 1090 3621; x_wconf 86' lang='lat' dir='ltr'>inferius</span> <span class='ocrx_word' id='word_1_240' title='bbox 1100 3561 1134 3622; x_wconf 91' lang='lat' dir='ltr'>et</span> <span class='ocrx_word' id='word_1_241' title='bbox 1141 3557 1290 3638; x_wconf 87' lang='lat' dir='ltr'>insertus,</span> <span class='ocrx_word' id='word_1_242' title='bbox 1301 3557 1522 3638; x_wconf 84' lang='lat' dir='ltr'>corporaliter</span> 
     </span>
     <span class='ocr_line' id='line_1_31' title="bbox 388 3661 1521 3748; baseline 0.003 -22"><span class='ocrx_word' id='word_1_243' title='bbox 388 3663 486 3727; x_wconf 90' lang='lat' dir='ltr'>tactis</span> <span class='ocrx_word' id='word_1_244' title='bbox 503 3662 673 3746; x_wconf 91' lang='lat' dir='ltr'>scripturis</span> <span class='ocrx_word' id='word_1_245' title='bbox 687 3664 880 3747; x_wconf 82' lang='lat' dir='ltr'>juraverunt</span> <span class='ocrx_word' id='word_1_246' title='bbox 905 3665 948 3730; x_wconf 86' lang='lat' dir='ltr'>ad</span> <span class='ocrx_word' id='word_1_247' title='bbox 965 3661 1091 3730; x_wconf 87' lang='lat' dir='ltr'>Sancta</span> <span class='ocrx_word' id='word_1_248' title='bbox 1114 3663 1179 3730; x_wconf 92' lang='lat' dir='ltr'>Dei</span> <span class='ocrx_word' id='word_1_249' title='bbox 1204 3663 1385 3748; x_wconf 78' lang='lat' dir='ltr'>Evangelia</span> <span class='ocrx_word' id='word_1_250' title='bbox 1412 3665 1521 3748; x_wconf 87' lang='lat' dir='ltr'>predi·</span> 
     </span>
     <span class='ocr_line' id='line_1_32' title="bbox 301 3771 1520 3856; baseline 0.004 -24"><span class='ocrx_word' id='word_1_251' title='bbox 301 3785 303 3789; x_wconf 90' lang='grc'><strong><em>·</em></strong></span> <span class='ocrx_word' id='word_1_252' title='bbox 389 3775 474 3834; x_wconf 87' lang='lat' dir='ltr'>otem</span> <span class='ocrx_word' id='word_1_253' title='bbox 490 3790 604 3852; x_wconf 88' lang='lat' dir='ltr'>pacem</span> <span class='ocrx_word' id='word_1_254' title='bbox 620 3778 653 3834; x_wconf 91' lang='lat' dir='ltr'>et</span> <span class='ocrx_word' id='word_1_255' title='bbox 668 3771 776 3835; x_wconf 89' lang='lat' dir='ltr'>omnia</span> <span class='ocrx_word' id='word_1_256' title='bbox 793 3778 827 3836; x_wconf 90' lang='lat' dir='ltr'>et</span> <span class='ocrx_word' id='word_1_257' title='bbox 842 3771 972 3855; x_wconf 89' lang='lat' dir='ltr'>singule</span> <span class='ocrx_word' id='word_1_258' title='bbox 988 3771 1142 3856; x_wconf 81' lang='lat' dir='ltr'>capitulo,</span> <span class='ocrx_word' id='word_1_259' title='bbox 1159 3778 1265 3855; x_wconf 85' lang='lat' dir='ltr'>pactu,</span> <span class='ocrx_word' id='word_1_260' title='bbox 1283 3777 1316 3835; x_wconf 91' lang='lat' dir='ltr'>et</span> <span class='ocrx_word' id='word_1_261' title='bbox 1332 3773 1520 3837; x_wconf 81' lang='lat' dir='ltr'>convencio-</span> 
     </span>
     <span class='ocr_line' id='line_1_33' title="bbox 389 3877 1519 3964; baseline 0.004 -24"><span class='ocrx_word' id='word_1_262' title='bbox 389 3899 446 3941; x_wconf 90' lang='lat' dir='ltr'>nes</span> <span class='ocrx_word' id='word_1_263' title='bbox 462 3897 501 3942; x_wconf 88' lang='lat' dir='ltr'>ao</span> <span class='ocrx_word' id='word_1_264' title='bbox 517 3877 729 3959; x_wconf 88' lang='lat' dir='ltr'>remissiones,</span> <span class='ocrx_word' id='word_1_265' title='bbox 746 3885 777 3942; x_wconf 85' lang='lat' dir='ltr'>et</span> <span class='ocrx_word' id='word_1_266' title='bbox 795 3880 904 3944; x_wconf 91' lang='lat' dir='ltr'>omnia</span> <span class='ocrx_word' id='word_1_267' title='bbox 920 3887 953 3944; x_wconf 90' lang='lat' dir='ltr'>et</span> <span class='ocrx_word' id='word_1_268' title='bbox 969 3880 1098 3964; x_wconf 85' lang='lat' dir='ltr'>singula</span> <span class='ocrx_word' id='word_1_269' title='bbox 1122 3881 1153 3944; x_wconf 92' lang='lat' dir='ltr'>in</span> <span class='ocrx_word' id='word_1_270' title='bbox 1180 3880 1408 3945; x_wconf 87' lang='lat' dir='ltr'>instrumentis</span> <span class='ocrx_word' id='word_1_271' title='bbox 1433 3879 1519 3945; x_wconf 87' lang='lat' dir='ltr'>dicte</span> 
     </span>
     <span class='ocr_line' id='line_1_34' title="bbox 389 3986 1519 4070; baseline 0.002 -19"><span class='ocrx_word' id='word_1_272' title='bbox 389 3986 479 4070; x_wconf 88' lang='lat' dir='ltr'>pacis</span> <span class='ocrx_word' id='word_1_273' title='bbox 495 3990 660 4064; x_wconf 91' lang='lat' dir='ltr'>contenta,</span> <span class='ocrx_word' id='word_1_274' title='bbox 676 3986 847 4052; x_wconf 88' lang='lat' dir='ltr'>attendere</span> <span class='ocrx_word' id='word_1_275' title='bbox 862 3992 895 4051; x_wconf 90' lang='lat' dir='ltr'>et</span> <span class='ocrx_word' id='word_1_276' title='bbox 911 3986 1095 4066; x_wconf 85' lang='lat' dir='ltr'>observare,</span> <span class='ocrx_word' id='word_1_277' title='bbox 1114 4009 1153 4053; x_wconf 87' lang='lat' dir='ltr'>ac</span> <span class='ocrx_word' id='word_1_278' title='bbox 1171 3987 1297 4053; x_wconf 87' lang='lat' dir='ltr'>attendi</span> <span class='ocrx_word' id='word_1_279' title='bbox 1307 3996 1341 4053; x_wconf 89' lang='lat' dir='ltr'>et</span> <span class='ocrx_word' id='word_1_280' title='bbox 1351 3987 1519 4053; x_wconf 78' lang='lat' dir='ltr'>observari</span> 
     </span>
     <span class='ocr_line' id='line_1_35' title="bbox 392 4093 1520 4179; baseline 0.004 -22"><span class='ocrx_word' id='word_1_281' title='bbox 392 4093 509 4172; x_wconf 82' lang='lat' dir='ltr'>facere,</span> <span class='ocrx_word' id='word_1_282' title='bbox 526 4094 649 4174; x_wconf 83' lang='lat' dir='ltr'>ubsque</span> <span class='ocrx_word' id='word_1_283' title='bbox 666 4094 856 4177; x_wconf 86' lang='lat' dir='ltr'>excepcione</span> <span class='ocrx_word' id='word_1_284' title='bbox 872 4094 922 4159; x_wconf 88' lang='lat' dir='ltr'>vol</span> <span class='ocrx_word' id='word_1_285' title='bbox 937 4093 1022 4178; x_wconf 89' lang='lat' dir='ltr'>dolo,</span> <span class='ocrx_word' id='word_1_286' title='bbox 1038 4095 1071 4159; x_wconf 91' lang='lat' dir='ltr'>in</span> <span class='ocrx_word' id='word_1_287' title='bbox 1088 4101 1220 4178; x_wconf 81' lang='lat' dir='ltr'>penset</span> <span class='ocrx_word' id='word_1_288' title='bbox 1246 4095 1306 4161; x_wconf 89' lang='lat' dir='ltr'>sub</span> <span class='ocrx_word' id='word_1_289' title='bbox 1333 4117 1419 4179; x_wconf 88' lang='lat' dir='ltr'>pena</span> <span class='ocrx_word' id='word_1_290' title='bbox 1449 4117 1520 4161; x_wconf 91' lang='lat' dir='ltr'>eon·</span> 
     </span>
     <span class='ocr_line' id='line_1_36' title="bbox 390 4199 1519 4286; baseline 0.003 -22"><span class='ocrx_word' id='word_1_291' title='bbox 390 4204 483 4264; x_wconf 88' lang='lat' dir='ltr'>tenta</span> <span class='ocrx_word' id='word_1_292' title='bbox 498 4199 531 4265; x_wconf 92' lang='lat' dir='ltr'>in</span> <span class='ocrx_word' id='word_1_293' title='bbox 548 4199 772 4264; x_wconf 86' lang='lat' dir='ltr'>contractibus</span> <span class='ocrx_word' id='word_1_294' title='bbox 788 4202 878 4284; x_wconf 89' lang='lat' dir='ltr'>pacis</span> <span class='ocrx_word' id='word_1_295' title='bbox 894 4201 1049 4284; x_wconf 90' lang='lat' dir='ltr'>predicte,</span> <span class='ocrx_word' id='word_1_296' title='bbox 1065 4209 1097 4265; x_wconf 89' lang='lat' dir='ltr'>ot</span> <span class='ocrx_word' id='word_1_297' title='bbox 1122 4201 1182 4266; x_wconf 90' lang='lat' dir='ltr'>sub</span> <span class='ocrx_word' id='word_1_298' title='bbox 1198 4202 1404 4286; x_wconf 86' lang='lat' dir='ltr'>obligacione</span> <span class='ocrx_word' id='word_1_299' title='bbox 1420 4203 1519 4268; x_wconf 89' lang='lat' dir='ltr'>bono·</span> 
     </span>
     <span class='ocr_line' id='line_1_37' title="bbox 389 4306 1518 4393; baseline 0.003 -20"><span class='ocrx_word' id='word_1_300' title='bbox 389 4330 461 4373; x_wconf 92' lang='lat' dir='ltr'>rum</span> <span class='ocrx_word' id='word_1_301' title='bbox 478 4308 619 4372; x_wconf 90' lang='lat' dir='ltr'>omnium</span> <span class='ocrx_word' id='word_1_302' title='bbox 651 4306 859 4390; x_wconf 87' lang='lat' dir='ltr'>Reginalium</span> <span class='ocrx_word' id='word_1_303' title='bbox 892 4310 1107 4393; x_wconf 87' lang='lat' dir='ltr'>Mnjestatum</span> <span class='ocrx_word' id='word_1_304' title='bbox 1125 4313 1446 4392; x_wconf 64' lang='lat' dir='ltr'>prenominatorum</span> <span class='ocrx_word' id='word_1_305' title='bbox 1473 4333 1518 4376; x_wconf 86' lang='lat' dir='ltr'>re·</span> 
     </span>
     <span class='ocr_line' id='line_1_38' title="bbox 391 4416 1588 4504; baseline 0.008 -25"><span class='ocrx_word' id='word_1_306' title='bbox 391 4416 581 4481; x_wconf 85' lang='lat' dir='ltr'>nunciantes</span> <span class='ocrx_word' id='word_1_307' title='bbox 598 4436 694 4499; x_wconf 92' lang='lat' dir='ltr'>super</span> <span class='ocrx_word' id='word_1_308' title='bbox 710 4416 860 4482; x_wconf 90' lang='lat' dir='ltr'>omnibus</span> <span class='ocrx_word' id='word_1_309' title='bbox 877 4423 909 4482; x_wconf 89' lang='lat' dir='ltr'>et</span> <span class='ocrx_word' id='word_1_310' title='bbox 926 4419 1062 4501; x_wconf 90' lang='lat' dir='ltr'>singulis</span> <span class='ocrx_word' id='word_1_311' title='bbox 1083 4420 1314 4503; x_wconf 88' lang='lat' dir='ltr'>suprascriptis</span> <span class='ocrx_word' id='word_1_312' title='bbox 1331 4420 1516 4504; x_wconf 85' lang='lat' dir='ltr'>excepcioni</span> <span class='ocrx_word' id='word_1_313' title='bbox 1587 4479 1588 4488; x_wconf 42' lang='lat'>2</span> 
     </span>
     <span class='ocr_line' id='line_1_39' title="bbox 392 4522 1588 4620; baseline 0.006 -32"><span class='ocrx_word' id='word_1_314' title='bbox 392 4522 461 4591; x_wconf 90' lang='lat' dir='ltr'>doli</span> <span class='ocrx_word' id='word_1_315' title='bbox 476 4523 553 4587; x_wconf 90' lang='lat' dir='ltr'>mali</span> <span class='ocrx_word' id='word_1_316' title='bbox 570 4523 652 4590; x_wconf 89' lang='lat' dir='ltr'>etin</span> <span class='ocrx_word' id='word_1_317' title='bbox 667 4522 798 4612; x_wconf 79' lang='lat' dir='ltr'>factum,</span> <span class='ocrx_word' id='word_1_318' title='bbox 823 4525 1021 4596; x_wconf 89' lang='lat' dir='ltr'>condiccioni</span> <span class='ocrx_word' id='word_1_319' title='bbox 1038 4526 1108 4595; x_wconf 89' lang='lat' dir='ltr'>sine</span> <span class='ocrx_word' id='word_1_320' title='bbox 1132 4547 1232 4596; x_wconf 82' lang='lat' dir='ltr'>censa</span> <span class='ocrx_word' id='word_1_321' title='bbox 1257 4527 1307 4593; x_wconf 88' lang='lat' dir='ltr'>vel</span> <span class='ocrx_word' id='word_1_322' title='bbox 1332 4549 1372 4597; x_wconf 83' lang='lat' dir='ltr'>ex</span> <span class='ocrx_word' id='word_1_323' title='bbox 1399 4529 1514 4620; x_wconf 82' lang='lat' dir='ltr'>injuste</span> <span class='ocrx_word' id='word_1_324' title='bbox 1587 4555 1588 4564; x_wconf 51' lang='lat'>2</span> 
     </span>
    </p>
   </div>
   <div class='ocr_carea' id='block_1_3' title="bbox 0 0 1608 5252">
    <p class='ocr_par' dir='ltr' id='par_1_4' title="bbox 0 0 1608 5252">
     <span class='ocr_line' id='line_1_40' title="bbox 0 0 1608 5252; baseline 0 0"><span class='ocrx_word' id='word_1_325' title='bbox 0 0 1608 5252; x_wconf 95' lang='lat' dir='ltr'> </span> 
     </span>
    </p>
   </div>
  </div>
 </body>
</html>
