3190 5252
420 353 485 419 466
676 360 679 368 “
774 370 1008 436 nrrnonrnczmr
1026 355 1192 417 nucinas.

420 541 538 615 torum,
554 532 687 600 Domini
713 533 919 599 millesimum
938 531 1200 599 trecentesimum
1217 528 1463 612 octuagesimum
1477 528 1531 588 ter·
1585 567 1586 570 κ

421 643 526 724 cinm;
552 642 630 707 item
657 641 788 706 residua
806 641 869 706 duo
895 641 999 706 millia
1015 646 1167 706 sexcenta
1183 638 1352 722 sexaginta
1368 657 1422 701 sex
1437 629 1532 697 duceri

421 757 455 816 et
481 750 543 815 due
568 750 668 814 tercie
695 750 734 813 de
753 749 872 814 ducato
889 771 948 833 pro
976 755 1070 832 parte
1097 747 1249 832 aliqualis
1276 744 1446 812 solucionis
1469 745 1531 804 sunt

420 879 506 923 anno
525 857 659 922 Domini
675 856 849 922 millesimo
866 857 1093 922 trecentesimo
1109 843 1329 938 octuagesimo
1346 855 1468 936 quarto.

530 963 637 1048 Quam
654 964 855 1030 oblacionem
873 965 945 1030 Rex
956 963 1104 1048 prelatus
1122 965 1229 1028 animo
1246 961 1393 1045 gratanti
1403 961 1532 1039 accepta·

423 1073 469 1139 rit
486 1079 519 1137 et
535 1077 695 1155 acceptat,
713 1078 745 1135 ct
762 1073 802 1136 de
819 1078 887 1137 tam
904 1071 1068 1137 amicabili
1086 1071 1254 1136 oblacione
1272 1069 1399 1133 domiuo
1415 1065 1495 1129 Duei
1508 1067 1533 1124 et

423 1179 656 1246 (lcmmunitati
671 1177 898 1260 Veneciarum,
910 1179 1023 1245 amicis
1040 1180 1115 1258 anic,
1131 1178 1232 1244 refert
1247 1176 1429 1260 graciarum
1444 1171 1534 1237 accio·

423 1309 489 1369 nec,
514 1287 691 1372 dispositus
717 1287 840 1354 eisdem
864 1294 958 1370 grate
983 1288 1123 1354 vicissim
1148 1289 1181 1351 in
1208 1286 1265 1369 his,
1291 1306 1352 1368 quc
1369 1280 1534 1348 amiciciam

422 1399 457 1458 et
472 1395 628 1460 honorem
645 1394 832 1477 respiciunt,
847 1396 1058 1479 complacere.

531 1503 575 1568 Et
594 1524 691 1586 super
707 1505 867 1585 promissa
883 1503 1062 1584 oblacione,
1079 1502 1232 1570 videlicet
1258 1499 1398 1568 sedecim
1412 1495 1535 1561 millium

423 1617 649 1676 sexcentorum
660 1612 831 1694 sexaginta
842 1633 898 1676 sex
909 1610 1102 1676 ducatorum
1118 1619 1150 1676 et
1167 1610 1488 1676 duarumterciarum
1502 1601 1535 1664 de

424 1719 542 1784 ducato
557 1719 665 1784 littere
680 1719 801 1784 domini
819 1720 921 1802 Regis
938 1721 1153 1802 quietacionis
1170 1727 1202 1786 et
1218 1717 1442 1794 absolucionis,
1450 1714 1534 1796 prout
1585 1779 1586 1782 ,

424 1832 532 1908 petere
549 1831 684 1910 possunt
701 1829 733 1890 in
750 1825 869 1891 littoris
887 1827 1065 1893 Ducalibus
1091 1828 1235 1906 bullatis,
1260 1827 1312 1891 hic
1339 1826 1494 1890 habentur
1508 1827 1535 1881 et
1584 1903 1585 1906 Ἴ

426 1933 666 1998 exhibebuntur
684 1932 891 1998 sufficientes.
909 1935 995 2000 ltem
1021 1957 1106 2015 vero,
1124 1936 1202 2018 quia
1218 1932 1401 2019 hujusmodi
1427 1928 1534 1994 solucic

424 2041 564 2106 sedecim
574 2041 712 2107 millium
723 2047 948 2106 sexcentorum
958 2043 1128 2125 sexaginta
1146 2064 1199 2107 sex
1216 2041 1407 2106 ducatorum
1422 2045 1452 2102 et
1469 2037 1535 2100 dus-

424 2169 496 2213 rum
512 2149 687 2214 terciarum
703 2151 743 2216 dc
770 2151 888 2214 ducato
905 2173 938 2214 se
955 2149 1133 2215 extendunt
1158 2150 1201 2214 ad
1227 2148 1367 2215 duorum
1392 2165 1534 2213 annorum

426 2257 606 2322 soluciones
623 2265 655 2322 et
672 2264 799 2341 partem
815 2258 990 2323 solucionis
1016 2258 1093 2322 anni
1110 2281 1150 2322 ex
1166 2265 1244 2323 tunc
1263 2259 1441 2340 sequentis3
1463 2252 1535 2317 ride·

425 2370 480 2428 tnr
497 2365 585 2430 dicto
600 2366 729 2430 donn'no
746 2366 831 2447 Regi
849 2366 951 2447 magis
969 2365 1181 2448 clarumtore,
1193 2373 1230 2430 ut
1246 2365 1307 2430 sibi
1325 2365 1531 2448 complaceant

424 2473 458 2534 in
473 2473 578 2538 tribus
595 2474 688 2537 annis
704 2493 774 2537 sese
790 2473 977 2536 immediate
988 2473 1209 2555 sequentibus
1220 2472 1369 2538 videlicet
1384 2473 1423 2537 de
1439 2490 1534 2536 secun·

426 2579 469 2644 da
486 2579 648 2645 solucione
670 2589 794 2664 septem
813 2581 950 2644 millium
966 2580 1154 2645 ducatorum
1165 2604 1224 2665 pro
1241 2603 1325 2645 anno
1342 2580 1469 2645 Domini
1479 2575 1536 2642 mil·

424 2687 537 2753 lesimo
553 2689 776 2753 trecentesimo
794 2690 1014 2770 octuagesimo
1034 2689 1193 2770 secundo;
1210 2691 1288 2754 item
1299 2690 1339 2755 de
1356 2690 1455 2754 tercia
1464 2686 1534 2752 solu·

427 2795 518 2858 cione
536 2817 596 2878 pro
623 2818 708 2861 anno
735 2797 869 2861 Domini
895 2796 1065 2860 millesimo
1091 2800 1314 2864 trecentesimo
1334 2797 1535 2879 octuagesimo

426 2904 545 2983 terci03
562 2905 639 2968 item
656 2903 695 2967 de
714 2906 898 2986 quantitate
916 2902 1087 2969 solucionis
1113 2927 1172 2987 pro
1189 2928 1274 2970 anno
1291 2906 1423 2971 Domini
1448 2901 1535 2968 mille·

430 3011 511 3074 simo
528 3013 756 3076 trecentesimo
774 3012 994 3093 octuagesimo
1016 3018 1198 3094 qua1·t0,ne
1224 3035 1307 3078 unus
1333 3013 1535 3097 predictorum

427 3139 587 3182 annornm
602 3120 635 3183 in
652 3120 817 3184 solucione
834 3119 1007 3201 diridatur,
1024 3121 1107 3202 petit
1117 3122 1186 3203 ipse
1203 3121 1366 3186 dominum
1383 3120 1536 3202 Renoua·

426 3231 519 3288 tenus
536 3225 798 3292 condescendant
814 3227 873 3292 sibi
891 3226 933 3291 ad
946 3227 1050 3291 dictos
1062 3233 1128 3291 tres
1140 3251 1252 3310 armoe,
1263 3249 1326 3310 que
1339 3229 1457 3294 faciunt
1468 3249 1536 3290 sunr-
1585 3237 1586 3318 ἐ

427 3355 515 3398 mam
531 3334 644 3417 viginti
661 3335 755 3400 nnius
772 3335 911 3400 millium
928 3334 1190 3401 ducatorum.Ex
1201 3336 1321 3419 quibus
1337 3337 1474 3401 millibus
1482 3335 1537 3399 Do
1585 3323 1586 3326 ¹

429 3443 535 3506 minus
553 3442 730 3507 Paduanus
748 3443 882 3510 dilalcet
897 3443 1047 3509 ultimam
1058 3446 1104 3508 eis
1115 3443 1306 3526 taciendam,
1323 3454 1356 3509 et
1374 3446 1413 3509 de
1426 3442 1536 3508 residuo
1585 3483 1586 3490 κ

427 3551 530 3614 eidem
547 3549 687 3615 Domino
704 3552 864 3618 Paduano
875 3551 1080 3618 satisfaciant
1090 3553 1124 3617 in
1134 3573 1219 3618 anno
1235 3552 1369 3617 Domini
1386 3551 1535 3617 millesimo

429 3659 656 3724 trecentesimo
674 3662 895 3742 octuagesimo
913 3667 1031 3744 quarto
1049 3662 1178 3726 nomine
1194 3660 1317 3726 domini
1332 3661 1448 3744 Regis3
1463 3656 1534 3722 etde

428 3766 611 3850 hujusmodi
629 3767 853 3833 satisfaccione
870 3770 971 3834 relint
986 3771 1092 3853 ipsum
1108 3771 1301 3837 Paduanum
1322 3768 1501 3834 certificare.

534 3874 619 3939 Item
637 3875 692 3939 ubi
709 3877 781 3959 ipsa
799 3876 1026 3943 Communitas
1037 3879 1124 3942 nolet
1136 3878 1336 3962 complacere
1352 3872 1534 3943 dominelle·

427 3983 459 4064 gi
476 3983 518 4048 ad
534 3989 601 4047 tres
618 4005 729 4065 annos,
746 3990 782 4048 ut
797 3987 1010 4068 premittitur,
1029 3986 1068 4050 de
1086 4007 1150 4070 quo
1166 3986 1237 4070 ipsc
1253 3986 1326 4051 Rex
1353 4007 1416 4051 non
1431 3983 1533 4060 affluat,
1585 3999 1586 4004 ’

427 4092 483 4155 sed
500 4093 611 4176 pocius
628 4100 755 4176 sperat;
773 4100 892 4159 extunc
915 4093 1013 4158 velint
1029 4095 1198 4160 attendere
1225 4094 1441 4162 amicabiliter
1456 4091 1492 4159 ad
1504 4109 1533 4154 ea

426 4200 656 4280 concludenda,
673 4223 735 4283 que
752 4201 939 4268 obtulerant
950 4204 1146 4286 perlitteras
1164 4204 1307 4270 bullatas
1324 4209 1484 4286 eorum‚et
1498 4200 1532 4280 ip·
1585 4199 1586 4258 l

426 4330 495 4371 sum
514 4307 709 4374 Paduanum
727 4310 846 4375 habere
867 4313 1013 4394 quietum
1030 4319 1063 4377 et
1079 4312 1263 4379 absolutum
1280 4314 1320 4378 de
1337 4313 1452 4378 ultima
1465 4325 1533 4394 poet·

426 4415 472 4477 eis
489 4413 638 4480 iacienda
654 4439 713 4500 per
729 4417 864 4499 litterae,
881 4426 915 4483 nt
933 4422 1033 4484 moris
1053 4427 1111 4485 est.

534 4523 618 4588 item
635 4530 702 4588 tam
720 4547 816 4608 super
826 4527 934 4608 prima
950 4528 1115 4592 oblacione
1126 4527 1337 4596 disficacionis
1347 4549 1431 4612 page
1441 4522 1533 4593 Domi·
1584 4587 1586 4600 2

1584 4631 1586 4724 l

1584 4729 1586 4744 ι

1584 4827 1586 4854 3
