3226 5254
626 295 719 358 1380.
1169 301 1231 362 391

119 474 166 534 cat
189 467 307 535 Vestra
324 469 570 536 Gloriosissirna
586 469 765 552 Cebitrrdo,
785 495 895 539 omnes
913 473 1077 559 Principis
1094 477 1234 544 antefati

117 599 274 662 processus
284 578 318 642 in
335 576 463 660 Tuscia,
479 599 607 663 quoque
623 579 657 643 in
672 585 761 645 statu
776 602 828 646 res
846 582 989 667 undique
999 566 1235 668 remanserunt,

119 691 146 751 et
161 691 263 750 nostre
289 706 363 752 rere
388 685 569 752 devotionis
593 686 743 752 habitum
758 711 822 753 non
843 688 979 772 ignoret.
997 689 1124 756 Scimus
1140 696 1237 776 enim,

120 791 337 859 lllustrissima
354 793 492 878 Regina,
517 815 615 877 quam
641 795 735 860 aride
761 796 889 864 soleant
912 797 1044 881 publica
1069 799 1158 883 vulgi
1186 800 1238 865 de-

120 901 256 984 sipientis
272 901 418 984 alloquia
433 907 619 985 pervertere
646 903 824 985 veritatem,
844 912 1066 990 quantumque
1082 906 1122 973 de
1139 906 1240 991 ipsius

118 1011 301 1094 integritate
318 1009 499 1092 detrahere,
515 1017 549 1076 et
565 1032 637 1076 cum
663 1032 727 1078 uno
747 1012 892 1078 veritatis
908 1012 1049 1079 articulo
1076 1021 1157 1098 quot
1171 1016 1239 1100 ple-

5 1141 7 1200 ᾗ
117 1139 243 1201 rumque
259 1118 431 1184 mendacia
447 1119 659 1185 cumulentur.
675 1120 722 1184 Et
732 1120 774 1187 ob
785 1121 818 1186 id
835 1127 959 1204 cuncta,
976 1143 1038 1206 que
1056 1123 1236 1204 scribimus,

5 1247 7 1316 p
117 1226 284 1312 diligenter
294 1226 446 1292 attendat
457 1226 664 1293 Excellentia
680 1226 860 1311 Reginalis,
873 1237 910 1296 ut
920 1251 985 1295 una
1001 1252 1072 1296 cum
1083 1239 1142 1298 etc.
1154 1231 1238 1318 (igy)

5 1363 6 1366 ¹
115 1333 280 1400 Credimus
307 1334 392 1398 enim
419 1332 463 1399 ad
488 1331 698 1399 Celsitudinis
723 1331 842 1402 Vestre
868 1337 1019 1403 notitiam
1039 1340 1235 1422 pervenisse,

5 1413 7 1520 i
113 1441 267 1526 quomodo
301 1446 433 1526 recepto
465 1441 525 1506 sub
557 1441 759 1525 protectione
791 1464 850 1509 sua
880 1444 1053 1528 Regimiue
1086 1446 1239 1514 Civitatis

112 1549 252 1636 Eugubii
278 1549 428 1614 dominus
453 1547 602 1615 Karolus
626 1549 818 1632 antedictus,
845 1571 918 1616 cum
945 1573 1076 1619 suarum
1092 1555 1239 1636 gentium
1352 1580 1357 1590 ·

115 1658 280 1740 comitatu,
295 1663 329 1726 et
344 1656 487 1722 exercitu
514 1658 630 1742 Regis,
647 1679 702 1724 sue
727 1656 938 1741 profectionis
954 1661 1073 1726 omisso
1098 1662 1241 1745 negocio,

111 1788 182 1832 cum
198 1770 371 1849 putaretur
387 1763 430 1830 ab
446 1764 595 1830 omnibus
612 1765 654 1830 ad
664 1765 778 1830 urbem
788 1765 952 1848 accedere,
963 1766 1014 1832 vel
1030 1767 1064 1831 in
1079 1766 1241 1854 Regnum,

108 1874 151 1940 ad
168 1873 340 1940 Civitatem
364 1873 475 1940 Aretii
499 1874 696 1956 retrocessit,
720 1881 753 1939 et
774 1874 826 1941 die
844 1875 1094 1958 quartadecima
1118 1879 1239 1943 mensis

108 1981 309 2066 Septembris
335 1983 482 2066 proxime
507 1981 610 2066 elapsi
645 1981 821 2047 Aretinam
846 1981 972 2066 urbem,
997 1983 1083 2049 cirili
1105 1983 1239 2050 dissidio

5 2127 8 2178 p
109 2097 360 2174 conquassatam
386 2090 560 2174 ingressae,
586 2089 689 2173 ipsam
716 2089 750 2153 in
776 2089 974 2156 deditionem
990 2091 1125 2176 accepit.
1142 2089 1239 2157 Oum-

5 2183 7 2216 r
108 2220 170 2282 que
185 2198 283 2264 suerit
299 2198 425 2264 eunctis
451 2197 602 2262 introitus
627 2195 682 2263 ille
709 2196 862 2280 pacificus
878 2204 914 2263 et
930 2198 1041 2264 multis
1058 2199 1153 2282 letus,
1168 2206 1239 2265 tan·

107 2312 173 2372 tum
191 2304 387 2374 Oratoribus
404 2305 535 2388 nostris,
551 2326 687 2388 quorum
711 2327 794 2372 unus
821 2304 883 2371 fuit
900 2305 1124 2372 crudelissime
1139 2307 1238 2373 truci·

107 2414 210 2497 datae,
226 2419 260 2478 et
275 2411 367 2478 nobis
382 2412 461 2496 ipsis
478 2433 511 2478 se
526 2413 656 2496 prebuit
665 2412 901 2479 lacrimabilem
918 2421 950 2478 et
966 2414 1152 2482 infaustum.
1171 2412 1237 2482 Sed

106 2522 164 2588 hec
189 2523 386 2590 omittamus.
412 2524 560 2607 Recepta
585 2523 687 2607 igitur
703 2521 847 2589 Ciuitate
871 2523 1022 2608 predicta
1046 2524 1106 2591 sub
1131 2525 1237 2609 specis

106 2630 190 2714 belli,
200 2637 316 2698 contra
324 2629 463 2697 rebelles
477 2631 690 2696 Aretinorum
707 2637 740 2696 et
756 2631 904 2697 exiticios
919 2630 1091 2714 inferendi,
1107 2634 1238 2698 territo·

107 2737 188 2803 rium
214 2745 363 2804 nostrum
388 2738 561 2818 invaditur,
587 2745 621 2804 et
646 2739 708 2806 uisi
733 2739 848 2806 fuisset
878 2741 1024 2823 gentium
1050 2748 1236 2807 nostrarum

107 2844 253 2929 obiectio,
268 2847 389 2913 bellum
405 2844 492 2928 quod
509 2845 542 2910 iu
558 2845 660 2912 limite
687 2854 870 2913 nostrorum
887 2846 1010 2930 finium,
1027 2855 1062 2914 et
1076 2848 1111 2914 in
1127 2847 1234 2918 Vallis

5 2941 6 2946 ἵ
103 2949 224 3020 Ambre
240 2953 389 3038 partibus
405 2958 532 3036 gestum
548 2960 607 3036 est,
634 2975 735 3038 usque
751 2953 795 3019 ad
813 2952 965 3020 Civitatis
986 2961 1094 3020 nostre
1107 2955 1230 3039 januas

106 3062 323 3145 processisset.
349 3061 490 3128 Frustra
515 3064 626 3145 itaque
651 3061 741 3127 illinc
766 3061 860 3128 aditu
886 3069 1070 3146 procurato,
1097 3064 1130 3127 iu
1157 3062 1235 3129 fines

109 3169 297 3238 Senensium
313 3175 402 3238 totus
429 3171 588 3236 exercitus
606 3192 639 3237 se
655 3170 824 3252 convertit,
840 3176 872 3235 et
889 3171 1016 3236 demum
1032 3168 1162 3236 afflictis
1180 3170 1235 3236 Se·

108 3275 260 3346 nensibus
285 3279 371 3346 idem
388 3281 555 3364 Princeps,
570 3279 663 3348 iuxta
684 3278 857 3365 Staggiam
873 3287 905 3345 et
921 3279 1161 3364 Podibonigum
1187 3281 1235 3344 in·

107 3386 208 3471 signia
234 3385 359 3472 oppida
383 3392 503 3466 nostra,
530 3409 601 3452 cunr
630 3387 780 3454 omnibus
805 3389 949 3472 gentium
976 3409 1110 3454 suarum
1135 3388 1234 3474 copiis

5 3505 7 3572 ξ
108 3499 212 3561 rastra
228 3495 330 3578 ponit.
347 3493 470 3561 Nostra
487 3501 595 3560 autem
618 3502 733 3580 gentes
750 3502 784 3562 et
800 3495 875 3562 hino
891 3495 1058 3580 occupatis
1074 3495 1233 3562 montium

108 3603 246 3685 tumulis
271 3605 327 3687 qui
354 3609 510 3687 poteraut
533 3603 683 3671 hostibus
709 3625 779 3670 esse
794 3602 947 3687 presidio,
964 3605 1110 3688 quamvis
1127 3605 1234 3688 impar

107 3717 187 3778 esset
201 3710 358 3796 potentia,
368 3717 436 3776 tam
447 3711 592 3791 viriliter,
604 3731 703 3794 qnam
712 3711 851 3777 feliciter
862 3713 1054 3778 restiterunt
1064 3712 1098 3777 in
1109 3718 1231 3796 castra,

5 3883 7 3902 ,
108 3839 166 3898 que
191 3817 433 3903 expugnatione
450 3818 672 3900 tentabantur,
698 3820 867 3902 intrantes,
893 3825 925 3884 et
945 3840 1138 3903 quocunque
1153 3839 1233 3902 gens

5 3957 6 3974 r
108 3924 163 3991 illa
171 3933 333 4011 pergeret,
344 3936 559 4012 occurrentes,
574 3929 748 4012 multisque
762 3927 985 3994 tumultuariis
995 3926 1234 4011 congressibus,

5 4031 6 4034 ’
109 4031 198 4100 sicuti
224 4035 257 4098 in
284 4033 482 4100 discursorio
498 4036 583 4103 bello
599 4037 774 4118 consuevit,
791 4055 854 4101 non
871 4037 941 4101 sine
957 4035 1097 4100 hostium
1114 4034 1233 4101 damno

110 4141 267 4224 confectis,
293 4148 466 4227 postquam
492 4143 653 4226 viderunt,
679 4163 713 4208 se
739 4165 803 4208 non
823 4161 916 4226 posse
933 4141 1000 4208 sine
1017 4143 1093 4208 cede
1109 4149 1143 4208 et
1160 4165 1233 4208 sau-

111 4249 201 4328 guine
217 4251 252 4314 in
268 4248 389 4314 uostris
406 4248 523 4316 finibus
540 4248 720 4331 debacoari,
730 4257 807 4314 tunc
818 4249 947 4316 demum
957 4254 1052 4333 cepta
1069 4255 1144 4315 sunt
1159 4271 1232 4316 con·

110 4356 211 4423 cordio
236 4379 313 4423 vera
328 4357 499 4440 colloquia,
517 4377 578 4442 que
595 4363 671 4424 ante
688 4357 721 4421 id
738 4363 865 4441 tempus
881 4357 985 4422 multa
1010 4357 1142 4423 fuerant
1161 4363 1225 4424 ter-

5 4461 7 4466 '
112 4459 321 4540 girersatione
347 4462 513 4530 distracta.
539 4464 585 4530 Et
610 4463 728 4530 omissa
752 4463 829 4548 liga,
854 4485 953 4548 quam
969 4465 1098 4532 anobis
1115 4470 1231 4532 contra
