3190 5252
570 307 666 377 1383.
1114 310 1179 379 493

68 492 161 554 mente
171 493 307 572 paratos
318 486 361 554 ad
376 510 436 555 sue
446 491 653 574 beneplacita
669 495 701 554 et
718 489 857 555 honores
868 511 941 555 cum
951 492 1100 560 omnibus
1110 513 1180 559 uer-

67 595 108 661 bis
136 599 254 662 amoris
270 605 304 664 et
320 597 514 680 dileccionis,
540 599 623 664 sicut
654 598 804 663 convenit
834 618 893 682 pro
924 599 1046 666 honore
1077 603 1180 668 nostri

67 701 206 771 Dominii.

111 866 115 876 .
158 815 247 881 Etsi
264 813 572 900 perSerenissimas
597 814 744 880 dominas
769 814 915 900 Reginus
940 815 1114 902 Huugerie
1130 820 1181 886 vel

65 922 196 1006 aliquam
212 926 400 1003 caramuel
417 924 566 990 Berones
583 945 666 1007 snos,
682 924 732 988 vel
747 923 827 990 alias
842 945 1000 1008 personas
1010 932 1181 1010 tangeren-

64 1034 110 1094 tur
122 1029 170 1096 rel
187 1038 394 1096 moverentur
408 1031 501 1098 nobis
518 1031 629 1116 alique
644 1032 743 1098 verbe
759 1031 926 1114 notabilia,
936 1054 999 1118 que
1008 1040 1182 1119 tangerent
1281 1121 1286 1131 ,

64 1134 207 1204 honorem
223 1144 257 1204 ct
272 1144 395 1205 statum
410 1141 514 1206 nostri
529 1139 685 1222 Dominii,
701 1146 781 1207 tunc
806 1143 1017 1226 relinquimus
1034 1144 1068 1208 in
1084 1142 1180 1210 liber-

11 1321 13 1330 ,
64 1252 124 1311 tete
139 1254 257 1332 vestre,
274 1247 473 1315 confidentes
490 1249 676 1332 plenissime
693 1247 899 1334 depersouis
916 1252 1040 1334 restris,
1050 1272 1181 1336 respon·

65 1351 153 1420 dendi
167 1378 225 1441 per
240 1356 341 1422 verbe
365 1355 541 1439 generalia,
566 1363 604 1423 ut
628 1357 720 1423 vobis
735 1356 898 1424 videbitur
923 1379 982 1442 pro
1008 1358 1130 1424 honore
1147 1365 1181 1422 et

63 1461 138 1529 bono
153 1467 257 1534 nostri
273 1464 431 1550 Dominii,
446 1465 642 1533 attrahendi
659 1466 812 1550 quicquid
836 1468 985 1551 poteritis
1003 1466 1042 1532 de
1068 1489 1180 1540 earum

64 1568 246 1639 intencione.
271 1573 361 1639 Etsi
378 1595 429 1640 res
446 1573 610 1640 videbitur
630 1573 720 1640 vobis
741 1571 905 1657 notabilis,
922 1581 955 1640 et
970 1596 1043 1641 oum
1058 1575 1180 1641 honore

11 1675 14 1686 '
63 1683 90 1742 et
103 1679 184 1747 bono
201 1682 307 1747 nostri
322 1681 477 1762 Dominii,
494 1682 583 1766 quod
598 1682 642 1746 sit
659 1683 693 1746 in
708 1682 861 1748 libertate
887 1689 995 1748 vestra
1019 1682 1181 1748 scribendi

12 1823 13 1826 =
63 1789 90 1849 et
111 1788 304 1873 expectandi
327 1795 474 1855 nostrum
500 1789 699 1872 mandatnm,
726 1789 886 1855 mittendo
911 1790 1006 1856 nobis
1030 1788 1181 1856 ordinate

63 1897 170 1976 omnia,
187 1917 249 1980 que
265 1896 434 1961 traxeritis
459 1917 519 1979 pro
546 1903 659 1964 nostra
684 1893 926 1962 informacioue.
953 1893 990 1960 Si
1015 1918 1089 1962 vero
1115 1918 1180 1962 non
1293 1921 1297 1928 ·

62 2005 263 2086 tangerentur
279 2011 312 2068 et
327 2025 392 2070 uon
409 2003 598 2070 viderentur
613 2003 705 2070 vobis
722 2003 892 2084 notabilia,
911 2008 949 2068 ut
974 2011 1023 2070 est
1047 2003 1179 2086 dictum,

61 2112 138 2192 tunc,
152 2118 286 2194 eccepto
304 2111 488 2178 honorabili
504 2120 685 2179 commeatu
702 2134 722 2178 e
738 2111 959 2179 Serenissimis
969 2113 1180 2179 etExcellen-

61 2217 184 2287 tissimis
200 2220 391 2287 dominabus
407 2220 545 2304 Reginis
562 2228 595 2287 et
611 2221 798 2287 Beronibus
815 2229 848 2286 et
864 2220 1014 2289 omnibus
1031 2223 1114 2304 aliis,
1124 2221 1178 2305 qui
1304 2245 1312 2265 ·

62 2324 143 2392 vohis
169 2326 363 2395 ridebuntur
378 2351 438 2413 pro
455 2328 577 2395 honore
594 2330 696 2395 nostri
716 2327 871 2412 Dominii,
888 2328 1051 2397 Venecies
1067 2329 1179 2395 redea-

11 2469 12 2474 κ
61 2432 99 2495 tis
112 2434 151 2500 de
166 2437 315 2502 omnibus
331 2437 517 2520 plenissime
532 2431 708 2503 informati.
1128 2511 1130 2514 ¹

160 2543 311 2611 Fecimus
326 2544 369 2610 ad
385 2543 629 2610 habundantem
654 2546 817 2612 cautelam
842 2545 932 2611 vobis
955 2544 1027 2610 fieri
1051 2543 1179 2610 litteras

11 2671 13 2674 ·
61 2652 258 2718 credulitatis
273 2654 306 2717 in
323 2655 470 2737 personis
486 2655 601 2720 vestris
618 2651 831 2722 Serenissime
847 2637 885 2719 et
897 2653 1180 2720 Excellentissime

60 2757 180 2828 domine
196 2761 369 2828 Elisabeth
384 2763 511 2847 Regina
527 2763 716 2848 Hungarie3
741 2765 818 2829 item
833 2762 960 2830 litteras
977 2761 1180 2829 credulitatis

61 2864 266 2939 Serenissime
282 2880 315 2940 et
330 2875 613 2941 Excellentissime
630 2874 759 2940 domine
776 2874 883 2940 Mario
901 2873 1028 2958 Regino
1043 2873 1179 2957 Hunga-

60 2976 117 3060 n'e;
133 2981 309 3047 oblitteras
326 2981 483 3049 ambabus
500 2982 638 3065 Reginis
648 2981 803 3065 predictis
819 2983 970 3062 insimul,
986 2988 1020 3047 et
1036 2981 1117 3048 alies
1127 2980 1179 3046 lit

59 3090 139 3156 teras
155 3092 251 3157 alteri
268 3089 334 3156 filie
351 3093 513 3176 quondam
530 3089 654 3158 domini
670 3091 772 3176 Regis
797 3091 979 3175 Hungarie,
996 3111 1078 3174 ques
1095 3090 1179 3155 litte·

59 3215 108 3261 ras
122 3207 155 3265 et
171 3199 349 3282 quemlibet
364 3222 487 3282 earum,
501 3198 585 3282 illas,
602 3221 665 3283 que
681 3201 772 3266 vobis
788 3199 995 3278 videbuntur,
1011 3205 1177 3283 presenta-

58 3323 89 3368 re
104 3306 246 3374 debeatis
261 3330 335 3373 cum
351 3309 408 3375 illo
424 3308 546 3388 ordine,
562 3308 618 3392 qui
634 3308 724 3375 vobis
735 3307 898 3374 videbitur
914 3328 973 3391 pro
988 3306 1135 3372 utilitate
1146 3311 1179 3370 et

58 3409 136 3479 bono
152 3415 351 3499 agendorum
367 3423 562 3483 nostrorum.

158 3522 244 3589 Item
260 3521 394 3591 fecimus
411 3525 502 3591 vobis
518 3523 588 3589 fieri
604 3527 722 3591 multas
734 3524 956 3591 elieslitteras
972 3521 1178 3589 credulitatis

59 3630 163 3698 multis
178 3631 321 3698 Preietis
336 3639 370 3698 et
385 3632 572 3700 Beronibus
590 3632 630 3698 de
646 3632 788 3712 inde,.de
812 3632 929 3716 quibus
945 3630 1125 3715 disponetis
1146 3635 1179 3692 et

66 3734 231 3806 faciatisin
241 3741 460 3823 presentando
472 3761 527 3806 ees
538 3747 570 3806 et
580 3739 759 3824 quamlibet
774 3761 895 3824 earum,
911 3740 995 3806 sicut
1014 3739 1178 3822 sapiencie

58 3851 155 3911 restra
170 3847 284 3918 utilius
299 3854 332 3913 et
353 3851 468 3916 nuelius
493 3849 684 3933 apparebit,
709 3849 829 3915 utendo
848 3847 997 3915 omnibus
1021 3844 1177 3930 predictis

58 3947 192 4023 Prsletis
207 3963 241 4022 et
256 3955 442 4022 Beronibus
458 3957 509 4022 his
525 3963 557 4022 ct
573 3957 647 4023 aliis
663 3958 728 4022 illis
743 3958 851 4026 verbis
866 3954 1074 4040 generalibus
1090 3974 1177 4018 emo·

58 4058 100 4122 ris
115 4069 147 4127 et
160 4063 357 4146 dileccionis,
373 4087 437 4150 que
453 4065 542 4132 vobis
559 4087 620 4150 pro
638 4067 762 4132 honore
778 4067 882 4131 nostri
907 4063 1054 4130 Dominii
1082 4061 1178 4126 utilia

57 4165 253 4240 ridebuntur.
324 4246 325 4250 Ἰ
1026 4157 1029 4162 ’

156 4281 202 4346 Et
217 4282 376 4347 tenemini
386 4282 507 4348 habere
517 4282 682 4348 vobiscum
699 4291 838 4368 quatuor
849 4280 987 4346 famulos
1004 4299 1064 4362 pro
1076 4277 1178 4361 quoli-

56 4379 117 4463 bet,
131 4407 226 4453 unum
245 4387 420 4455 Notarium
437 4388 537 4456 Ourie
553 4411 626 4454 cum
642 4411 706 4456 uno
715 4390 846 4474 famulo,
862 4390 943 4455 duos
960 4386 1179 4470 regsciospro

55 4492 203 4579 quolibet,
222 4516 322 4561 unum
339 4503 592 4581 expensetorem,
617 4520 716 4563 unum
740 4495 873 4562 nochum
891 4501 925 4560 et
949 4515 1049 4558 unum
1075 4515 1179 4560 mere-
