3210 5252
427 407 487 466 122
778 423 1010 468 urecoimczmr
1028 411 1195 468 mumma.

423 579 663 646 matrimonium
688 584 899 648 contraxisse.
926 581 966 648 Iu
984 605 1048 666 quo
1066 589 1224 667 errantum
1242 581 1436 658 afflictionis,
1452 601 1539 661 quan.

421 696 557 770 tumque
584 691 720 755 meroris
745 691 838 756 uobis
865 693 1047 772 accesserit,
1073 714 1138 756 non
1154 691 1249 756 facile
1265 710 1436 774 possumus
1451 685 1536 770 expli·

422 819 504 863 care.
521 794 679 864 Videmus
695 799 781 864 enim
806 801 1080 882 preclarissimam
1095 801 1293 883 progeniem,
1311 805 1342 863 et
1360 796 1537 878 sanguinem

408 891 679 970 'sacratissimum
696 905 782 970 illius
800 907 903 972 incliti
920 907 1081 992 Principis
1109 908 1227 972 Karoli
1246 907 1351 971 Primi
1370 903 1538 970 Germano·

425 1033 497 1077 rum
516 1011 673 1096 sangnine
691 1015 900 1079 commisceri.
918 1015 1006 1098 Quid
1023 1021 1072 1081 est
1089 1017 1304 1096 considerare,
1322 1011 1538 1098 gloriosissime

424 1119 506 1202 Rex,
531 1119 619 1203 quod
645 1141 717 1184 curn
744 1121 821 1186 olim
847 1122 993 1205 prefatus
1019 1143 1147 1206 seraper
1182 1122 1375 1188 celebrande
1400 1121 1538 1186 memorie

422 1227 579 1309 Kamiris,
596 1231 652 1314 qui
669 1229 769 1310 uobis,
796 1231 821 1294 si
848 1237 934 1294 reete
959 1231 1173 1312 meminimus,
1196 1252 1339 1314 proauus
1356 1236 1538 1306 numeratur,

423 1338 462 1401 de
479 1334 666 1420 Apulorum
683 1345 715 1402 et
732 1337 889 1404 Calabria
907 1341 975 1403 siue
992 1339 1144 1420 Lucania,
1162 1339 1351 1423 Comprime,
1370 1337 1536 1404 Samnitum

422 1451 455 1509 et
470 1445 661 1510 Brutiorum
688 1446 807 1510 finibus
835 1446 1040 1530 Teutonicos,
1067 1448 1122 1529 qui
1139 1448 1233 1530 quasi
1249 1448 1348 1530 pestis
1365 1445 1537 1528 contagiosa

423 1551 488 1618 illis
506 1554 537 1617 in
556 1553 704 1636 [rantibus
722 1555 902 1635 seuiebaut,
918 1555 1069 1620 felicibus
1085 1557 1205 1639 preliis,
1222 1563 1254 1621 et
1272 1555 1359 1640 quod
1370 1553 1538 1620 cumhumi-

423 1661 516 1726 litate
541 1664 722 1744 recolimus,
748 1686 866 1748 magna
892 1687 964 1730 cum
990 1665 1259 1730 Florentinorum
1285 1687 1384 1730 manu
1402 1669 1537 1748 potenter

422 1769 603 1853 expulerit3
627 1772 689 1836 hoc
705 1780 814 1838 nostro
831 1781 977 1857 tempore
993 1774 1155 1838 hominem
1173 1774 1212 1838 de
1229 1795 1346 1856 genere
1357 1773 1422 1852 illo,
1433 1770 1538 1835 infaus-

422 1875 623 1942 tissimarum
648 1881 838 1962 nuptiarum
865 1881 999 1946 obtentu
1026 1885 1060 1946 in
1082 1882 1191 1964 Regni
1207 1881 1329 1966 prefati
1346 1880 1536 1945 moderamen

422 1985 561 2067 admitti,
578 2008 636 2070 per
652 2009 746 2070 quem
765 1989 860 2074 Regij
880 1991 1049 2072 sanguinis
1066 1991 1287 2056 contusionem
1303 1991 1462 2054 cernimus
1476 2007 1537 2071 pre·

422 2094 502 2175 pari.
535 2095 560 2160 J
562 2117 613 2160 am
640 2097 726 2161 enim
742 2098 851 2163 videre
868 2099 1014 2163 videmur
1030 2099 1123 2164 illum
1138 2099 1222 2164 tanti
1243 2097 1387 2180 coniugii
1403 2096 1536 2162 claritate

423 2203 605 2285 superbum,
631 2206 698 2270 suis
725 2206 927 2272 Teutonibus
955 2209 1120 2292 stipatum,
1146 2207 1247 2274 exitio
1266 2227 1436 2291 procerum
1452 2209 1536 2286 atque

422 2309 563 2376 fidelium
581 2315 679 2378 vestri
697 2315 865 2398 sanguinis
892 2316 1076 2380 imminere!
1101 2317 1147 2380 Et
1163 2315 1249 2380 bella
1264 2323 1335 2380 tam
1349 2309 1537 2395 triumphali·

421 2425 473 2484 ter
488 2419 566 2484 olim
583 2429 707 2502 exacta,
725 2423 888 2504 superatis
914 2424 1090 2505 occisisque
1116 2422 1293 2489 Mansredo
1310 2429 1344 2488 et
1359 2418 1537 2487 Corradino.

422 2547 514 2607 urruc,
541 2535 627 2593 etate
655 2536 774 2609 nostra,
799 2553 918 2613 magno
944 2533 1087 2615 periculo
1105 2532 1302 2596 restaurari!
1320 2528 1472 2594 Addatur
1486 2527 1537 2606 his,

422 2639 491 2698 tam
518 2639 702 2718 preclarum
729 2640 928 2722 sanguinem,
953 2642 1008 2724 qui
1033 2663 1114 2722 pene
1139 2641 1263 2704 cunctis
1289 2636 1535 2703 Christianorum

425 2739 570 2824 Regibus
583 2746 744 2828 jungitur,
763 2755 794 2810 et
812 2748 898 2829 qrrod
915 2749 1057 2812 deterius
1074 2756 1130 2826 est,
1146 2749 1261 2832 Regiis
1277 2749 1382 2813 titulis
1393 2745 1537 2827 refulgen-

423 2856 488 2914 tem
505 2854 607 2935 pollui
633 2861 701 2922 tam
727 2864 933 2920 monstruoso
960 2858 1138 2934 connubio;
1163 2866 1197 2922 rt
1213 2859 1346 2922 vilescat
1373 2857 1437 2921 iam
1455 2862 1536 2918 tanta

423 2960 615 3044 sublimitas,
642 2986 713 3028 cum
738 2965 905 3028 rideamus
922 2966 955 3028 in
970 2966 1121 3030 tluonum
1147 2966 1339 3048 Reginalcm
1363 2965 1535 3038 admissum,

422 3090 516 3150 quem
534 3073 645 3153 queuis
673 3073 770 3138 Italic
795 3081 954 3153 matrona,
970 3074 1188 3138 mediocribus
1205 3075 1303 3139 etiam
1321 3079 1393 3138 orta
1409 3068 1537 3155 parenti·

422 3177 490 3257 bus,
507 3187 684 3245 recusaret.
702 3178 828 3246 Scimus
844 3188 994 3264 preterea
1012 3182 1069 3246 hec
1085 3191 1200 3246 cuncta
1217 3187 1325 3264 lucter
1341 3181 1459 3246 Vestre
1474 3177 1536 3242 Ma·

421 3286 545 3352 iestatis
562 3289 790 3353 conscientiam
808 3290 1022 3372 processisse3
1047 3291 1198 3372 quoniam
1223 3299 1349 3353 nonest
1368 3287 1537 3360 verisimile,

422 3392 755 3479 Circumspectionem
785 3395 941 3463 Vestram
971 3399 1005 3462 in
1038 3405 1165 3462 tantam
1198 3398 1405 3480 cognaciouis
1442 3405 1536 3460 vestre

421 3504 679 3587 denigrationem
696 3513 727 3571 et
743 3506 903 3572 maculam
915 3508 1127 3572 consensisse.
1154 3506 1251 3590 Quod
1267 3509 1365 3570 etiam
1382 3512 1471 3570 tanto
1489 3523 1536 3566 nos

421 3613 553 3695 grauius
579 3617 704 3698 pungit,
732 3623 853 3698 quanto
879 3617 983 3698 magis
1009 3615 1127 3684 Vestre
1154 3612 1349 3679 Celsitudini
1379 3614 1535 3679 molestum

413 3718 562 3784 accedet.
589 3721 661 3786 Hec
687 3745 751 3787 uon
777 3723 940 3806 potuimus
968 3721 1008 3786 ob
1035 3723 1251 3788 reuerentiam
1278 3727 1310 3785 et
1337 3722 1535 3797 devotionem,

421 3851 517 3912 quam
533 3833 574 3896 ad
592 3830 746 3898 Vestram
772 3834 984 3898 Maiestatem
1010 3831 1176 3910 turbemus,
1199 3830 1324 3894 silentio
1344 3831 1536 3913 pertransire.

420 3945 456 4003 ut
473 3949 644 4021 cognoscat
661 3939 760 4022 Regii
777 3940 900 4006 Thrcni
917 3942 1043 4005 eulmen
1072 3940 1290 4005 sinceritatem
1305 3948 1536 4018 nostr·urn,cu1u

421 4048 545 4130 aliquid
561 4049 594 4112 in
612 4049 846 4113 detractionem
872 4050 957 4113 tanti
974 4049 1139 4131 sanguinis
1156 4049 1326 4129 cernimus,
1344 4055 1463 4132 quauta
1481 4053 1537 4108 tur-

420 4156 552 4222 batione
562 4158 753 4222 deuotarum
766 4158 919 4222 mentium
930 4157 1114 4223 toleremus,
1126 4153 1279 4220 Ceterum
1290 4154 1535 4220 noueritt'estm

421 4265 589 4344 Maiestas,
606 4266 785 4332 Ciuitatem
800 4266 1049 4332 famosissimam
1066 4265 1312 4346 Bononiensem,
1329 4273 1361 4328 et
1377 4287 1456 4347 perro
1473 4285 1536 4327 cuu-

421 4380 489 4438 ctos
505 4373 605 4439 Italic
622 4376 758 4457 pennice
775 4396 832 4457 per
849 4376 947 4439 nrbes
965 4381 998 4439 et
1009 4374 1139 4456 oppida.
1151 4395 1212 4455 que
1223 4374 1284 4437 sub
1295 4373 1441 4439 Ecciesio
1452 4370 1537 4436 titulo

421 4481 495 4550 seda
525 4485 687 4548 tirannide
714 4485 955 4565 premebantur,
981 4483 1023 4547 ad
1054 4483 1246 4562 libertatem,
1263 4484 1346 4549 mira
1364 4481 1536 4548 eorunrdia.
