3226 5254
746 373 983 418 urnrrumczmr
1001 358 1169 416 cunerem

825 533 984 598 Publicus
1001 529 1159 614 predictis
1176 528 1325 594 omnibus
1336 527 1512 610 elsiugulis,

824 643 901 708 dum
928 645 1114 724 agerentur,
1139 637 1281 718 interlui,
1306 641 1340 702 et
1365 633 1515 700 momnis

824 756 857 813 et
874 749 1001 830 singula
1019 747 1243 830 suprascripte
1261 751 1398 828 rogatus
1413 743 1514 826 rogari

824 863 857 921 el
872 857 1073 935 imbreviavi‚
1089 862 1122 921 eb
1138 854 1179 920 ad
1197 875 1332 938 presens
1348 854 1420 918 aliis
1430 872 1514 934 nego

827 965 885 1030 ciis
911 969 1099 1046 occupatus,
1125 961 1275 1044 predicta
1291 960 1402 1025 omnia
1417 967 1448 1024 et
1463 961 1515 1023 sin·

826 1074 903 1157 gula
920 1073 1152 1155 suprascripta,
1167 1068 1359 1153 complenda
1375 1075 1409 1133 cl
1424 1067 1515 1152 publi-

826 1181 931 1247 cando
956 1181 1099 1246 commisi
1124 1178 1336 1260 infrascripto
1354 1200 1406 1242 ser
1422 1173 1514 1241 Aulo

823 1290 877 1354 nio
888 1288 1046 1372 Magistri
1058 1289 1149 1354 Petri
1169 1286 1308 1352 Notario
1327 1285 1499 1365 Publicos¹

823 1395 897 1461 ideo
922 1418 972 1462 mc
999 1396 1185 1479 subscripsi,
1211 1403 1243 1461 et
1269 1396 1399 1479 signum
1424 1413 1515 1458 meum

824 1505 960 1588 apposui
981 1511 1178 1570 consuetum.

933 1611 1006 1696 ligo
1024 1609 1191 1679 Antonius
1202 1613 1288 1678 lilius
1299 1613 1436 1678 condam
1450 1611 1513 1677 Ma·

824 1722 919 1803 gistri
930 1720 1024 1787 Petri
1034 1721 1074 1786 de
1090 1721 1268 1801 Florentia,
1285 1719 1442 1788 Publicus
1457 1718 1511 1782 lm·

825 1828 942 1911 periali
969 1830 1165 1896 auctoritate
1181 1829 1343 1896 Notarius
1361 1852 1399 1893 ex
1414 1827 1513 1894 Judex

826 1935 1030 2020 Ordinurius,
1046 1935 1194 2021 predicta
1210 1938 1321 2002 omnia
1337 1957 1378 2002 ex
1396 1935 1515 2020 singula

825 2064 897 2108 mea
914 2044 1047 2127 proprie
1063 2066 1164 2110 manu
1174 2045 1296 2128 scripta
1312 2051 1346 2110 ei
1360 2053 1474 2128 rogata
1487 2049 1516 2107 cl

824 2152 1018 2218 imbreviats
1038 2175 1097 2237 per
1113 2155 1368 2238 suprascriptum
1384 2175 1435 2219 ser
1449 2152 1514 2217 Ris-

466 2259 616 2346 (Jegymi
632 2261 733 2346 jegy.)
827 2267 934 2326 torum
961 2283 1014 2326 ser
1039 2261 1168 2344 Jacobi,
1185 2261 1370 2345 Notarium,
1386 2285 1424 2328 cx
1441 2262 1512 2325 eius·

826 2369 900 2436 dem
925 2369 1155 2454 rogacionibus
1172 2378 1205 2437 et
1221 2371 1458 2438 imbreviaturis
1478 2367 1516 2434 ri-

826 2500 904 2562 gore
921 2479 1158 2546 commissionis
1174 2501 1231 2562 per
1247 2479 1370 2545 dictum
1386 2499 1438 2544 ser
1451 2475 1515 2542 Ris-

825 2595 934 2652 torum
951 2587 1050 2654 michi
1066 2587 1162 2672 facte,
1173 2594 1210 2652 ub
1221 2609 1321 2672 supra
1331 2593 1431 2672 putet,
1446 2585 1513 2650 fide-

827 2695 904 2759 liter
931 2695 1053 2781 sumpsi
1079 2701 1112 2760 el
1133 2696 1291 2780 complevi
1306 2701 1339 2760 et
1355 2692 1515 2779 publicavi,

827 2803 861 2868 in
887 2803 1037 2886 hancque
1062 2805 1227 2887 publicem
1252 2803 1390 2869 formem
1406 2800 1516 2883 redegi,

829 2912 966 2996 ideoque
976 2936 1028 2980 me
1040 2914 1217 2998 subscripsi
1234 2921 1266 2978 et
1283 2914 1409 2997 signum
1420 2931 1517 2976 mcum

826 3021 964 3105 apposui
983 3030 1181 3087 consuetum.

396 3161 535 3222 (Eredebie
544 3165 719 3229 borhiriyr'sn
732 3181 765 3214 az
778 3167 855 3216 »Atti
868 3167 974 3231 publici
988 3167 1016 3217 di
1030 3168 1131 3231 Napoli
1143 3169 1224 3218 libzi«
1236 3168 1314 3217 VIII.
1329 3169 1378 3218 ken
1390 3165 1461 3216 xlx.
1482 3177 1514 3213 rr.

703 3269 745 3319 a.;
766 3271 782 3305 a
796 3257 924 3306 florenczi
938 3272 1011 3322 nsgy
1025 3257 1220 3318 leveltr'rrbsn.)

397 3721 423 3784 l.
440 3721 596 3786 debanna
612 3721 738 3786 sicilici
755 3722 977 3809 lcii-tilyoinalr
994 3749 1015 3788 a
1024 3724 1180 3810 flcrcnozi
1195 3724 1411 3810 kbztcirsascig.
1429 3721 1515 3786 1380.

613 3879 739 3965 Regino
756 3880 952 3947 Jerusalem.

506 3986 723 4055 Serenissima
749 3989 886 4074 Regina,
914 3991 1170 4074 singularissime
1198 3998 1303 4058 meter
1330 3999 1361 4058 et
1387 3987 1516 4054 Domina

396 4103 517 4162 nostra.
543 4095 595 4162 Ne
621 4097 709 4164 sams
733 4099 853 4181 loquax
879 4100 983 4182 possit
1009 4100 1213 4165 clementiam
1238 4098 1391 4169 Vestram
1418 4097 1455 4162 de
1470 4093 1516 4158 bis

398 4223 461 4286 que
479 4227 497 4268 a
515 4203 607 4270 nobis
624 4227 696 4269 cum
715 4203 908 4272 Clarissimo
935 4207 1090 4291 Principe
1116 4208 1246 4275 domino
1263 4209 1389 4274 Karolo
1405 4206 1440 4271 de
1457 4203 1517 4286 Dy-

398 4312 511 4377 rachio
529 4312 614 4378 lecte
632 4319 716 4396 sunt,
734 4316 818 4379 sicut
834 4317 926 4394 solet,
943 4317 1144 4382 mendaciter·
1156 4317 1455 4397 informarenmbu
1470 4310 1516 4374 de-

400 4421 500 4484 crerit
519 4419 686 4486 humililus
712 4443 748 4486 ca
774 4425 882 4488 omnic
900 4423 1105 4490 Sublimituti
1121 4423 1251 4507 Vestre,
1270 4423 1436 4490 secundum
1452 4439 1515 4502 ges·
1598 4471 1599 4476 η

400 4531 507 4592 torum
526 4528 640 4595 seriem
658 4528 835 4596 declarare.
853 4530 980 4598 Scimus
998 4533 1093 4616 enim,
1109 4537 1143 4597 cl
1158 4554 1224 4600 unu
1241 4555 1312 4601 cum
1330 4534 1378 4600 his
1396 4545 1515 4613 cognos·
1597 4525 1599 4598 ἶ
