3190 5252
592 319 687 384 1380.
1137 323 1200 388 417

7 479 9 544 ἶ
86 496 188 580 oessit;
213 503 247 562 et
263 498 515 581 considerantes,
532 497 620 582 quod
635 499 713 564 licet
728 498 882 564 hactenus
900 499 1076 570 insidiante
1103 502 1204 569 totius

7 597 9 674 ζ
85 604 206 671 humani
220 608 350 692 generis
367 607 507 691 inimico,
525 607 582 690 qui
598 607 682 672 sicut
698 605 894 674 discordiam
921 605 1091 676 suscitavit
1106 611 1141 676 in
1156 632 1204 676 ce-

7 723 9 804 ]
82 713 126 792 lis,
149 713 195 778 ita
221 713 309 781 bella
333 717 493 784 seminare
518 721 657 781 conatur
673 714 826 796 interris,
843 721 911 782 tam
928 716 1017 801 pium
1034 739 1115 801 opus
1131 737 1203 802 per·

82 820 146 887 duci
169 843 232 888 non
257 824 401 908 potuerit
426 824 471 891 ad
497 823 657 906 effectum,
674 829 707 889 et
723 822 820 906 quod,
847 823 931 890 sicut
946 823 1202 892 commendabile

7 923 9 966 l
80 928 135 995 fnit
148 930 297 1016 incipere,
312 933 360 998 sic
369 933 519 1017 ignavum
534 931 629 1012 foret,
639 930 741 998 donec
754 931 822 1015 spei
837 931 921 998 bone
931 932 1039 998 lumen
1050 930 1201 1016 affulget,

7 1039 9 1118 t
79 1037 197 1123 incepta
221 1041 300 1106 totis
325 1039 445 1105 viribus
472 1061 535 1107 non
552 1061 679 1124 urgere,
707 1059 873 1106 resumere
899 1039 1099 1107 decrevimus
1116 1041 1200 1108 hanc

7 1161 9 1234 ξ
79 1155 215 1214 sanaem
231 1154 264 1213 ct
281 1148 542 1214 honestissimam
558 1147 831 1232 procurationem,
841 1148 1033 1231 aliquandiu
1045 1148 1142 1233 justis
1158 1148 1197 1214 de

7 1277 9 1340 ᾗ
78 1256 190 1322 caussis
214 1255 452 1338 intermissam;
477 1261 513 1322 ut
538 1257 751 1340 experiamur,
777 1255 1006 1339 benignissime
1031 1255 1200 1339 Princeps,

78 1381 117 1427 an
129 1363 339 1430 humanitatis
356 1371 390 1429 et
406 1363 576 1430 clementie
602 1363 722 1432 Vestra
746 1365 898 1448 presidio,
915 1365 1003 1447 quod
1019 1361 1081 1430 huc
1096 1385 1202 1446 usque

7 1515 22 1554 ,.
78 1469 157 1536 cirea
171 1471 255 1537 benc
271 1470 493 1537 desideratam
509 1492 622 1555 pacem
641 1470 786 1554 profecto
803 1493 868 1538 non
884 1470 997 1554 defuit,
1008 1473 1201 1555 scimusque,

7 1651 9 1670 .
77 1597 173 1662 usque
188 1580 222 1644 in
237 1578 345 1659 finem,
362 1579 489 1664 pacatis
505 1578 630 1659 animis,
647 1578 832 1646 nullatenus
842 1580 1039 1662 defuturum,
1055 1582 1090 1646 in
1105 1586 1207 1646 tanto·

7 1675 9 1756 ῗ
76 1688 168 1754 totins
193 1686 453 1755 Christianitatis
479 1687 565 1754 bonu
589 1688 694 1772 possit
718 1689 896 1774 aliquando
913 1689 1069 1755 concludi.
1086 1689 1202 1756 Multis

7 1817 8 1870 ξ
77 1795 202 1878 quidem
218 1817 328 1864 rerum
344 1797 545 1880 argumentis
562 1803 734 1880 expertum
750 1803 809 1880 est,
823 1798 955 1865 tandem
973 1798 1071 1864 semel
1081 1796 1202 1882 perfici,

7 1907 8 1914 ’
76 1905 157 1986 qnod
172 1907 341 1973 consuevit
356 1925 431 1990 sepe
446 1906 579 1972 tentari.
596 1902 693 1990 Quod
710 1927 747 1970 eo
765 1906 989 1988 confidentius,
1008 1905 1199 1972 mansuetis-

7 2015 9 2102 }
75 2012 149 2078 sime
165 2011 334 2098 Princeps,
351 2012 571 2098 aggredimur,
596 2034 661 2097 quo
678 2015 796 2080 certius
813 2012 1017 2096 mediatores
1035 2021 1068 2080 et
1084 2033 1198 2098 pacem

7 2157 8 2210 3
74 2117 182 2202 ipsam,
206 2119 384 2205 placituros
410 2121 530 2192 Vestro
547 2119 741 2186 Celsitudini
763 2135 828 2187 non
845 2141 1001 2188 veremur.
1033 2119 1201 2204 Quantum

7 2283 8 2304 2
72 2233 104 2292 et
119 2228 214 2312 quale
232 2230 276 2294 sit
291 2227 414 2294 bellum
431 2229 501 2308 hoc,
512 2248 577 2311 quo
587 2228 693 2296 ferret
708 2234 806 2312 terra,
817 2250 973 2314 mareque
983 2229 1108 2295 infinite
1119 2230 1201 2296 clas-

73 2335 113 2401 sis
129 2335 331 2402 discursibus
348 2336 541 2418 infestatur;
566 2357 630 2420 quo
658 2336 836 2404 destruitur
861 2337 972 2420 Italia,
998 2344 1031 2403 et
1056 2338 1199 2402 omnium

71 2443 213 2524 gentium
238 2443 429 2510 commertia
453 2441 676 2528 prohibentur,
702 2465 831 2530 quoque
861 2447 942 2530 ipsa,
966 2445 1047 2530 proh
1087 2445 1199 2510 dolor!

72 2549 259 2618 Christiana
275 2551 354 2618 fides
379 2551 582 2617 lacrimanda
607 2553 742 2636 suscipit
757 2553 962 2635 detrimenta,
978 2575 1051 2617 cum
1067 2553 1138 2634 boc,
1154 2553 1200 2617 di-

7 2683 8 2694 *
71 2659 138 2725 vine
156 2660 277 2729 Vestro
293 2660 412 2724 mentis
429 2659 606 2744 prudentia
621 2680 704 2743 pene
723 2661 794 2727 visu
813 2661 983 2746 percipiat,
1002 2669 1035 2726 et
1050 2660 1199 2726 manibus

7 2827 8 2832 ,
70 2773 192 2854 tangat,
207 2789 273 2834 non
290 2767 422 2852 expedit
448 2767 623 2834 declarare.
649 2768 695 2833 Et
711 2774 748 2833 nt
764 2769 803 2834 de
820 2769 999 2853 Majestats
1015 2769 1137 2838 Vestra
1152 2773 1201 2834 ta·

7 2893 8 2968 J
70 2896 208 2960 neamus,
233 2897 331 2960 quam
348 2875 390 2941 ad
407 2880 534 2941 tantam
559 2873 824 2960 Magnitudinem
839 2877 1059 2958 Deusevexit,
1076 2884 1113 2942 ut
1128 2878 1199 2943 nul·

7 2969 9 3056 ζ
68 2983 114 3049 los
129 2984 261 3051 fortune
277 2984 428 3050 sevientis
443 2984 528 3050 ictus
544 2983 692 3049 videatur
710 3005 805 3069 posse
826 2986 955 3065 sentire,
987 3005 1093 3049 nonne
1109 2985 1195 3049 vide·

69 3093 117 3174 tis,
133 3094 384 3159 clementissime
401 3092 572 3176 Princeps,
597 3091 678 3159 duas
697 3093 779 3159 istas
794 3093 892 3160 Italie
913 3097 1019 3158 vestre
1036 3091 1196 3158 nobilissi-

7 3215 8 3218 ’
68 3221 136 3266 mas
154 3201 323 3283 Civitates,
350 3202 496 3284 duosque
522 3201 767 3285 potentissimos
784 3201 931 3286 populos,
946 3205 980 3265 et
995 3201 1137 3265 maxima
1151 3207 1198 3264 to·

68 3311 129 3375 tius
155 3308 417 3376 Christianitatis
442 3309 626 3391 luminaria,
653 3310 816 3392 urbesque
841 3309 1115 3392 commertiorum,
1132 3309 1199 3372 sine

69 3418 184 3500 quibus
201 3418 340 3484 mundus
356 3423 444 3484 stare
461 3438 526 3483 non
543 3425 658 3502 potest,
683 3425 816 3500 mattea,
831 3417 976 3501 presides
992 3422 1024 3482 et
1040 3417 1199 3498 alumnas,

69 3527 144 3592 totis
169 3525 348 3593 hincinde
373 3525 506 3606 viribus,
532 3525 797 3609 inhesaustisque
823 3525 907 3612 odijs
933 3524 1140 3605 decertando,
1156 3523 1197 3590 ad

68 3635 319 3702 destructionem
345 3657 447 3720 usque
473 3633 644 3700 consumi?
669 3632 750 3717 Quis
775 3640 922 3718 putasset
947 3634 1006 3699 hos
1033 3634 1116 3701 duos
1132 3654 1199 3698 nra-

68 3744 112 3806 ris
128 3745 292 3829 principes
307 3743 445 3828 populos
471 3763 529 3826 per
545 3748 595 3808 tot
611 3739 770 3808 bellorum
787 3743 977 3824 varietates,
990 3747 1100 3806 tantas
1115 3741 1198 3806 mari

67 3850 195 3932 classes,
219 3858 394 3935 tantosque
421 3855 513 3916 terra
536 3849 680 3934 potuisse
706 3850 809 3915 tantis
828 3848 1010 3933 sumptibus
1037 3849 1198 3915 exercitus

68 3959 253 4028 sustinere?
275 3961 394 4026 Nonne
419 3960 533 4028 videtis
558 3944 732 4042 utrumque
757 3957 922 4043 populum,
943 3965 1012 4025 tarn
1029 3958 1197 4023 vexatione

67 4066 155 4152 belli,
172 4090 271 4154 quum
287 4089 502 4154 expensarum
517 4067 671 4153 pondere,
696 4064 843 4132 totaliter
860 4066 992 4150 destrui,
1009 4071 1042 4130 et
1058 4067 1126 4132 sine
1142 4063 1198 4130 du·

67 4177 223 4245 bitatione
250 4178 383 4263 perire?
408 4177 656 4245 Consueverunt
680 4175 716 4241 hi
740 4176 861 4262 populi,
878 4174 1045 4258 Princeps,
1064 4173 1196 4258 optime,

67 4285 192 4353 sulcare
218 4288 330 4369 maria,
355 4293 389 4351 et
415 4287 461 4352 ad
483 4283 703 4351 abditissimas
729 4283 841 4350 mundi
862 4289 1065 4367 partescum
1087 4302 1197 4348 rerum

67 4397 209 4461 omniurn
224 4395 442 4459 mercimoniis
458 4400 641 4478 penetrare,
657 4393 784 4477 totique
801 4391 873 4458 orbi
904 4397 1069 4456 terrarum
1093 4391 1196 4456 invec-

66 4504 151 4570 tione
176 4505 434 4571 necessariorum
458 4501 583 4568 utiliter
608 4501 779 4582 deservire,
805 4522 957 4583 mareque
981 4521 1134 4585 superum
1165 4507 1198 4566 et

109 4645 172 4681 uos.
188 4643 266 4682 nnnc.
282 4645 351 4681 nrsr.
371 4641 499 4678 -scra
516 4643 575 4678 nar.
595 4641 634 4676 111.
1046 4616 1086 4678 27
