3248 5242
417 413 479 490 lid
769 449 1000 496 orruonrezrar
1021 439 1187 494 asinaeus.

414 605 555 671 fouenda
571 605 707 674 callidius
724 608 887 692 roborare,
916 609 1084 694 predictas
1109 632 1220 675 omnes
1238 619 1270 677 et
1288 611 1432 694 singulas
1449 611 1530 676 dona-

412 715 526 797 tiones,
547 719 771 784 eoncessiones
798 723 980 802 etgratias,
997 719 1191 802 perdicium
1214 727 1361 784 nostrum
1379 720 1409 784 V
1413 721 1529 784 icarium

413 823 581 889 iamdictis
597 825 766 909 quibusuis
783 829 903 892 uostris
923 827 1073 892 fidelibus
1091 849 1129 892 ac
1146 828 1293 911 personis
1310 828 1385 910 alijs
1401 829 1531 893 beneme-

412 933 484 997 ritis
501 936 698 1000 aueton'tute
716 935 874 1020 predicta,
890 942 927 1000 ut
944 935 1131 1019 predicitur,
1142 935 1246 1001 frictas
1257 944 1290 1002 et
1302 957 1440 1019 pereum
1456 936 1532 1000 deee-

411 1049 482 1108 tcm
510 1042 686 1127 faciendas,
712 1052 803 1110 ratas
830 1052 860 1110 et
888 1053 999 1128 gratas
1024 1043 1190 1126 habentes,
1217 1067 1255 1108 ex
1282 1068 1366 1110 nune
1384 1053 1478 1129 prout
1501 1066 1531 1108 er

413 1155 499 1232 tunc,
525 1152 565 1216 de
591 1159 680 1217 certa
706 1160 818 1219 nostra
846 1154 981 1218 seientia
999 1159 1112 1217 tenore
1131 1153 1328 1236 presentium
1345 1153 1531 1218 ratificamus

415 1266 448 1324 et
464 1259 700 1340 confirmamus,
718 1268 892 1345 nostreque
907 1261 1137 1326 ratificationis
1155 1267 1187 1325 et
1204 1259 1460 1325 confirmationis
1476 1281 1530 1324 mu·

412 1367 534 1433 nimine
551 1367 755 1448 roboramus,
781 1391 819 1434 ao
845 1368 1067 1452 promietimus
1085 1367 1172 1451 ipsas
1188 1367 1310 1433 habere
1327 1375 1417 1434 ratas
1434 1376 1530 1450 gratas

414 1479 447 1539 et
463 1475 584 1556 firmas,
601 1497 724 1540 necnon
750 1483 781 1540 et
808 1476 849 1540 ad
875 1477 1066 1558 petitionem
1093 1497 1357 1559 quorumcunque
1382 1475 1531 1558 postulan-

413 1582 494 1647 tium
520 1584 735 1650 corroborare
762 1606 821 1666 pro
847 1605 931 1648 nouo
958 1588 1145 1650 nostrarum
1171 1584 1360 1649 lioterarum
1386 1582 1531 1665 suffragio

412 1711 484 1755 cum
501 1691 656 1757 clausulis
681 1681 1036 1772 et'sollempnitatibus
1062 1691 1239 1773 oportunis.
1266 1689 1423 1756 Volentes
1439 1697 1471 1754 et
1487 1688 1531 1752 de·

413 1807 581 1864 cernentes
598 1819 759 1882 expresse,
776 1797 863 1882 quod
882 1797 1066 1881 huiusmodj
1085 1798 1276 1864 donationes
1292 1805 1325 1863 et
1341 1800 1455 1882 gratie,
1471 1817 1531 1880 pre-

414 1929 550 1990 seusque
566 1908 670 1972 nostri
689 1927 840 1972 assensus
857 1911 889 1970 et
906 1905 1163 1971 confirmationis
1180 1908 1290 1989 gratia
1307 1907 1422 1972 exinde
1433 1907 1531 1970 subse·

415 2023 501 2101 outa,
519 2016 666 2099 personis
684 2015 801 2098 quibus
818 2013 902 2079 facte
929 2021 1004 2079 sunt
1029 2036 1085 2079 seu
1110 2014 1190 2079 fient
1216 2012 1393 2079 efficaciter
1410 2013 1531 2080 stabiles

410 2131 442 2187 et
458 2123 765 2188 incommutabiliter
782 2123 845 2186 sint
863 2122 978 2202 reales,
1003 2121 1161 2187 fidelitate
1182 2127 1305 2204 nostra,
1322 2144 1360 2187 ac
1378 2122 1449 2205 alijs
1464 2142 1527 2186 nos-

410 2231 471 2296 tris
490 2237 522 2295 et
538 2229 710 2296 cuiuslibet
736 2229 871 2294 alterius
895 2229 1024 2313 juribus
1051 2251 1177 2313 semper
1193 2228 1305 2294 saluis.
1335 2230 1375 2294 In
1391 2230 1477 2294 cinus
1491 2229 1531 2292 rei

411 2339 633 2403 testimonium
675 2344 842 2420 presentes
884 2339 1015 2402 licteras
1056 2337 1172 2400 exinde
1213 2336 1283 2402 fieri
1327 2343 1359 2402 et
1391 2336 1532 2422 pendenti

411 2445 599 2511 Maiestatis
625 2443 746 2509 Nostre
773 2443 880 2526 sigillo
903 2444 1058 2527 jussimus
1089 2445 1290 2527 communirj.
1322 2444 1411 2509 Data
1430 2441 1533 2527 Capne

412 2554 445 2617 in
478 2552 628 2618 absentia
660 2551 845 2635 Logotlrele
872 2559 903 2616 et
938 2551 1276 2638 Protlronotarijuper
1310 2553 1412 2616 uirum
1448 2552 1531 2616 nobi·

408 2661 471 2724 lenr
489 2660 656 2725 Donatum
674 2660 714 2724 de
731 2661 847 2726 Aretio
865 2660 991 2743 Legum
1007 2660 1186 2726 Doctorem
1214 2668 1276 2725 etc.
1299 2683 1385 2726 anno
1408 2659 1530 2726 Domini

409 2766 806 2834 MOOOLXXXXIIII.
833 2768 886 2834 die
913 2769 1000 2834 [III.
1024 2770 1109 2855 Julij
1127 2771 1229 2852 prime
1245 2769 1438 2850 indictionis
1454 2767 1533 2846 Reg-

410 2897 524 2938 norum
541 2882 728 2940 nostrorum
744 2896 829 2940 anno
847 2877 994 2958 septimo.

404 3022 429 3069 Α
444 3022 528 3083 »Regi
543 3022 597 3070 atri
614 3021 770 3086 Angioiui«
799 3026 860 3072 363.
875 3037 913 3072 aa.
928 3037 960 3083 a,
974 3023 1043 3087 Reg.
1057 3021 1178 3072 Iradislai
1193 3021 1275 3085 Regis
1289 2997 1430 3070 littetedol
1446 3025 1497 3068 lsi.
1512 3017 1537 3066 l..

678 3128 711 3162 az
726 3113 801 3162 olasz
815 3114 868 3162 leir.
884 3113 997 3176 nrtpolyi
1011 3128 1085 3178 nagy
1100 3112 1281 3163 lerelrarban.

899 3276 992 3283 .----
1000 3274 1057 3282 ...ι-

940 3439 1014 3500 472.

477 3595 611 3686 ‚Velipes
626 3598 747 3663 celiani
762 3600 907 3685 pulsant·
924 3601 1124 3685 lclestelne'nye
1149 3599 1362 3664 Veleuczefbeu.
1383 3602 1475 3664 1394.

510 3759 1537 3844 Annonroccnxxxxssss.dioxxvnaugstii.Capta.

404 3864 485 3930 Cum
503 3867 586 3931 alias
603 3889 688 3932 anno
715 3866 980 3934 MthCXLHI.
1005 3869 1136 3951 quidam
1156 3867 1274 3933 Comes
1292 3868 1458 3951 Neliptius
1475 3869 1539 3932 Do-

403 3979 508 4042 minus
526 3978 641 4042 Cetine
667 3979 811 4062 partium
838 3977 1018 4060 sclavonia,
1045 3979 1155 4060 vigore
1173 3978 1260 4060 pacis
1276 3983 1420 4042 tractate
1437 3985 1469 4042 et
1485 3977 1535 4041 lir-

401 4092 493 4149 mate
524 4087 609 4150 inter
637 4109 692 4150 uus
719 4093 750 4150 et
776 4107 858 4168 eum,
875 4087 1057 4170 depositum
1075 4086 1189 4151 lecerit
1204 4086 1246 4150 ad
1264 4083 1439 4152 Camenam
1457 4087 1539 4152 Fru-

403 4195 503 4258 menti
517 4194 674 4260 librarum
688 4195 799 4278 uiginti
811 4195 956 4276 millium,
967 4195 1006 4259 de
1018 4195 1133 4277 quibus
1145 4195 1282 4260 debebat
1299 4195 1422 4261 habere
1438 4191 1541 4278 prode

404 4321 496 4365 suurn
524 4301 565 4365 ad
591 4303 752 4368 rationem
780 4303 922 4388 quinque
940 4326 999 4387 pro
1017 4305 1214 4384 centenario
1229 4304 1279 4367 uti
1296 4306 1484 4368 continetur
1507 4303 1540 4364 in

401 4412 568 4490 quaternis
586 4411 672 4477 dicte
689 4409 836 4493 (lamere,
854 4413 943 4478 etde
961 4413 1026 4476 illis
1044 4413 1197 4477 habuerit
1223 4412 1337 4476 multis
1355 4413 1448 4477 annis
1465 4431 1538 4494 pru·

400 4517 448 4595 de,
465 4519 520 4582 sed
538 4528 669 4603 propter
686 4542 822 4600 guerras
840 4527 872 4584 et
890 4522 971 4585 alias
989 4520 1149 4584 novitates
1166 4543 1185 4585 a
1206 4521 1316 4584 multis
1341 4522 1435 4584 aunis
1452 4519 1536 4584 eitra

401 4624 506 4688 nullus
534 4630 712 4708 comparuit
738 4629 780 4692 ad
816 4628 992 4711 petendum
1028 4628 1139 4710 prodo,
1177 4649 1235 4692 uee
1271 4629 1432 4710 capitale;
1456 4645 1541 4691 nune
