3214 5250
589 305 682 366 1387.

594 613 673 675 466.

74 768 130 830 VI.
151 769 264 834 orbae
279 773 371 854 pdpa
388 771 563 856 Zaipmond
580 771 695 858 leirdly
712 773 744 834 da
770 771 888 836 Mo'ria
914 789 1054 855 mugyar
1080 765 1203 851 leirdly·

71 876 167 940 ae'lzoz
184 877 310 950 'tarazas
325 875 494 944 leueleiben
513 879 631 943 drdrne't
647 879 750 965 fejear‘
775 877 822 956 tt,
846 880 928 964 bogy
955 897 995 942 aa
1019 873 1127 940 orobba·
1153 873 1202 941 lti-

389 985 562 1051 aaabaddlt
570 985 776 1074 fogsdpdddt.
794 987 888 1052 1387.

179 1142 335 1209 Urbanus
361 1143 546 1226 Episcopus
573 1165 666 1210 sevus
693 1167 859 1213 servorum
883 1143 947 1210 Dei
973 1142 1142 1208 carissimo
1170 1143 1204 1210 in

77 1249 214 1317 Christo
230 1251 298 1317 filio
320 1251 528 1335 Sigismundo
553 1253 638 1335 Regi
665 1254 812 1337 Vngarie
837 1252 957 1318 illustri
982 1250 1119 1316 salutem
1145 1257 1205 1316 eto.

69 1361 217 1443 Magnus
232 1358 394 1425 Dominus
411 1367 443 1425 et
460 1382 578 1445 magna
593 1363 695 1428 virtus
713 1363 790 1444 eius,
807 1365 841 1427 et
856 1358 1090 1445 magnitudinis
1116 1358 1205 1424 illius

70 1490 137 1533 non
154 1473 205 1532 est
220 1467 302 1551 finis,
318 1468 395 1552 quia
411 1491 574 1553 nunquam
592 1475 765 1554 sperantes
782 1471 817 1536 in
841 1491 883 1552 se,
909 1489 1075 1553 nunquam
1100 1468 1203 1534 iustas

69 1596 192 1642 causas
207 1576 336 1641 deserit.
352 1577 397 1642 Et
412 1599 452 1642 ne
467 1579 562 1661 longe
578 1577 739 1644 factorum
756 1582 911 1668 petantur
921 1575 1078 1659 exempla,
1094 1598 1197 1660 nuper

71 1706 148 1750 oum
164 1684 333 1750 carissima
348 1686 382 1752 in
398 1684 529 1751 Christo
545 1686 614 1751 filia
633 1692 746 1752 nostra
762 1685 873 1754 Maria
897 1685 1027 1768 Regina
1044 1683 1201 1768 Vngarie,

69 1791 214 1857 illustris
230 1815 364 1858 consors
380 1799 447 1876 tua,
471 1794 598 1878 pridem
623 1779 711 1860 sorte
737 1794 871 1860 sinistra
894 1815 953 1879 per
978 1791 1116 1859 rebelles
1131 1814 1207 1875 per·

71 1900 160 1966 fidos
176 1899 368 1986 intercepta,
384 1924 442 1986 per
457 1903 587 1969 eosdem
605 1903 733 1988 captiva
750 1901 784 1968 in
800 1902 881 1970 loeis
897 1901 1030 1968 munitis
1046 1900 1208 1968 detinere·

70 2016 139 2090 tur,
157 2015 190 2073 et
206 2009 444 2092 quodammodo
462 2009 636 2075 seeundum
654 2009 830 2076 humanum
845 2009 1001 2077 iudicium
1017 2007 1057 2075 de
1074 2009 1143 2076 eius
1169 2008 1208 2073 li-

70 2117 245 2184 beratione
262 2115 353 2182 nulla
367 2123 426 2183 aut
442 2118 617 2184 admodum
633 2140 738 2203 pauca
763 2139 836 2202 spes
852 2117 1036 2198 videretur3
1064 2115 1201 2182 dilectos

72 2225 162 2290 lilios
177 2223 318 2288 nobilem
334 2224 438 2288 virum
454 2223 637 2292 Antonium
657 2222 800 2292 Venerio
817 2223 942 2290 Ducem
957 2229 992 2294 et
1017 2221 1202 2289 Communi·

72 2338 183 2398 tatem
198 2330 412 2399 Venetiarurn
428 2333 586 2398 animavit
601 2337 634 2397 et
651 2330 788 2413 induxit,
805 2335 841 2398 ut
866 2352 940 2398 oum
963 2329 1206 2416 presidentibus

73 2441 180 2528 galeis
196 2461 305 2506 eorum
322 2441 365 2505 ad
381 2441 562 2508 custodiam
579 2441 699 2526 Oulphi
717 2443 884 2526 deputatis
900 2440 1015 2508 ordine
1030 2440 1119 2523 dato,
1129 2438 1210 2506 dicti

73 2550 280 2636 presidentes
297 2572 361 2615 una
377 2572 449 2615 oum
466 2550 584 2617 dilecto
601 2549 668 2616 filio
693 2550 795 2617 nobili
812 2552 880 2617 viro
911 2551 937 2618 J
939 2551 1066 2616 ohanne
1082 2545 1211 2615 domito

75 2657 261 2740 Segniense
277 2664 311 2723 et
325 2658 414 2724 felini
434 2665 490 2724 tuo
517 2659 662 2724 exercitu
687 2679 787 2743 prope
814 2656 968 2724 Castrum
992 2655 1132 2738 Novum,
1155 2656 1211 2725 ubi

74 2767 170 2834 diota
186 2765 315 2849 Regina
331 2765 550 2848 detinebatur,
566 2767 698 2832 insimul
715 2766 932 2850 convenirent,
949 2787 988 2832 ao
1002 2768 1136 2833 tandem
1152 2788 1211 2850 per

74 2875 294 2942 ministerium
321 2875 465 2959 ipsorum
481 2874 642 2959 prefatam
667 2874 830 2958 Reginam
846 2896 919 2941 oum
944 2875 1064 2959 insigni
1088 2875 1212 2940 honore

75 2989 112 3050 et
128 2982 254 3066 ingenti
269 2982 377 3049 letitia
387 2984 420 3049 in
431 2985 603 3067 pristinam
619 2984 805 3050 libertatem
816 2985 936 3050 eduxit
953 2982 1061 3068 Quam
1079 2981 1211 3066 quidem

75 3090 308 3160 liberationem
323 3090 401 3156 dioti
425 3091 503 3156 Dux
519 3097 551 3156 et
577 3089 805 3158 Communitas
829 3114 900 3158 oum
926 3091 1045 3157 devota
1069 3089 1213 3157 iocundi-

75 3204 151 3266 tate
166 3197 260 3263 nobis
277 3219 379 3283 nuper
396 3199 598 3264 intimarunt.
615 3197 683 3282 Ipsi
700 3221 777 3282 ergo
797 3199 939 3265 Domino
955 3199 1027 3266 laus
1044 3204 1079 3264 ot
1095 3198 1213 3283 gloria,

76 3305 134 3372 oui
151 3307 322 3390 imperinm
339 3312 373 3373 et
388 3313 535 3391 potestas
551 3330 610 3392 per
620 3307 748 3374 infinita
759 3309 876 3374 secula.
889 3312 956 3374 Nos
968 3329 1098 3395 quoque
1113 3328 1213 3394 prop-

77 3421 184 3496 terea,
201 3415 255 3496 qui
272 3414 312 3478 de
338 3415 527 3499 captivitate
553 3417 641 3480 anxii
668 3415 842 3496 fueramus,
868 3422 901 3482 et
926 3438 985 3500 pro
1008 3417 1215 3498 liberatione,

77 3522 270 3590 huiusmodi
287 3525 374 3606 apud
389 3522 565 3589 Dominum
593 3531 625 3589 et
651 3525 849 3592 incessantes
875 3546 986 3610 preces
1013 3525 1211 3606 foderamus,

79 3631 190 3696 eidem
208 3629 348 3697 Domino
365 3632 504 3698 humiles
522 3633 647 3716 gratias
658 3634 792 3714 egimus,
818 3633 910 3698 illum
936 3634 1085 3701 obnixius
1102 3632 1215 3718 depre-

79 3741 207 3821 cantes,
222 3745 259 3803 ut
275 3740 359 3804 siout
384 3739 547 3823 Reginam
573 3740 679 3823 ipsam
705 3740 865 3824 liberavit,
882 3747 915 3807 et
940 3743 1023 3808 siout
1043 3762 1211 3825 speramus

81 3847 135 3912 ita
152 3867 211 3913 sua
227 3849 351 3934 pietate
369 3849 532 3930 concedat,
550 3848 637 3932 quod
652 3847 805 3915 liberatio
822 3849 1006 3935 hujusmodi
1027 3851 1070 3916 sit
1095 3847 1211 3916 efficax

82 3976 195 4035 causa,
212 3955 299 4041 quod
313 3956 371 4021 illa
387 3957 501 4021 inolita
511 3955 636 4040 Regna,
647 3979 709 4039 que
725 3957 759 4022 in
775 3979 895 4042 magna
912 3959 1125 4025 commotione
1137 3963 1215 4024 sunt

83 4063 207 4149 posita,
233 4062 277 4129 ad
303 4085 415 4147 paoem
431 4072 464 4130 et
489 4065 648 4129 unitatem
673 4065 881 4148 reducantur,
897 4065 974 4130 boni
1008 4065 1217 4150 premientur,

82 4172 165 4239 mali
191 4194 266 4240 vero
292 4180 351 4239 aut
375 4177 591 4258 corrigantur,
618 4179 676 4238 aut
700 4174 795 4241 luant
820 4199 878 4260 pro
904 4175 1070 4242 demeritis
1095 4176 1213 4258 dignas

83 4299 198 4365 penas.
215 4278 436 4364 Quamobrem
450 4287 492 4363 te,
508 4282 790 4364 paramentissirne
810 4282 867 4365 fili,
883 4285 1053 4350 hortamur
1069 4290 1101 4348 et
1127 4282 1217 4348 obse·

25 4439 33 4451 .
85 4407 219 4454 oramus
235 4389 268 4451 in
284 4388 426 4454 Domino
441 4387 523 4456 Jesu
539 4386 681 4472 Christo,
693 4397 853 4472 quatenns
869 4397 936 4457 tam
953 4399 999 4472 tu,
1015 4411 1114 4474 quam
1130 4389 1217 4457 diota

87 4496 220 4578 Regina
236 4497 378 4602 gratiam
394 4496 597 4563 liberationis
616 4497 800 4564 huiusmodi
818 4499 982 4565 humiliter
997 4497 1037 4564 ab
1064 4499 1135 4582 ipso
1151 4497 1218 4564 Do·
1339 4583 1340 4586 Ἴ
