3190 5252
402 345 468 410 418
758 357 991 408 umnounczmi
1009 345 1177 405 anabusn.

399 523 543 596 ⁴inferum
569 525 628 590 sub
645 523 705 588 tali
722 523 886 589 continere
911 513 1170 604 custodiaquod
1187 540 1268 604 pene
1286 518 1429 584 securius
1443 515 1517 582 nau·

403 631 544 714 gabatm·
560 633 593 696 in
609 632 712 715 aquis,
738 653 837 715 quam
862 630 977 695 mediis
1003 631 1036 693 in
1063 627 1197 694 urbibus
1223 649 1288 692 rion
1304 624 1517 710 degebaturiu
1585 671 1586 678 κ

401 739 506 804 terris.
522 737 620 805 Nunc
633 744 754 822 autem,
769 737 851 822 proh
874 736 988 803 dolor!
1005 737 1085 820 ipsis
1103 736 1163 802 hoc
1180 733 1306 802 exiciali
1318 733 1405 800 bello
1422 731 1516 798 taliter

403 845 589 930 implicatis
605 851 697 912 tauto
715 866 928 928 personarum
945 849 979 909 et
994 865 1102 910 rerum
1127 843 1272 928 periculo
1288 863 1347 926 per
1363 861 1450 906 mare
1465 839 1517 904 dis·

403 955 556 1037 curritur,
573 952 661 1038 quod
677 953 743 1018 iere
760 952 858 1036 plura
873 960 949 1018 suut
964 974 1027 1037 que
1052 957 1198 1036 pereuut,
1214 972 1313 1034 quam
1330 970 1391 1032 que
1407 947 1446 1014 ad
1460 947 1517 1012 des·

403 1062 525 1127 tiuatos
541 1068 655 1145 portus
671 1061 846 1126 incolumia
861 1059 1061 1126 deseruntur.
1080 1059 1186 1141 Nunc,
1202 1055 1284 1143 proh
1299 1057 1422 1142 pudor!
1437 1063 1516 1122 tauta
1585 1039 1586 1048 ἵ

405 1175 614 1254 pyrratarum
631 1168 764 1235 licentia
780 1190 869 1234 mare
887 1167 1049 1249 turbatur,
1065 1166 1154 1251 quod
1170 1167 1267 1233 ctiam
1278 1165 1449 1232 Saracenis
1464 1185 1518 1229 cre·
1584 1147 1586 1178 ¹

404 1279 450 1345 vit
466 1279 608 1360 audatia,
633 1287 748 1345 contra
773 1276 979 1345 Christianos
1006 1280 1207 1363 pyrraticam
1227 1299 1388 1345 exercere.
1406 1275 1518 1361 Quique
1585 1285 1586 1290 ’

405 1387 456 1451 rix
475 1388 540 1451 suis
557 1387 620 1452 tuti
637 1386 813 1452 manebant
829 1388 862 1450 in
878 1387 1047 1471 portubus,
1066 1409 1151 1453 nuuc
1167 1408 1285 1471 magno
1306 1385 1518 1452 Christianita·
1585 1463 1586 1466 Ἴ

404 1495 447 1558 tis
464 1493 648 1578 opprobrio,
673 1496 705 1559 in
731 1495 923 1560 servitutem
942 1493 1055 1560 fideles
1081 1495 1241 1579 redigunt,
1267 1516 1365 1561 naves
1383 1493 1517 1578 spoliant,
1585 1551 1586 1556 ,

405 1602 528 1668 insulas
545 1603 753 1684 circumeunt,
769 1604 801 1667 in
820 1601 1157 1685 Christicolarumque
1173 1609 1288 1688 portus
1299 1603 1424 1668 seviunt
1438 1609 1467 1666 et
1480 1599 1518 1663 in·

405 1709 636 1794 sultaut.·Que
662 1731 735 1776 cum
760 1711 809 1775 ita
826 1710 901 1792 sint,
924 1709 1151 1795 benignissime
1168 1710 1334 1795 Princeps,
1352 1715 1518 1794 apponatur

404 1823 454 1884 tot
478 1818 572 1883 unalis
597 1817 784 1900 remedium,
809 1822 921 1900 totque
945 1817 1093 1884 cladibus
1109 1818 1183 1883 finis
1208 1818 1310 1884 detur.
1326 1817 1437 1885 Nolite
1450 1813 1517 1900 pati,
1585 1839 1586 1880 u

405 1925 486 1991 duas
497 1931 607 1991 tantas
618 1947 658 1990 ac
668 1932 737 1990 tam
747 1924 874 1991 nobiles
885 1924 1045 1991 Civitates
1054 1926 1087 1990 iu
1098 1947 1130 1990 se
1142 1927 1230 2009 ipsas
1240 1925 1301 1991 hoc
1311 1931 1379 1991 tam
1391 1928 1520 2000 cruento,
1584 1915 1586 1998 ἦ

405 2039 538 2118 tumque
554 2033 750 2100 lacrimabili
766 2033 852 2099 bello
868 2034 1043 2098 tabescere.
1069 2031 1110 2097 In
1126 2033 1275 2100 manibus
1291 2031 1420 2100 Vestris
1435 2033 1519 2096 situm

409 2147 468 2222 est,
493 2142 625 2208 devotos
656 2147 689 2205 et
719 2140 890 2224 colligatos
915 2139 1101 2224 Majestatis
1127 2139 1257 2224 Vestre,
1286 2141 1519 2220 carissimosque

408 2249 526 2314 fratres
553 2256 682 2314 nostros
707 2250 893 2316 Januenses
919 2249 951 2312 iu
977 2269 1056 2332 pace
1081 2269 1248 2331 reponere,
1267 2247 1473 2330 Venetosque
1487 2243 1520 2308 de

408 2356 556 2422 hostibus
573 2355 700 2422 infestis
715 2358 748 2419 in
765 2356 886 2421 amicos
908 2353 1111 2421 fidelissimos
1121 2362 1329 2423 commutare.
1346 2353 1410 2420 Oh!
1432 2375 1519 2437 quau·
1585 2343 1586 2346 '

407 2470 476 2530 tum
493 2470 526 2528 et
544 2462 642 2546 quale
657 2461 848 2528 beneficium
865 2484 923 2546 pro
940 2462 1025 2531 bello
1041 2483 1153 2547 pacem
1170 2463 1366 2547 impendere,
1378 2467 1522 2529 armatas·
1584 2501 1586 2554 3

407 2591 469 2654 quc
494 2571 581 2637 ferro
608 2592 722 2637 iuauus
747 2570 790 2636 ad
806 2591 922 2653 remos
938 2577 971 2636 et
987 2571 1122 2637 meliora
1146 2572 1237 2655 pacis
1256 2592 1358 2655 opera
1373 2589 1520 2637 revocare.
1584 2593 1586 2636 τ

313 2756 317 2764 .
405 2677 434 2744 Ο
452 2685 608 2761 quantum
619 2685 652 2743 et
663 2678 758 2764 quale
774 2679 910 2763 lucrum,
928 2701 947 2744 o
967 2684 1086 2764 quante
1109 2678 1271 2760 utilitatis,
1290 2678 1364 2745 Rex
1381 2680 1523 2760 benigue,
1585 2675 1586 2754 ᾗ

406 2787 641 2869 commertium,
657 2809 715 2871 pro
732 2787 869 2852 inimicis
880 2787 999 2854 amicos
1008 2788 1188 2868 acquirere,
1204 2791 1238 2852 et
1254 2788 1340 2853 uude
1356 2787 1521 2871 periculum
1584 2787 1586 2804 '

408 2895 574 2960 minimum
592 2897 713 2980 suscipi
738 2901 876 2980 poterat,
901 2917 1054 2979 magnum
1071 2902 1104 2962 et
1119 2894 1213 2961 fidele
1230 2895 1408 2962 subsidium
1425 2914 1523 2978 expec-
1584 2905 1586 2984 j

412 3003 502 3068 tare!
525 3003 686 3086 Denique,
704 3002 781 3086 quid
796 3010 867 3068 tam
891 3001 1042 3085 Regium,
1059 3003 1136 3086 quid
1152 3011 1220 3068 tam
1236 3003 1422 3088 gloriosum,
1437 3021 1523 3087 quam
1584 3019 1586 3086 ᾗ

408 3110 575 3175 remittere
592 3109 753 3176 iniurias?
776 3131 920 3194 parcere,
940 3132 1012 3174 cum
1025 3111 1129 3194 possis
1140 3110 1280 3177 ulcisci?
1305 3109 1417 3178 Solent
1428 3112 1523 3193 Reges
1585 3101 1586 3148 3

407 3218 516 3284 multis
532 3240 604 3283 cum
629 3218 857 3286 vocabulorum
876 3218 1046 3286 ornatibus
1062 3220 1241 3301 nominari;
1265 3219 1341 3285 hiuc
1356 3217 1521 3287 illustrissi-

409 3346 488 3407 mos,
506 3328 581 3392 hiuc
596 3328 739 3408 invictos,
757 3327 831 3391 hiuc
847 3326 983 3406 inclitos,
1009 3326 1147 3410 hincque
1163 3327 1413 3411 gloriosissimos
1429 3321 1525 3410 appel·
1585 3329 1586 3346 ²

405 3433 522 3500 lamus.
538 3435 676 3502 Nullum
689 3441 798 3501 tarum
816 3435 928 3520 majus,
954 3434 1077 3499 nullum
1094 3435 1287 3500 eminentius
1303 3434 1447 3520 Regibus
1462 3452 1524 3515 epp·
1585 3441 1586 3504 ἶ

408 3543 535 3608 thetum
562 3543 741 3628 scribimus,
767 3564 864 3626 quam
890 3564 962 3608 cum
979 3564 1033 3609 eos
1051 3541 1282 3611 Sereuissimos
1306 3559 1525 3628 nuncupamus.
1585 3535 1586 3540 ’

409 3646 532 3716 Cetera
556 3673 637 3736 peue
663 3652 794 3734 quidem
820 3650 949 3742 fortrme
975 3649 1132 3716 beneficia
1148 3658 1232 3736 suut,
1248 3651 1310 3718 hoc
1326 3652 1442 3717 mentis
1456 3650 1525 3714 bene

410 3758 586 3841 composite
603 3780 718 3824 nomeu
735 3764 803 3839 est,
827 3757 1078 3841 magnanimitas
1093 3760 1187 3842 enim,
1203 3753 1526 3841 clementia,benigui·
1585 3799 1586 3808 η

409 3870 470 3949 tae,
496 3888 558 3950 que
582 3868 682 3934 etiam
708 3866 814 3932 solent
840 3865 986 3949 Regibus
1003 3866 1160 3952 adhiberi,
1176 3868 1365 3952 mediocres,
1381 3875 1413 3933 et
1430 3865 1526 3950 potius
1585 3899 1586 3902 =

408 3975 609 4057 privatorum
635 3974 748 4040 laudes
774 3981 857 4038 sunt.
888 3973 962 4037 Hec
987 3979 1097 4038 autem
1121 3995 1187 4039 una
1212 3971 1389 4053 Serenitas,
1411 3979 1526 4038 tautam

410 4083 527 4146 mentis
543 4083 780 4147 ordinationem
796 4081 959 4165 exprimit,
985 4080 1072 4165 quod
1088 4102 1216 4146 omnem
1233 4081 1391 4147 virtutum
1408 4074 1527 4160 integri·

413 4195 515 4254 tatem
540 4189 651 4273 procul
678 4189 776 4255 dubio
802 4189 1054 4273 comprehendit.
1070 4189 1178 4254 Huius
1195 4190 1280 4254 euim
1297 4189 1465 4274 proprium
1481 4188 1529 4254 est,

412 4305 553 4365 mentem
570 4299 709 4382 Regiam
729 4299 971 4364 immaculatam
1002 4297 1043 4364 ab
1061 4298 1148 4362 omui
1169 4298 1327 4364 viciorum
1343 4298 1428 4380 labe,
1442 4296 1529 4360 letum

406 4409 493 4472 omui
509 4409 666 4473 virtutum
692 4407 891 4490 operatione,
908 4408 981 4472 odio
1002 4429 1146 4489 vacuam,
1171 4413 1205 4472 et
1220 4407 1449 4473 inconcussam
1468 4419 1528 4484 per·

409 4515 651 4586 turbationibus
668 4515 841 4580 continere.
858 4513 934 4580 Nou
952 4523 1002 4581 est
1017 4537 1130 4582 serena
1147 4523 1254 4582 mente
1272 4517 1327 4600 qui
1344 4537 1411 4580 non
1427 4507 1528 4596 parcit
