3182 5252
577 383 672 446 lass.
1125 379 1188 444 549

56 563 185 646 negotia
201 561 393 628 Serenitatis
411 560 532 625 Vestra
548 567 599 625 est
615 562 749 625 diversis
776 560 923 643 personis
943 559 975 621 in
1001 557 1110 621 multis
1136 578 1189 640 pe·
1236 586 1240 596 ¹

56 671 156 736 cuniis
172 669 347 752 obligatus
363 675 397 734 ct
413 669 476 752 ipsi
495 667 616 752 pluries
643 667 834 732 solutionem
852 687 942 732 suam
969 687 1078 728 coram
1095 664 1189 729 nobis

56 777 288 843 instantissime
304 779 489 861 petierunt3
506 772 672 860 predictus
690 799 741 840 ser
757 775 914 842 Nicolans
930 795 993 838 non
1011 770 1109 837 audet
1123 771 1187 838 iam

58 887 111 951 din
128 906 327 970 comparere,
344 886 400 966 qui
418 907 482 949 non
499 883 624 951 habens
640 885 725 949 unde
742 883 873 965 solvero,
890 884 984 948 timet
1000 879 1187 946 carceribus

55 996 254 1078 mancipari,
271 995 360 1077 qnod
377 1015 435 1060 nos
452 1000 590 1077 agravat
607 998 639 1057 et
656 992 842 1076 perturbat,
858 991 1032 1076 presertim
1059 1011 1117 1073 pro
1134 989 1188 1052 bo-

58 1124 133 1167 nore
150 1102 266 1186 Regio,
283 1123 378 1184 quern
395 1107 523 1165 tantum
540 1101 714 1184 diligimus,
731 1109 763 1165 et
780 1123 839 1184 pro
864 1101 983 1164 damno
1010 1105 1042 1162 ot
1068 1097 1188 1162 incom-

60 1210 152 1276 modo
171 1209 249 1275 civis
265 1210 368 1274 nostri
384 1216 417 1274 et
433 1209 570 1274 aliorum
589 1209 706 1274 civium
722 1217 909 1274 nostrorum
936 1206 1120 1273 debentium
1138 1227 1187 1270 re-

55 1319 160 1401 cipere
177 1316 359 1381 mercedem
375 1337 475 1380 suam.
494 1313 604 1399 Quare
622 1339 693 1381 eum
723 1317 897 1401 propinqui
924 1316 973 1380 sui
1000 1336 1075 1398 sepe
1101 1333 1185 1378 corn·

55 1425 224 1509 paruerint
239 1446 351 1490 coram
367 1423 470 1504 nobie,
486 1425 697 1507 requirentes,
724 1427 810 1509 quod
831 1423 1051 1508 provideatur,
1068 1428 1104 1486 ut
1120 1420 1187 1486 dic·

55 1539 104 1598 tus
119 1554 173 1598 ser
190 1530 348 1598 Nicola'us
364 1531 469 1614 possit
485 1551 578 1596 suam
594 1533 848 1598 satisfactionem
859 1532 989 1612 habere,
1006 1535 1042 1596 ut
1058 1550 1185 1612 compe-

54 1663 124 1706 rere
155 1639 260 1723 possit
284 1637 440 1720 Venetiis,
468 1646 500 1704 et
526 1640 723 1722 satisfacere,
742 1642 860 1723 quibus
878 1663 976 1707 causa
999 1629 1185 1705 Maiestatis

56 1743 170 1815 Vestre
181 1753 321 1829 tenetur,
332 1745 567 1812 Celsitudinem
578 1745 733 1814 Vestram
740 1749 877 1830 Regiam
887 1747 1120 1813 instantissime
1132 1743 1184 1808 de·

54 1877 233 1939 precamur,
250 1862 410 1939 quatenns
427 1877 486 1939 pro
496 1855 618 1922 honore
630 1855 815 1922 Maiestatis
829 1854 956 1937 vestre,
971 1862 1003 1919 et
1013 1862 1049 1919 nt
1059 1852 1186 1938 predic·

57 1970 106 2030 tus
122 1965 203 2032 civis
218 1971 330 2029 noster
348 1969 442 2028 exeat
457 1963 497 2028 de
513 1962 680 2029 laboribus
697 1966 779 2044 istis,
796 1971 829 2029 et
844 1971 880 2031 ut
899 1965 972 2046 illis,
990 1963 1047 2046 qui
1063 1962 1184 2027 babere

55 2070 181 2154 debent,
198 2072 324 2156 possint
349 2071 472 2136 babere
498 2071 689 2137 solutionem
706 2094 806 2153 snam,
823 2073 975 2156 dignetur
991 2077 1103 2136 tenere
1121 2091 1186 2133 mo·

55 2179 129 2245 dum
155 2180 282 2263 absque
308 2179 383 2244 aliis
409 2179 556 2260 induciis,
588 2181 675 2262 quod
708 2181 779 2264 ipse
815 2180 936 2245 babeat
969 2180 1003 2244 in
1038 2176 1185 2242 omnibus

14 2307 18 2312 ·
57 2288 173 2352 merito
202 2287 404 2368 eoutentari;
428 2287 515 2369 quod
543 2289 569 2350 si
595 2285 659 2366 fiet,
686 2288 859 2372 plurimum
876 2287 970 2352 nobis
988 2285 1138 2370 placebit,
1154 2291 1188 2348 et

54 2394 113 2462 erit
137 2417 275 2476 magnus
300 2396 404 2460 bonor
426 2395 615 2462 Maiestatis
645 2393 779 2474 Vestre3
804 2406 837 2460 et
864 2397 897 2461 in
923 2417 1003 2460 casu
1029 2416 1092 2477 qno
1120 2415 1183 2456 non

55 2501 145 2567 fieret
162 2499 286 2566 civibus
311 2501 433 2566 nostris
460 2504 494 2566 in
521 2502 644 2568 iuribus
662 2503 729 2568 suis
746 2502 921 2568 secundum
937 2502 1102 2582 iustitiam,
1120 2499 1185 2565 des·

56 2609 149 2674 ficere
165 2630 231 2673 nou
247 2631 424 2692 possemus.
1105 2617 1114 2630 '

99 2753 135 2817 (A
151 2753 260 2804 »niati«
277 2754 367 2806 canan
380 2756 521 2807 releuczei
534 2757 715 2822 allsurkbnyv
730 2759 860 2810 XXXIX.
877 2757 1028 2808 necessust.
1044 2761 1086 2806 53.
1101 2757 1130 2816 l.)

541 2919 575 2926 ...-

587 3067 659 3130 303.
722 3135 724 3142 ,

58 3225 85 3286 A
100 3223 255 3288 001οι10κεὶ
270 3224 616 3310 kornrrdoptonciceoak
628 3229 761 3294 salossa
773 3228 964 3293 Bernordoc'
981 3227 1119 3290 Ferencz
1136 3237 1183 3289 tu·

454 3336 654 3400 dositdsu'ra.
681 3338 777 3402 1385.

160 3489 260 3556 Anno
286 3490 643 3560 MCCOLXXXHII.
660 3496 712 3562 die
738 3497 835 3566 XVI.
851 3496 1014 3564 Jannarii.
1032 3495 1184 3577 Capta.

58 3595 149 3680 Quod
166 3601 406 3685 respondeatur
422 3625 480 3687 per
496 3627 548 3669 ser
566 3604 721 3672 Carolum
739 3605 832 3673 Genu
844 3614 877 3672 et
888 3608 992 3672 socios
1008 3604 1184 3670 Francisco

58 3705 95 3770 de
120 3707 299 3790 Bernardo,
319 3711 541 3796 monstrando²
558 3713 644 3796 quod
669 3714 886 3798 respondeant
903 3721 935 3779 et
952 3711 1098 3778 scribant
1114 3734 1133 3775 a
1150 3731 1183 3775 se

57 3812 88 3878 in
102 3813 163 3881 bac
179 3816 293 3895 forma,
310 3816 460 3883 videlicet
478 3845 484 3883 :
1172 3883 1174 3888 .

161 3923 195 3989 A
212 3925 321 4008 quello
338 3926 396 3991 01ιο
413 3927 479 4010 uuij
497 3930 635 3994 scriuete
653 3930 736 3996 delle
754 3933 867 4016 parole
888 3936 1058 4000 raxionate
1075 3954 1136 3997 cun
1151 3935 1184 3999 10

58 4050 137 4111 gran
155 4040 250 4098 conte
275 4056 374 4100 sonra
394 4035 463 4101 fato
480 4035 519 4100 de
535 4036 602 4120 liga
618 4048 651 4102 et
667 4039 784 4104 unione
802 4049 860 4106 ete.
877 4063 915 4105 ve
930 4040 1084 4125 rispondo
1102 4065 1107 4105 :
1126 4041 1183 4106 obe

58 4149 209 4207 receuuta
224 4141 256 4206 11
273 4150 386 4208 nostra
401 4143 522 4210 lettera
538 4145 569 4209 io
585 4145 629 4210 iu'
646 4146 735 4213 dalla
752 4149 817 4215 mia
828 4149 993 4234 Signoria,
1009 4174 1026 4215 e
1043 4149 1182 4215 conferri

59 4267 116 4310 cun
131 4247 203 4314 loro
217 4250 257 4314 de
284 4259 397 4333 questo
424 4252 517 4335 fatto,
534 4276 552 4318 e
568 4277 673 4338 perne
684 4258 716 4321 lo
733 4257 800 4322 fato
816 4258 840 4323 li
857 4259 960 4342 plaxe.
978 4258 1136 4342 Eperche
1152 4260 1183 4324 io

59 4375 113 4419 son
129 4357 287 4442 dexiroso,
304 4361 362 4424 circ
380 4365 432 4425 tra
449 4362 481 4425 lo
498 4361 621 4428 chme
638 4364 676 4428 de
693 4366 734 4446 la,
750 4389 767 4430 e
783 4366 816 4430 la
832 4367 897 4432 mia
907 4365 1063 4451 Signoria
1073 4368 1107 4432 di
1117 4390 1183 4451 qua

59 4462 105 4526 sia
120 4485 185 4531 nna
200 4468 309 4534 buoua
333 4468 595 4536 confederatione
619 4493 677 4555 per
693 4471 756 4538 bon
773 4474 812 4538 de
829 4496 893 4540 nna
908 4483 1004 4559 parte
1022 4499 1038 4542 e
1055 4477 1116 4542 del'
1136 4476 1180 4540 al·

59 4575 126 4652 tra;
142 4595 159 4638 0
175 4575 292 4666 perche
309 4578 408 4646 etiarn
421 4578 475 4648 dio
493 4601 544 4650 nie
560 4580 698 4668 prognti,
714 4581 774 4648 che
791 4581 821 4648 io
838 4604 879 4652 ue
895 4584 1035 4652 serinac
1052 4604 1184 4674 respon·
