3190 5252
422 363 488 424 474
776 378 1010 424 nienonnczmr
1027 375 1196 428 enecans.

420 535 517 602 Curie
534 537 653 602 Nostra
670 538 865 620 tisicratis,
876 542 931 623 qni
942 540 1127 608 huiusmodi
1139 541 1350 626 quietationis
1361 545 1522 604 testessunt
1557 533 1560 540 ’

422 667 481 729 pro
498 645 691 711 certitudine
708 645 868 730 ampliori.
886 647 1010 714 Datum
1027 651 1122 716 Bude
1133 651 1237 734 prima
1250 650 1303 714 die
1320 649 1433 714 mensis
1448 645 1524 728 Apri-

421 753 462 816 lis
479 755 512 816 in
529 752 677 836 predicto
694 776 779 820 anno
796 755 930 821 Domini
946 759 1119 825 millesimo
1130 760 1356 824 trecentesimo
1373 753 1524 838 octuagesi-

426 882 478 925 mo
500 861 649 928 secundo.

422 987 458 1048 (A
473 987 575 1052 »Copia
588 987 621 1038 de
635 988 864 1040 commemor-all«
881 994 971 1042 czinn'l
984 994 1121 1045 velenczei
1136 994 1317 1057 allamkiinyv
1342 993 1414 1042 VlII.
1437 989 1523 1040 kiltcte·

910 1085 957 1133 bol
973 1089 1030 1135 163.
1045 1085 1096 1145 1.).

425 1532 622 1598 Aoelcaczei
646 1535 992 1620 koriiaiayamacsmik
1017 1536 1195 1621 eapedc'lye,
1221 1539 1301 1620 (1099
1335 1536 1394 1598 Pal
1419 1532 1525 1620 zriprc'bi
1573 1585 1575 1628 5

422 1641 548 1726 pdspo'lc
565 1647 714 1706 szrlmrirc
733 1666 790 1729 οφ]
804 1643 904 1728 pcilyc
912 1644 1171 1729 selsameltessdlc,
1190 1643 1309 1728 riaclyen
1321 1641 1526 1722 ‹cazenlfiildre
1574 1633 1575 1636 ¹

834 1753 1033 1816 rclazliasson.
1052 1753 1146 1815 1382.

532 1909 631 1975 Anno
657 1906 978 1976 MCOCLXXXII.
995 1911 1049 1976 die
1066 1909 1112 1975 X.
1128 1909 1265 1994 Aprilis.
1290 1907 1440 1995 Capta.
1462 1907 1525 1973 Onn
1574 1925 1575 1932 ¹

425 2017 727 2084 Reierendissimus
757 2019 790 2083 in
824 2015 957 2084 Christo
989 2020 1103 2100 Pater,
1121 2018 1269 2084 dominus
1313 2014 1524 2103 Isagraliiensis

425 2149 499 2192 cum
516 2127 659 2192 maxima
675 2128 835 2192 instancia
851 2127 1019 2211 rogaverit
1035 2127 1116 2193 alias
1143 2134 1272 2192 nostros
1298 2124 1523 2202 Ambaxatora,
1573 2135 1575 2158 ⁴

426 2237 482 2318 qui
498 2235 629 2300 fuerunt
644 2235 687 2300 ad
703 2243 813 2318 partes
830 2235 1008 2318 Hungarie‚
1030 2234 1118 2318 quod
1145 2235 1288 2301 dicerent
1312 2241 1422 2301 nostro
1436 2231 1524 2298 Doni·

426 2343 488 2427 nio,
498 2342 587 2427 quod
597 2346 666 2428 ipse
681 2351 792 2428 posset
808 2366 938 2410 armare
954 2345 988 2408 in
1005 2340 1151 2413 Venecia
1168 2365 1267 2410 unam
1283 2344 1411 2427 galeam
1423 2342 1526 2408 adsuas

425 2474 582 2536 expensas
599 2475 658 2537 pro
675 2453 780 2519 eundo
797 2453 1006 2519 adSanctum
1017 2451 1191 2538 Sepulcum
1202 2475 1260 2538 pro
1271 2453 1472 2520 suamaxima
1485 2448 1526 2512 ‹le-
1574 2529 1575 2534 ἵ

426 2561 570 2642 vasione,
595 2561 774 2627 mutuando
802 2562 831 2626 ei
856 2562 960 2627 solum
981 2582 1099 2645 corpus
1125 2561 1216 2646 galee
1242 2584 1313 2627 cum
1330 2557 1526 2632 furnimentis3
1573 2569 1575 2608 t

426 2668 516 2734 vadit
531 2691 609 2753 pars
625 2692 684 2753 pro
702 2672 788 2735 omni
805 2669 888 2734 bono
905 2677 1074 2753 respectu:
1099 2669 1317 2735 Considerata
1342 2671 1458 2753 optima
1480 2664 1527 2728 ‹lis-

427 2777 590 2860 positione
618 2800 678 2844 sua
694 2776 736 2841 ad
752 2778 908 2842 honorem
934 2778 1039 2842 nostri
1064 2777 1230 2861 Dominii„
1247 2776 1335 2860 quod
1361 2775 1527 2843 concedatur

427 2885 500 2965 sibi,
519 2885 606 2969 quod
622 2887 728 2970 possit
744 2885 787 2950 ad
803 2906 880 2950 suas
907 2905 1066 2968 expensas
1087 2905 1216 2952 armare
1242 2907 1342 2950 unam
1370 2886 1485 2970 galeam
1503 2878 1527 2941 in
1574 2893 1575 2966 j

428 2991 580 3058 Veneciis
597 2994 770 3059 seeundum
788 3015 880 3058 suam
897 2993 1148 3075 requisitionem,
1164 2993 1192 3058 si
1201 2993 1346 3077 placebit
1362 2992 1423 3060 Sne
1438 2991 1529 3055 Pater·

428 3105 543 3182 nitati3
567 3109 602 3167 et
616 3105 703 3168 ultra
718 3105 781 3168 hoc
797 3102 966 3169 ordinetur
982 3124 1021 3167 ex
1046 3104 1181 3168 nuncin
1197 3124 1277 3169 casu
1302 3125 1367 3188 quo
1394 3100 1478 3168 vellet
1490 3116 1528 3161 ar·
1574 3189 1575 3192 Ἴ

429 3233 518 3276 mare
534 3214 640 3295 ipsam
657 3213 795 3294 galeam,
806 3219 841 3278 et
856 3213 958 3278 nollet
973 3211 1020 3276 ire
1038 3234 1110 3277 cum
1120 3211 1195 3277 aliis
1204 3213 1343 3294 navigiis
1360 3205 1529 3280 disarmatis,

429 3320 515 3405 quod
531 3320 624 3404 galee
641 3326 762 3404 nostre,
779 3341 841 3404 que
856 3321 1028 3386 mittentur
1052 3319 1115 3386 hoc
1131 3341 1215 3386 anno
1232 3318 1275 3385 ad
1291 3320 1429 3402 riagium
1452 3312 1529 3380 Alex·

428 3426 551 3508 andrie,
566 3427 684 3492 Baruti
700 3427 750 3493 vel
765 3428 896 3494 illarum
911 3431 1063 3514 partium,
1079 3429 1113 3492 in
1130 3449 1187 3494 suo
1203 3427 1335 3494 redditu
1351 3447 1457 3492 versus
1480 3419 1528 3487 ve-

429 3537 545 3618 netias,
565 3537 748 3621 reperiente
773 3557 808 3602 se
824 3535 955 3603 domino
982 3538 1147 3621 Episcopo
1173 3536 1322 3619 predicto
1350 3529 1529 3618 inpertitis

429 3645 505 3728 illis,
522 3645 663 3711 debeant
679 3645 771 3712 illum
786 3647 894 3713 levare
911 3633 982 3712 cu'm
992 3645 1117 3712 familia
1127 3666 1195 3727 sua,
1207 3649 1240 3708 et
1256 3643 1430 3710 conducere
1439 3653 1529 3703 versus

432 3752 594 3821 Venecias
612 3752 655 3818 ed
671 3759 784 3837 partes
810 3751 990 3835 sclavonia,
1006 3755 1057 3819 vel
1072 3754 1106 3818 in
1123 3753 1189 3818 illis
1213 3752 1308 3835 aquis
1332 3753 1382 3817 vel
1405 3743 1529 3833 partibus

431 3862 499 3926 sine
516 3862 647 3926 sinistro
664 3861 832 3943 galearum
851 3867 1041 3928 nostrarum
1065 3863 1167 3930 libere
1184 3867 1216 3927 et
1231 3861 1303 3927 sine
1329 3859 1437 3943 aliquo
1451 3853 1529 3920 nala·

430 3970 471 4034 10.
488 3967 535 4034 Et
552 3991 625 4035 cum
641 3969 706 4035 ista
722 3969 910 4035 conditione
928 3969 1092 4036 incantari
1107 3969 1250 4036 debeant
1267 3969 1359 4052 galee
1374 3966 1527 4050 riagionn
1572 3963 1575 3984 ¹

430 4077 659 4161 predictorum.

469 4205 504 4265 (A
519 4205 630 4257 »Missi«
646 4205 736 4255 czinrit
748 4206 887 4256 velenczci
901 4205 1083 4270 allanrklinyv
1095 4205 1239 4256 XXXVII.
1254 4202 1395 4256 klitete'bol
1412 4204 1463 4250 135.
1480 4194 1504 4255 tl

916 4426 1075 4438 ..-....-‹—-
