3172 5254
593 349 688 410 1376.
1146 345 1205 410 139

92 519 262 602 dleueonis,
274 522 411 588 Carnoti
429 531 528 605 atque
546 523 743 606 Andegauie
762 525 887 602 Cernes,
899 525 954 605 spii
965 525 1117 588 restituta
1134 547 1207 607 pro·

92 631 184 695 uincla
199 629 347 712 pluribus
363 633 482 696 nostris
497 631 623 696 ciuibus
640 637 716 695 turn¹
734 633 885 714 expulsis,
896 639 1016 696 statum
1034 631 1089 713 qui
1105 651 1206 715 usque

91 741 118 806 iu
134 744 308 821 presentem
325 739 410 802 diem
421 737 599 805 Ciuitatem
614 745 759 804 nostram
778 740 811 803 in
827 739 979 804 libertate
996 737 1159 823 gubernat
1175 747 1207 804 et

1 916 2 919 ,
92 848 172 927 regit,
189 847 289 911 unilto
315 846 438 928 labore,
454 853 487 911 et
504 868 567 912 non
595 848 663 912 sine
684 848 830 912 intestini
847 847 924 912 belli
942 849 1087 930 periculo
1105 848 1208 915 refor-

92 953 188 1018 mauit.
204 951 269 1019 Sed
297 952 375 1036 quid
401 952 531 1036 singula
557 953 793 1019 numeramus?
818 975 890 1019 curn
908 954 1095 1034 Ciuitatem,
1111 955 1208 1021 liber-

92 1067 188 1142 tatem,
204 1062 355 1145 insignia,
380 1070 414 1126 et
439 1063 548 1128 omnia
574 1069 683 1128 nostre
710 1061 902 1145 Reipubliee
930 1069 1122 1130 ornamenta
1136 1067 1208 1150 juro

92 1168 229 1234 debemus
245 1191 265 1234 a
280 1175 391 1234 restro
410 1171 566 1253 sanguine
583 1170 817 1252 gloriosissimo
834 1170 991 1236 confiteri.
1017 1171 1126 1255 Quare
1144 1173 1209 1238 Re·

93 1279 138 1357 gia
152 1277 317 1357 Maiestas,
328 1277 356 1339 si
366 1298 464 1359 penes
475 1277 630 1345 Vestram
643 1276 885 1343 Sublimitatem
902 1285 1017 1348 nostra
1034 1300 1209 1363 corripuera-

93 1393 138 1449 tur
150 1384 323 1466 humilitas,
340 1407 404 1450 non
423 1385 569 1451 miretur.
587 1385 672 1452 Sane
689 1386 901 1470 repetendum
919 1387 968 1451 his
986 1390 1107 1452 nostris
1122 1389 1208 1454 litte·

94 1493 131 1556 ris
154 1515 212 1558 non
239 1515 414 1575 censemus,
441 1503 562 1577 quanta
580 1495 779 1560 immanitate
796 1494 963 1560 Officiales
980 1495 1136 1580 Ecclesia,
1153 1497 1208 1578 qui

94 1601 121 1663 in
135 1601 226 1667 ltalia
242 1601 462 1685 presidebant,
489 1625 554 1682 nos,
580 1603 726 1666 Ecclesie
743 1603 971 1667 deuotissimos
987 1602 1079 1682 lilios,
1095 1603 1209 1669 effera·

94 1709 130 1771 tis
144 1710 253 1774 animis
280 1709 312 1773 in
340 1711 530 1776 seruitutem
557 1713 714 1776 deducere
732 1711 913 1792 voluerunt,
930 1717 1117 1792 quautaque
1134 1734 1204 1776 eru-

95 1815 225 1894 delitate,
251 1818 343 1900 same,
371 1819 468 1899 terro,
496 1819 741 1902 deceptionibus
770 1827 802 1883 et
827 1819 1065 1902 proditionibus
1097 1841 1207 1886 eornm

93 1925 270 1990 sceleratum
289 1926 489 2010 propositum
506 1927 548 1990 ad
564 1929 712 1992 etl'ectunr
730 1927 910 2010 perducere
928 1932 1003 1992 snut
1020 1929 1146 2006 conati;
1167 1928 1207 1992 ob

93 2052 145 2112 que
160 2033 301 2114 oportuit
320 2053 377 2098 uos
393 2031 435 2096 ad
451 2033 705 2116 propulsandum
725 2032 870 2114 iniurias,
881 2041 911 2097 et
923 2032 1088 2098 libertatis
1099 2040 1209 2099 nostre

95 2137 311 2218 defensionem,
323 2140 451 2205 salubre
467 2141 644 2206 remedium
660 2140 823 2222 adbibere;
839 2164 897 2206 nee
914 2140 1062 2222 seribere,
1079 2163 1211 2225 quomo-

90 2247 135 2326 do,
150 2250 310 2314 excitante
326 2247 408 2329 Deo,
425 2251 560 2333 spiritus
576 2250 770 2333 populorum
782 2255 895 2316 centra
906 2251 1011 2314 ledam
1024 2251 1210 2317 barbariem

91 2357 309 2438 presidentium
326 2358 378 2422 via
394 2357 494 2423 fuerit
511 2359 612 2437 nobis,
623 2358 692 2422 sine
704 2358 883 2440 cuiuspiam
896 2359 1016 2424 iniuria
1026 2366 1209 2443 preparata,

90 2485 141 2548 per
156 2487 251 2548 quam
269 2468 302 2530 in
319 2467 506 2532 libertatem
524 2488 557 2531 se
573 2467 828 2550 prouocantibus
852 2467 979 2550 populis
996 2468 1143 2550 piissima
1159 2487 1210 2531 ex-

92 2573 228 2639 hibentes
245 2574 400 2656 subsidia,
417 2582 527 2639 nostre
543 2575 691 2640 libertati
709 2575 918 2658 prouidimns,
930 2576 1210 2656 temeritatemque

94 2684 286 2748 concutimus
303 2691 536 2765 grassatorum.
556 2683 628 2748 Hee
645 2683 728 2747 enim
747 2683 962 2748 aliasanobis
973 2684 1096 2765 scripta
1107 2683 1210 2746 scien-

90 2792 133 2854 ter
148 2793 337 2870 omittimus
365 2811 426 2873 que
455 2794 572 2856 scimus
593 2791 661 2856 sore
678 2790 850 2856 Maiestati
867 2790 995 2872 Vestro,
1012 2793 1109 2856 etiam
1126 2790 1210 2855 t'ame

1 2951 2 2960 ,
88 2884 273 2980 testimonio,
291 2900 478 2984 plusquam
496 2908 583 2965 notri.
601 2899 755 2982 Quocum
768 2899 1210 2982 quodamfelicissimocmsu

88 3006 298 3087 succederent,
315 3028 472 3071 memores
499 3007 692 3084 deuotionis,
720 3029 817 3088 quam
838 3029 965 3091 semper
980 3007 1151 3071 habuimus
1168 3005 1210 3070 ad

87 3110 234 3180 Sanctam
251 3114 434 3180 Romanam
462 3114 652 3195 Ecclesiam,
669 3121 701 3178 et
717 3114 889 3192 babemus,
913 3137 976 3180 nou
993 3115 1072 3178 elati
1089 3135 1211 3178 sueces-

86 3222 177 3302 sibus‚
192 3224 248 3288 scd
268 3224 328 3288 boo
346 3229 450 3287 totum
477 3222 594 3286 Diviue
619 3222 834 3287 Prouidencie
852 3229 884 3288 ct
903 3220 1018 3286 (iratis
1036 3222 1125 3304 puris
1143 3221 1210 3285 ani-

87 3331 140 3395 mis
163 3330 394 3408 adscribentes.
421 3332 463 3397 ad
488 3352 601 3414 pacem
627 3331 825 3418 querendam
853 3332 998 3396 conuersi
1016 3351 1133 3396 siturus.
1165 3327 1211 3392 Et

15 3461 21 3464 ·
85 3447 146 3504 tres
163 3439 325 3504 notabiles
351 3441 439 3504 ciues
466 3444 596 3505 nostros
623 3439 794 3522 legationis
821 3439 928 3504 efficio
946 3439 986 3503 ad
1005 3437 1208 3504 Sanctissimr

1 3539 2 3554 ¹
86 3545 190 3612 Patris
206 3555 240 3611 et
256 3549 389 3612 Domini
407 3547 520 3629 uestri,
538 3547 657 3611 demini
676 3547 801 3612 Summi
817 3547 991 3611 Porrtiticis
1012 3545 1210 3629 presentiam

84 3653 286 3736 destinantes,
314 3678 388 3720 eum
415 3658 569 3721 mandato
587 3655 734 3738 petende,
751 3655 922 3722 tractando
940 3664 972 3718 et
989 3652 1208 3720 concludenda

85 3765 178 3845 pacis,
195 3785 253 3829 nos
272 3771 305 3828 et
323 3763 493 3846 colligatos
511 3770 638 3826 nostros
655 3763 697 3826 ad
714 3785 827 3847 pacem
843 3773 873 3826 et
893 3762 1097 3827 concordiam
1114 3783 1211 3844 para-

83 3871 210 3951 bamus3
237 3879 407 3955 sperantes
425 3870 651 3953 Apostolicam
679 3869 902 3949 Clementiam,
928 3871 1012 3934 male
1038 3891 1212 3952 suggeren-

1 3960 2 4004 1
81 3981 158 4046 tium
172 3980 361 4048 damnando
379 3981 522 4059 consilia,
540 3981 732 4064 culpamque
749 4001 879 4044 suorum
892 3979 1089 4044 Officiulium
1102 4000 1210 4043 recen-

1 4073 2 4161 ]
81 4099 207 4159 sentem,
225 4091 267 4156 ad
293 4091 384 4172 pacis
411 4089 613 4154 dulcedinem
631 4087 860 4152 inclinandam.
879 4088 952 4152 Hoc
969 4089 1064 4153 aliter
1082 4090 1210 4170 opinari

1 4239 2 4242 κ
80 4197 167 4264 nefas
184 4208 254 4264 erat
273 4199 313 4264 de
332 4197 464 4264 Vicario
493 4197 583 4262 Yesu
601 4195 735 4261 Clnisti.
755 4194 838 4260 (lum
856 4198 939 4262 onim
957 4197 1044 4260 illius
1061 4196 1144 4259 vices
1163 4217 1212 4260 re-

1 4289 2 4324 ³
80 4315 242 4388 presentet
269 4308 303 4370 in
322 4307 428 4384 terrie,
446 4307 476 4368 in
495 4307 584 4370 errius
607 4311 680 4370 ortu
698 4305 842 4382 angelica
861 4304 1016 4369 recaluit
1047 4305 1097 4365 »in
1121 4307 1211 4366 terra

83 4437 140 4498 piar
156 4417 237 4480 bom
266 4415 442 4479 uoluntatis
468 4413 672 4478 liomiuibus«
692 4416 853 4496 nirrreiata,
871 4414 991 4496 quique
1008 4413 1039 4475 io
1059 4412 1143 4475 celos
1161 4433 1211 4475 as-

1 4529 2 4614 ,
82 4545 232 4588 cerninus
251 4527 299 4588 siri
319 4526 507 4588 testamenti
537 4524 662 4604 eulogio
679 4544 792 4606 pacem
813 4545 902 4588 suam
922 4522 1052 4606 reliquit
1070 4516 1211 4609 Aposto¹
