3172 5254
398 319 460 383 190
748 333 982 382 nrrnouaoarar
1000 321 1169 380 surtran.

389 491 520 574 Geptes,
536 515 599 577 que
616 495 781 576 hucusque
801 494 1022 558 transiverunt
1037 493 1081 556 ad
1097 499 1208 576 partes
1225 492 1433 571 Taruisanas,
1450 512 1512 573 pos·

388 607 463 666 sunt
478 621 557 680 esse,
574 601 770 684 computatis
787 598 910 665 lanceis
941 598 1047 664 OXX
1067 599 1191 664 domini
1207 595 1332 678 Achus,
1349 599 1421 682 equi
1437 598 1513 662 circa
1547 607 1548 616 ’
1578 579 1579 582 ¹

388 706 464 774 MC.
481 707 679 776 affirmatur
690 710 789 775 etiam
812 731 928 774 novum
945 708 985 774 de
1001 707 1119 773 damno
1135 707 1230 772 illato
1248 706 1403 790 gentibus
1418 706 1513 771 Ducis

395 817 558 902 Leupoldi
574 818 773 903 inpartibus
789 818 891 884 Istrie
908 817 1141 898 existentibus;
1164 824 1196 882 et
1212 817 1341 897 dicitur,
1358 815 1512 899 quodplu-

396 947 447 992 res
472 926 633 992 notabiles
658 927 778 991 mortui
804 932 889 1008 sunt,
914 933 948 990 et
973 925 1061 1008 quod
1085 924 1301 1008 perdiderunt
1326 922 1463 988 valorem
1480 923 1512 986 ΙΙ

394 1035 482 1100 mille
499 1034 713 1114 marcharum,
729 1040 763 1099 et
777 1034 1150 1118 redideruntadpartes.
1162 1032 1263 1099 Sacili
1274 1053 1360 1098 nouo
1370 1029 1508 1115 Augusti.

389 1233 425 1318 7)
458 1232 632 1315 Karoly
666 1231 879 1299 durazzoi
921 1231 1200 1314 heronegnek
1233 1254 1253 1296 a
1286 1229 1508 1296 volenczei

852 1340 1054 1405 kdvetek

602 1469 745 1535 Domino
761 1466 891 1533 Karolo
909 1464 949 1532 de
966 1463 1143 1531 Durachio.

494 1575 653 1659 Princeps
669 1575 813 1640 [ilustris
825 1573 1006 1640 etExcelse
1022 1572 1171 1638 Domine.
1184 1571 1389 1636 Excellentie
1399 1569 1505 1636 Vestra

386 1681 515 1749 litteras
532 1683 626 1748 datas
654 1681 748 1748 Utini
774 1680 827 1746 die
852 1679 897 1744 X.
922 1681 1044 1746 mensis
1069 1681 1220 1746 instantis
1244 1681 1447 1764 responsivas
1470 1676 1506 1741 ad

388 1797 519 1857 nostras
536 1812 635 1874 super
661 1789 873 1873 dispositione
899 1809 1114 1872 personarum
1140 1794 1326 1853 nostrarum
1352 1809 1409 1872 pro
1424 1785 1508 1851 fectis

385 1905 548 1966 tractatus
564 1898 662 1982 pacis,
689 1898 760 1962 heri
777 1895 843 1962 XI.
869 1897 948 1962 dicti
969 1897 1090 1962 mensis
1105 1897 1294 1980 recepimus.
1312 1894 1436 1980 Quibus
1450 1893 1508 1978 ple-

385 2008 519 2071 nissime
535 2006 723 2088 intellectis,
749 2004 952 2070 Excellentie
977 2002 1098 2072 Vestre
1122 2005 1330 2087 presentibus
1347 2000 1503 2087 responde-

388 2137 468 2193 mus,
484 2115 570 2197 quod
587 2114 804 2179 consideratis
830 2113 891 2193 his,
907 2133 968 2195 que
984 2112 1018 2177 in
1033 2112 1130 2178 dictis
1146 2113 1264 2178 vestris
1279 2113 1399 2177 litteris
1415 2111 1505 2175 conti·

384 2227 512 2300 nentur,
528 2219 779 2288 deliberavimus
804 2219 992 2287 immediate
1018 2221 1172 2286 reducere
1189 2241 1248 2286 nos
1266 2220 1310 2284 nd
1326 2221 1430 2286 locum
1444 2237 1507 2282 nos-

384 2337 436 2394 tro
453 2327 646 2409 Serravalis,
663 2329 706 2394 ad
723 2351 818 2414 quem
846 2329 1042 2395 concedente
1068 2327 1210 2393 Domino
1226 2327 1346 2393 ibimus
1364 2328 1415 2392 die
1430 2346 1506 2392 cras·

383 2439 454 2502 tina
471 2458 594 2503 summo
611 2459 713 2518 mane,
729 2437 843 2504 habita
859 2443 969 2502 scorta
984 2436 1066 2502 alias
1086 2437 1243 2520 requisita
1268 2458 1327 2520 per
1344 2458 1410 2503 nos.
1425 2434 1503 2500 Nem

385 2545 481 2610 citius
507 2547 554 2610 ire
580 2569 644 2611 non
669 2547 835 2630 potuimus
860 2552 997 2630 propter
1028 2544 1189 2611 defectum
1221 2550 1327 2610 scorte
1361 2544 1504 2628 predicte,

383 2674 482 2738 quam
514 2653 637 2720 habere
669 2654 800 2744 minime
841 2657 1015 2737 potuimus.
1052 2651 1282 2738 Supplicantes
1313 2653 1505 2718 Excellentie

383 2760 511 2840 Vestra,
528 2767 566 2825 ut
582 2783 655 2826 cum
672 2761 891 2845 applicuerint
907 2761 964 2844 illi,
981 2761 1037 2843 qui
1053 2760 1171 2826 debent
1180 2763 1338 2826 interesse
1348 2761 1505 2841 tractatui,

385 2876 505 2934 etcum
522 2877 618 2934 erunt
633 2871 793 2953 disposita
809 2891 848 2934 ea
865 2891 928 2953 que
944 2876 1021 2934 sunt
1046 2871 1228 2935 necessaria
1245 2869 1334 2936 dioto
1351 2867 1505 2944 tractatui,

382 2977 475 3043 nobis
506 2977 676 3044 notificare
693 2978 871 3062 dignemini
901 2999 959 3061 per
993 2979 1121 3043 litteras
1147 2978 1347 3044 Excellentie
1376 2977 1504 3054 Vestre;

297 3101 306 3112 “
382 3107 459 3151 nam
483 3087 591 3170 parati
620 3087 741 3152 erimus
758 3088 845 3151 omni
865 3093 1012 3171 tempore
1029 3085 1268 3153 ordinationem
1293 3084 1379 3152 dicte
1394 3084 1504 3152 Vestra

382 3193 582 3261 Excellentie
598 3194 806 3277 integraliter
823 3194 1003 3260 observare.
1015 3193 1117 3261 Sacili
1127 3194 1211 3260 XII.
1222 3193 1370 3278 Augusti
1380 3193 1418 3257 de
1428 3213 1504 3256 sero.

380 3390 649 3476 8)Benedek
689 3394 863 3458 azelbtt
901 3392 993 3476 ban,
1032 3399 1146 3458 most
1183 3415 1364 3476 magyar
1396 3391 1503 3474 fdpa·

525 3501 846 3566 rancsnoknak
869 3523 890 3565 a
913 3498 1143 3566 velenczei
1168 3500 1370 3566 kdretek.

594 3626 737 3693 Domino
753 3628 932 3695 Benedieto
950 3627 1117 3710 quondam
1133 3627 1227 3694 Bano
1244 3631 1305 3691 etc

485 3731 661 3816 Magnifice
677 3740 710 3798 et
725 3741 841 3817 potens
857 3735 1007 3800 Domine.
1033 3733 1227 3818 Recepimus
1243 3734 1370 3798 litteras
1388 3731 1426 3798 ab
1443 3733 1503 3798 Ex-

377 3840 463 3906 celso
480 3840 609 3906 domino
626 3842 752 3907 Karclo
769 3843 808 3907 de
825 3841 994 3907 Durachio
1005 3843 1208 3908 continentes
1225 3844 1260 3906 in
1276 3842 1395 3907 effectu
1406 3867 1411 3905 :
1423 3839 1503 3923 qnod

375 3949 569 4033 expectabat
585 3950 760 4015 adventum
786 3950 906 4016 domini
932 3952 1050 4035 Magni
1078 3949 1215 4017 Comitis
1232 3949 1388 4032 Palatini,
1405 3956 1437 4014 et
1451 3949 1503 4013 do·

372 4056 451 4122 mini
476 4056 589 4122 anor
614 4056 708 4124 Petri
733 4057 819 4124 Bani
847 4057 1026 4142 Sclavenie,
1055 4060 1124 4123 sine
1150 4057 1277 4141 quibus,
1293 4064 1327 4123 et
1342 4056 1502 4142 presentia

371 4164 599 4249 colligatorum
616 4166 739 4231 domini
755 4166 867 4250 Regia,
883 4167 934 4232 vel
950 4173 1201 4251 procuratorum
1223 4187 1364 4246 suornm,
1381 4165 1499 4230 nullam

376 4273 576 4340 audientiam
591 4275 684 4341 nobis
701 4274 815 4358 daret,
840 4279 873 4340 et
889 4274 1165 4358 quodpropterea
1175 4273 1349 4339 videbatur
1365 4274 1403 4354 ei,
1419 4270 1504 4358 quod

360 4381 563 4448 ¹deberemus
580 4405 637 4450 nos
653 4384 808 4449 reducere
824 4384 866 4449 ad
883 4406 982 4448 unum
998 4383 1145 4449 locorum
1161 4388 1349 4449 nostrorum
1367 4384 1504 4448 vicinum

372 4492 423 4557 his
439 4493 600 4576 partibus,
617 4515 718 4576 usque
735 4493 910 4560 adventum
926 4492 1158 4578 predictorum.
1187 4492 1314 4577 Quibus
1330 4494 1448 4558 litteris
1463 4491 1505 4554 in-
