3210 5252
571 355 666 416 1375.
1120 355 1184 417 los

72 529 148 612 pede,
161 537 238 613 quot
263 529 329 593 sint
359 526 556 594 sufficientes
572 528 615 596 ad
632 528 899 614 gubernationem
918 528 1003 594 dicte
1019 530 1110 613 galee
1127 551 1187 615 pro

38 671 40 674 ·
73 636 147 702 dioto
161 643 232 702 roto
249 636 454 720 complendo.

144 783 176 845 (Δ
190 784 303 834 »nisti«
316 783 408 834 cnimd
417 782 557 835 relenozei
572 782 807 848 rtllamlrdnyvbdl.
821 783 936 836 XXXV.
950 782 1009 846 lrdt,
1024 787 1065 834 31.
1076 783 1106 844 l.)

585 1074 647 1136 sl.

1 1188 2 1279 l
72 1231 306 1318 Frppoerszrtnet
331 1255 353 1296 a
379 1234 490 1298 romei
504 1233 577 1297 salle
593 1255 609 1296 s
628 1232 774 1298 Vincenti
789 1231 971 1298 Barnabas
987 1233 1019 1298 da
1036 1233 1188 1300 Galeam

435 1341 587 1405 testeos-ele
601 1340 680 1406 ledat.
706 1341 814 1406 1375.

1 1564 2 1583 ,
168 1497 352 1584 Gregorius
377 1499 561 1584 Episcopus
587 1507 646 1566 etc.
679 1500 807 1567 dilectis
838 1499 914 1568 filiis
1019 1501 1191 1568 Prioribus

1 1679 2 1686 χ
75 1607 181 1692 Populi
210 1614 245 1674 et
347 1605 543 1674 Vexillifero
574 1608 722 1689 Justitie‚
752 1630 791 1674 ac
822 1605 994 1676 Communi
1036 1607 1190 1678 Civitatis

71 1713 194 1782 Aretirm
210 1718 350 1782 salutem
366 1721 425 1782 etc.
443 1714 530 1800 Quia
545 1718 670 1783 noviter
687 1716 780 1783 nobis
796 1717 950 1802 innotuit,
965 1719 1053 1802 quod
1068 1728 1187 1804 treuga

1 1807 2 1832 ¹
71 1833 168 1891 nostro
192 1833 227 1890 et
250 1825 401 1893 Ecclesia
425 1825 574 1893 Romane
599 1827 728 1892 nomine
754 1847 827 1893 cum
850 1825 1044 1894 Bernabone
1069 1835 1102 1894 et
1126 1827 1192 1894 Ge·

71 1930 130 1996 lean
152 1933 191 1999 de
216 1934 471 2001 Vicecomitibus
496 1934 536 2001 de
563 1932 752 2002 Mediolano
769 1941 820 2002 est
836 1933 969 2002 firmata
986 1936 1048 2001 stb.
1066 1935 1190 2002 Datum

71 2039 146 2122 apud
161 2038 287 2110 Villam
304 2043 436 2109 Nouam
448 2040 838 2110 ArinionensisDiooesis
855 2041 920 2110 XI.
937 2043 1093 2112 kalendas
1109 2042 1193 2110 Julii

71 2145 275 2216 Pontificatus
291 2153 399 2216 nostri
415 2172 500 2217 anno
516 2153 640 2237 quinto.

167 2257 210 2322 In
236 2258 349 2324 eodem
375 2260 472 2325 modo
495 2259 744 2327 Defensioribus
769 2260 889 2344 Populi
905 2267 938 2326 et
953 2259 1123 2326 Communi
1139 2259 1192 2328 Oi·

72 2361 167 2429 vitatis
184 2365 357 2447 Senensis;
381 2363 541 2432 Ancianis
561 2365 680 2452 Populi
701 2375 734 2434 et
753 2366 947 2472 llaxillilero
964 2389 1002 2434 ac
1019 2366 1192 2435 Communi

71 2467 212 2539 Civitatis
228 2472 359 2540 Pisane.

386 2619 445 2682 (xl.
460 2621 580 2686 Gergely
593 2622 667 2689 palpa
679 2620 864 2686 regesttibdl.)

550 2783 710 2792 --—-——

605 2929 658 2992 92.

72 3087 168 3154 Balsa
194 3083 328 3174 (ipo'rpy
352 3085 435 3152 adai
459 3087 604 3174 prdfnalr
636 3112 657 3152 a
688 3087 842 3156 velenczei
867 3091 1089 3178 ledatdrsaadp,
1115 3092 1196 3178 bopy

72 3194 302 3286 Dulciyndbau
328 3217 349 3257 α
375 3195 560 3280 raquzaialc
585 3196 773 3282 indnydban
798 3222 820 3262 a
840 3199 992 3264 celenensi
1013 3199 1197 3264 kmeskedta

373 3303 517 3370 erdekeit
533 3327 571 3368 ne
587 3303 761 3370 lemosina.
780 3309 882 3372 1375.

171 3465 275 3531 Anno
301 3461 580 3535 Mocouxxv.
597 3465 649 3530 die
674 3461 774 3534 VIII.
798 3463 892 3533 Julii.
918 3465 1078 3552 Oapta:
1103 3463 1197 3549 Quod

72 3573 231 3641 scribatur
249 3572 379 3639 domino
395 3571 479 3638 Jure
498 3573 537 3638 de
555 3571 673 3639 Balsoe
689 3574 723 3638 in
740 3573 801 3639 hac
816 3572 930 3654 forma,
946 3573 1115 3640 videlicet:
1129 3571 1198 3640 Nu-

71 3702 123 3763 per
147 3705 221 3750 oum
240 3683 385 3748 maxima
408 3680 615 3766 displicentia
635 3683 815 3766 recepimus
832 3702 852 3748 a
868 3678 1010 3748 Consule
1027 3687 1060 3748 et
1075 3703 1198 3748 merca·

70 3791 190 3858 toribus
217 3790 342 3857 nostris
366 3791 399 3854 iu
424 3789 578 3874 Dulcigni
605 3789 755 3874 partibus
780 3790 1054 3857 commorantibus
1070 3790 1198 3857 litteras

37 3901 41 3910 '
72 3900 281 3979 continentes,
307 3895 396 3980 quod
419 3895 667 3980 Magnificentia
693 3895 817 3964 Vestra
833 3897 875 3963 ad
891 3896 1135 3981 Rugusinorum
1152 3899 1199 3962 in·

70 4009 222 4072 stantiam
248 4006 328 4089 ipsis
359 4007 478 4071 nostris
495 4005 630 4072 Oonsuli
657 4012 691 4070 et
715 4007 949 4073 mercatoribus
981 4006 1093 4073 literas
1125 4026 1200 4072 suas

1 4170 3 4214 ἰ
71 4115 206 4199 scripsit,
232 4134 293 4198 per
318 4134 400 4197 quas
425 4113 553 4179 videtur
573 4113 641 4180 fore
657 4113 851 4180 intencionis
868 4121 974 4180 vestre
991 4114 1073 4180 velle
1089 4115 1201 4180 taliter

1 4294 2 4316 ,
71 4223 154 4306 ipsos
179 4243 322 4306 gravare
337 4221 538 4288 novitatibus
563 4224 699 4289 insuetis
716 4228 832 4288 eontra
848 4223 1052 4304 franchisias,
1068 4221 1200 4289 liberta·
1333 4307 1342 4312 ι
1455 4289 1459 4299 ,

71 4339 115 4396 tes
131 4337 165 4398 et
180 4332 285 4399 bonas
303 4329 550 4396 consuetudines
566 4330 691 4411 solitas,
705 4329 793 4414 quod
810 4329 850 4394 de
867 4329 1029 4412 Duloigno
1046 4331 1199 4396 recedere

1 4519 2 4526 ἵ
72 4439 315 4523 compellantur.
332 4435 384 4503 De
399 4437 519 4523 quibus
540 4437 671 4520 quidem
688 4438 888 4504 novitatibus
906 4443 940 4502 et
953 4438 1200 4520 gravaminibus

1 4599 2 4644 p
72 4548 351 4614 vehementissime
378 4547 549 4612 turbamur
566 4554 597 4612 et
615 4567 797 4632 gravamur,
823 4545 1064 4614 considerantes
1084 4547 1202 4615 libera-
