3248 5242
394 391 456 454 746
745 403 982 452 nrrnounczrur
999 391 1166 449 aurnuns.

393 569 477 632 cives
495 565 618 630 nullum
634 585 674 630 ex
690 563 752 632 boo
767 565 888 630 sentire
905 562 1035 629 ualeant
1051 563 1294 629 detrimentum.
1313 563 1355 627 In
1372 583 1438 645 qua
1453 563 1515 644 qui·
1601 569 1604 670 l

300 720 305 732 ,
394 675 468 740 dem
483 695 519 738 re
534 673 740 739 considerare
752 671 904 755 dignetur
916 671 1098 738 Clementia
1108 671 1222 739 Vestri
1232 671 1368 756 Thmui,
1378 671 1515 758 quodni·

394 782 461 848 chil
476 783 566 848 aliud
583 780 747 848 efficacius
773 781 896 847 inducit
913 785 945 846 et
961 781 1057 847 citius
1073 781 1107 847 in
1123 786 1267 848 extreme
1294 781 1517 848 destructionis

394 893 558 958 miseriam
575 898 781 974 mercatores,
798 913 896 975 quam
913 891 941 955 si
954 891 1060 974 pretia
1070 891 1335 971 mercantiarmu,
1352 890 1517 974 dequibus
1602 897 1604 980 ζ

396 1000 499 1066 secuti
516 999 638 1067 fuerint
654 1006 838 1084 emptorum
854 997 960 1079 fidem,
976 997 1094 1064 debitis
1105 997 1303 1083 temporibus
1319 1019 1384 1064 non
1401 998 1519 1064 solvan·
1602 985 1604 1062 f

394 1113 458 1174 tur.
482 1108 530 1174 th
555 1127 617 1174 non
644 1108 749 1173 solum
774 1107 961 1190 humanum,
979 1106 1036 1172 sed
1052 1105 1196 1172 debitum
1212 1110 1245 1170 ct
1260 1105 1395 1172 honoris
1414 1101 1518 1172 Vestri

398 1213 558 1282 Culmiuis
575 1216 618 1280 sit
633 1215 744 1282 taliter
755 1213 937 1299 providere,
953 1215 1037 1298 quod
1049 1218 1148 1280 vestri
1159 1215 1331 1282 servitores
1347 1219 1382 1280 et
1396 1213 1520 1296 subditi,
1603 1243 1604 1246 ¹

266 1324 268 1330 ’
399 1325 487 1409 quod
513 1322 634 1390 debent
651 1323 788 1408 solvant,
813 1331 847 1389 et
871 1323 911 1390 de
937 1323 1073 1407 Regalis
1104 1323 1276 1390 solutionis
1300 1321 1517 1390 retardatione

396 1433 578 1516 exemplum
595 1453 633 1498 ac
658 1432 900 1500 similitudinem
926 1453 989 1498 non
1015 1436 1191 1498 assumant.
1222 1430 1345 1499 Nostra
1370 1453 1447 1497 vero
1471 1432 1519 1498 de

395 1541 483 1606 votio
514 1540 668 1624 quicquid
700 1542 788 1608 circa
821 1542 971 1625 predicta
996 1540 1120 1608 Vestra
1137 1539 1307 1608 Serenitas
1324 1542 1455 1608 duxerit
1474 1562 1519 1605 or·
1602 1587 1604 1632 ἰ

397 1645 585 1730 dinandum‚
603 1645 665 1712 sibi
681 1648 847 1732 reputabit
866 1649 1075 1732 singulariter
1102 1650 1292 1733 gratiosum,
1317 1671 1390 1715 cum
1409 1645 1519 1714 viderit
1602 1677 1604 1722 ς

396 1755 589 1823 iustissimas
603 1777 716 1839 preces
746 1765 876 1824 nostras
900 1757 988 1842 apud
1005 1757 1160 1826 Vestram
1184 1757 1406 1824 Eminentiam
1432 1777 1520 1822 exau·
1602 1795 1604 1844 3

397 1864 469 1931 arri.
502 1865 627 1930 natum
652 1864 819 1931 aarum
844 1867 897 1932 eu
922 1865 1042 1935 vnn.
1058 1865 1232 1950 neumam
1258 1865 1326 1932 111.
1342 1865 1519 1933 indictionis
1602 1845 1604 1882 ⁴

397 1971 802 2040 MCOOLXXXXIIII.

506 2081 632 2166 Regina
657 2089 694 2148 ut
711 2103 811 2167 supra
827 2103 899 2148 curu
915 2083 977 2147 hoc
992 2080 1164 2149 adiuncto:
1182 2080 1289 2166 Super
1306 2103 1374 2166 qua
1389 2083 1521 2147 materia
1603 2061 1604 2140 l

397 2190 549 2273 dignetur
565 2189 691 2258 Vestra
707 2189 991 2276 supereminentia
1015 2191 1179 2257 reminisci
1203 2190 1404 2257 devotionem
1421 2189 1521 2256 nostri

399 2297 520 2382 populi,
537 2321 635 2384 quam
653 2320 781 2384 semper
796 2299 839 2364 ad
856 2298 959 2364 felicis
975 2298 1213 2365 recordationis
1232 2299 1456 2384 gloriosissimi
1471 2318 1520 2381 ge

399 2407 514 2473 nitoris
546 2409 643 2474 vestri
669 2406 927 2492 magnitudinem
951 2408 1061 2491 gessit,
1088 2415 1121 2474 et
1145 2408 1397 2474 benivolentiam
1427 2427 1520 2492 quam

401 2513 468 2580 Sua
484 2513 646 2599 Majestas
662 2537 740 2599 erga
755 2515 964 2583 Florentinos
989 2537 1099 2582 omnes
1116 2517 1241 2582 cunctis
1257 2514 1456 2600 temporibus
1471 2513 1520 2578 de·

263 2685 268 2695 ,
398 2624 601 2701 monstravit,
617 2631 654 2689 ut
672 2625 755 2690 sieut
765 2645 876 2708 preces
886 2631 998 2690 nostre
1007 2624 1040 2688 iu
1053 2623 1266 2692 Celsitudiuis
1279 2624 1344 2691 Sue
1354 2628 1521 2707 corispactu

398 2749 565 2812 nunquam
590 2752 689 2798 vacue
716 2730 857 2811 suerunt,
884 2731 930 2796 sic
955 2733 990 2797 in
1015 2732 1230 2798 humanitatis
1249 2737 1353 2796 vestre
1370 2729 1520 2810 manibus,

398 2860 471 2904 cum
486 2837 702 2904 exauditionis
719 2837 903 2906 desiderate
920 2839 1045 2923 effectu,
1054 2840 1240 2925 benigniter
1260 2840 1442 2906 audiantur.
1457 2838 1520 2904 Da·

398 2951 467 3011 tum
484 2946 652 3014 Florentia
668 2954 704 3013 ut
721 2969 828 3032 supra.

399 3093 523 3153 (Ersdati
536 3093 748 3161 sogalmszvtny
762 3107 779 3143 a
794 3095 931 3160 »Signort
945 3094 1100 3162 Oarteggie‚
1120 3095 1249 3147 Minius«
1264 3096 1317 3144 stb.
1331 3095 1435 3146 xxm.
1448 3093 1522 3145 uste

833 3183 911 3235 nebel
927 3189 986 3238 109.
999 3201 1037 3236 ss.
1052 3186 1089 3248 a.)
1146 3216 1151 3228 ·

926 3509 1002 3572 465.

398 3669 428 3735 A
448 3671 598 3735 oelmrcaci
613 3671 889 3758 bormdnytanoica
916 3673 1120 3760 Fraupepcin
1146 3673 1254 3739 Junci
1278 3674 1522 3739 dalmat-bornat

399 3779 476 3844 bdnt
484 3779 690 3864 selszdlls'tp'a,
707 3781 788 3866 bopy
803 3781 932 3866 ndbdny
948 3801 987 3844 az
1014 3779 1212 3852 almiseuirle
1236 3781 1321 3846 dltal
1345 3781 1468 3868 elfoqolt
1484 3779 1523 3842 lo·

530 3886 662 3972 vapnulc
679 3887 848 3952 azabaddd
864 3887 1092 3952 bocadttatdsdt
1108 3888 1287 3972 eszlcbzdljc.
1304 3889 1402 3954 1394.

506 4044 605 4110 Auno
644 4043 1021 4130 MCOOLXXXXIII.
1060 4047 1239 4114 indictione
1288 4049 1438 4128 secunda,
1476 4046 1522 4111 die

399 4149 554 4219 XXVII.
586 4153 770 4220 Februarii.
802 4152 948 4239 Capta
975 4180 982 4219 :
1016 4153 1106 4239 Quia
1137 4155 1339 4224 venientibus
1366 4155 1522 4240 aliquibus

399 4259 560 4325 nobilibus
592 4259 804 4345 Frauoigenis
838 4270 871 4327 et
907 4263 1100 4347 Flamengis
1125 4286 1198 4330 cum
1223 4287 1290 4330 una
1322 4271 1433 4331 nostru
1460 4263 1521 4347 gri·

398 4368 492 4450 paria
509 4366 549 4431 de
565 4365 724 4434 Mothono
749 4392 770 4436 a
794 4368 915 4436 Sancto
942 4368 1111 4455 Sepulcro,
1137 4373 1200 4455 ipsi
1225 4393 1284 4456 per
1303 4393 1403 4438 uuam
1418 4371 1518 4456 galee

400 4481 467 4540 tarn
484 4474 523 4541 de
540 4472 701 4542 Dalmisio
719 4479 808 4562 capti
831 4478 973 4562 fuerunt,
989 4485 1023 4544 et
1042 4481 1163 4564 captivi
1181 4502 1252 4546 cum
1273 4483 1412 4564 pecunia
1427 4487 1457 4548 et
1473 4479 1520 4543 bo

402 4581 451 4646 uis
468 4585 537 4647 suis
554 4584 633 4650 illuc
649 4586 744 4666 ducti,
762 4608 832 4651 curn
850 4609 969 4672 magno
986 4611 1083 4658 onere
1109 4589 1211 4658 nostri
1227 4587 1372 4656 Dominii
1397 4593 1521 4674 propter
