3172 5254
404 385 467 445 168
680 426 683 436 -
757 399 991 446 orrncnnczmr
1010 386 1179 445 1111111111.

402 562 544 645 periculo
561 563 635 644 equi
652 561 790 646 predicti
808 567 841 625 et
857 562 1051 642 contagione
1076 562 1218 626 aliorum
1235 581 1392 642 equorum
1407 565 1524 624 nostro

401 693 481 736 rum.
497 669 595 738 Vnde
612 676 856 753 cognoscentes,
873 667 960 753 quod
977 668 1109 752 quando
1121 670 1255 734 emimus
1271 667 1396 734 dictum
1412 688 1523 750 equum

400 779 545 862 predicte
570 779 739 862 passionis,
765 778 855 843 nulla
878 778 968 843 11111
991 776 1054 843 1111
1077 777 1169 843 nobis
1195 775 1422 857 manifestatio,
1446 777 1524 841 sicut

402 885 442 951 de
457 885 540 951 dure
565 884 636 950 fieri
661 885 812 965 debebat,
828 885 907 968 quia
932 886 1071 966 occulta,
1094 886 1160 951 imo
1175 886 1278 950 tacita
1302 885 1381 966 futu
1398 891 1430 949 et
1446 882 1525 967 quod

405 1014 465 1059 nos
492 992 684 1059 confidimus
700 993 806 1058 verbis
822 994 908 1074 suis;
925 999 959 1057 et
976 994 1071 1077 quod,
1087 1001 1124 1059 ut
1142 999 1217 1061 sunt
1233 993 1410 1060 concordes
1425 1013 1525 1058 omnes

402 1101 638 1168 mareschalchi
655 1102 750 1184 hujus
766 1102 866 1182 urbis,
884 1107 958 1166 sunt
973 1101 1086 1184 plures
1103 1107 1175 1168 octo
1192 1102 1307 1166 dicbus
1325 1102 1414 1186 quod
1429 1099 1527 1184 passio

403 1233 467 1276 non
483 1211 624 1294 incepit;
642 1215 674 1275 et
685 1210 785 1274 etiam
803 1208 890 1291 quod
907 1210 969 1275 boc
980 1216 1065 1274 esset
1081 1231 1152 1275 cum
1169 1208 1429 1277 manifestissimo
1446 1211 1525 1274 dam-

403 1341 445 1384 no
461 1318 574 1386 Vestri
591 1316 781 1383 Communis
798 1344 804 1382 :
821 1318 1079 1384 deliberavimus
1096 1321 1263 1384 remittere
1280 1317 1402 1384 dictum
1418 1339 1526 1401 equum

405 1424 562 1492 Venetias
583 1445 641 1508 per
652 1431 826 1508 patronum
842 1424 956 1491 barcbi
972 1425 1111 1492 latorem
1127 1427 1337 1510 presentium,
1357 1447 1450 1510 quem
1465 1425 1525 1490 Do·

406 1534 544 1599 minatio
561 1532 686 1602 Vestra
703 1535 857 1617 dignetur
873 1535 945 1599 dari
958 1533 1068 1601 facere
1084 1536 1232 1618 predicto
1250 1557 1302 1602 ser
1317 1535 1426 1620 Petro,
1442 1531 1526 1600 1111·

406 1662 479 1707 cere
496 1641 584 1724 quod
599 1642 752 1707 restituat
764 1643 943 1726 pecuniam,
958 1648 996 1707 ut
1008 1643 1133 1727 justum
1150 1650 1202 1708 est
1217 1645 1323 1710 causis
1334 1643 1523 1728 suprascrip

403 1750 454 1814 tis.
471 1750 553 1814 Etsi
565 1749 649 1814 forte
666 1771 726 1832 per
741 1749 847 1833 ipsum
865 1749 957 1816 fieret
972 1753 1152 1832 contentio,
1171 1752 1258 1833 quod
1274 1773 1376 1835 equus
1392 1751 1527 1817 nonfuit

405 1863 612 1941 computatus
627 1857 670 1922 ad
685 1857 809 1922 dictum
825 1859 972 1941 precium
993 1859 1121 1925 ducatis
1141 1859 1285 1925 LXXX
1303 1863 1336 1925 in
1352 1857 1526 1938 LXXXV,

406 1966 527 2030 sentiat
552 1964 743 2031 Dominatio
768 1964 902 2046 Vestra,
920 1968 1009 2049 quod
1041 1969 1181 2034 alterurn
1198 1989 1318 2051 equum
1334 1969 1403 2052 ipse
1418 1971 1524 2034 emita

406 2096 458 2139 ser
474 2073 566 2137 Luca
583 2071 770 2138 Contareno
786 2073 829 2139 ab
844 2095 908 2139 uno
925 2096 1043 2158 mense,
1059 2075 1143 2140 citra
1159 2076 1210 2140 111
1225 2077 1313 2141 eirca
1328 2075 1450 2142 ducatis
1459 2074 1525 2152 XL,

404 2183 452 2246 ita
479 2182 566 2265 quod
592 2181 674 2246 bene
701 2183 909 2249 considerare
934 2184 1063 2267 poterit,
1087 2204 1147 2267 pro
1173 2189 1295 2266 quanto
1323 2185 1429 2268 precio
1458 2184 1521 2266 ipse

407 2313 508 2374 equus
536 2291 630 2356 nobis
657 2295 862 2374 computatus
889 2291 996 2357 fuerit.
1021 2291 1185 2376 Dignctur
1200 2293 1334 2376 insuper
1349 2293 1525 2360 Dominatio

407 2396 531 2465 Vestra
548 2398 629 2464 solvi
643 2398 753 2463 iacere
779 2405 917 2482 patrono
937 2399 1062 2480 barebi,
1079 2406 1115 2464 ut
1128 2401 1252 2482 justum
1268 2399 1377 2484 fuerit,
1393 2400 1431 2465 de
1446 2400 1525 2466 labo·

406 2506 496 2572 ribus
512 2513 545 2572 et
561 2528 620 2572 sua
634 2506 792 2573 mercede.
809 2507 900 2572 Data
917 2507 1057 2592 Tarvisij
1075 2505 1216 2576 XXVI.
1233 2508 1327 2594 Maij.

554 2707 589 2792 3)
613 2704 646 2771 A
670 2706 900 2772 relenczei
925 2705 1127 2790 degenek
1150 2729 1170 2773 a
1193 2706 1393 2774 kdvetelo

624 2833 789 2899 Dominio.

517 2939 731 3008 Serenissime
756 2949 789 3007 et
813 2944 1096 3009 Excellentissime
1125 2942 1266 3008 Domine
1292 2949 1413 3008 noster.
1445 2941 1528 3008 Sicut

410 3050 596 3133 scripsimus
624 3051 848 3116 Dominationi
873 3051 995 3120 Vestre
1021 3052 1073 3118 die
1089 3049 1229 3119 Veneris
1245 3048 1404 3118 XXVII.
1419 3047 1527 3116 mensis

409 3159 570 3240 presentis
595 3159 688 3243 Maij,
713 3161 904 3226 recessimus
931 3161 970 3226 de
997 3159 1145 3224 Tarvisio
1171 3181 1242 3224 cum
1260 3156 1423 3243 Gregorio
1439 3157 1526 3222 misso

408 3264 502 3330 nobis
520 3287 579 3348 pro
596 3273 706 3332 scorta
732 3274 855 3350 nostra,
872 3275 904 3333 et
919 3291 992 3333 cum
1007 3268 1064 3333 illo
1082 3268 1238 3334 vemimus
1265 3265 1422 3332 Sacilium
1445 3265 1525 3329 dicta

412 3372 464 3436 die
488 3371 571 3438 bora
598 3372 744 3439 XXIII.
759 3375 800 3439 In
818 3395 882 3457 quo
903 3375 1033 3459 quidem
1057 3374 1129 3439 loco
1156 3371 1257 3438 Sacili
1283 3374 1394 3438 statim
1419 3372 1526 3437 fuinrus

411 3503 482 3545 cum
498 3481 630 3546 domino
646 3480 825 3547 Benedicto
843 3489 875 3547 et
892 3483 1023 3547 domino
1038 3480 1175 3564 Iacobo,
1191 3481 1247 3564 qui
1263 3480 1435 3546 uoluerunt
1448 3475 1528 3562 peni·

409 3595 462 3653 tus
478 3609 538 3653 uos
563 3589 611 3654 ire
638 3590 678 3654 ad
695 3589 839 3673 hospitia
855 3594 970 3654 nostra
986 3610 1045 3672 pro
1063 3590 1172 3671 quiete
1189 3608 1402 3672 personarum
1417 3590 1530 3652 nostra·

410 3719 491 3779 rum,
515 3698 669 3781 dieentes
694 3699 781 3781 quod
808 3699 861 3764 die
883 3698 1030 3781 sequenti
1061 3695 1227 3762 nobiscum
1260 3703 1376 3762 essent.
1407 3693 1529 3762 Fuimus

411 3808 510 3871 etiam
527 3807 579 3872 die
597 3805 734 3873 Sabbati
761 3830 833 3872 curn
859 3807 913 3885 eis,
930 3814 963 3872 11
979 3808 1137 3891 premissa
1158 3806 1357 3872 salutatione
1373 3826 1432 3887 pro
1446 3809 1528 3886 parte

412 3913 651 3980 Dominationis
669 3915 797 3998 Vestrc,
814 3924 846 3981 et
862 3917 974 3981 relatis
991 3915 1052 3980 sibi
1068 3914 1185 3999 gratijs
1202 3913 1242 3978 de
1259 3912 1529 3979 conductusecum

412 4044 487 4104 su03
514 4025 738 4104 conclusimus
765 4024 854 4107 quod
878 4026 911 4089 in
937 4024 1162 4107 prosecutione
1193 4023 1242 4088 111
1273 4029 1387 4087 nostre
1413 4038 1528 4085 eramus

410 4130 560 4213 dispositi
586 4154 713 4200 servare
739 4134 830 4198 illam
862 4134 948 4197 viam
973 4139 1007 4197 et
1032 4132 1189 4214 ordinem,
1206 4131 1263 4213 qui
1284 4131 1470 4196 viderentur
1498 4133 1527 4188 et

411 4238 580 4322 placerent
606 4241 677 4306 sibi.
708 4240 790 4306 Post
814 4240 874 4305 heo
894 4243 963 4304 sinc
992 4261 1084 4305 mora
1101 4241 1261 4305 voluimus
1278 4249 1396 4324 exequi
1412 4245 1442 4303 et
1457 4255 1531 4302 com·

411 4346 500 4431 plcre
525 4370 605 4432 opus
631 4346 711 4432 quid
737 4349 838 4414 scitis.
862 4349 909 4413 Et
933 4349 1077 4414 breviter
1102 4348 1194 4414 nulla
1219 4348 1273 4414 via
1298 4369 1404 4432 neque
1428 4344 1530 4412 modus
1566 4361 1568 4426 j

411 4456 522 4537 valuit,
548 4457 664 4539 quibus
689 4478 854 4540 possemus
870 4457 1025 4541 perficere
1042 4459 1165 4524 dietum
1181 4479 1280 4541 opns;
1305 4465 1339 4524 et
1353 4457 1415 4524 boc
1429 4455 1529 4532 solum,
1565 4471 1567 4540 3

412 4568 448 4628 ut
473 4569 589 4650 postea
629 4564 777 4631 scivimus
804 4586 843 4630 111
883 4565 1047 4650 parvitate
1079 4566 1188 4650 operis
1219 4566 1386 4634 antedicti.
1418 4563 1529 4634 Verum
1565 4547 1567 4590 ¹
