3190 5252
810 349 1045 426 perterruerunt
1063 337 1228 394 urrunnun.

981 639 1055 704 245.

449 801 490 864 II
495 801 524 864 1.
545 801 671 888 Krtroly
687 799 816 864 sicilici.
831 798 1015 886 kirc'lpnak
1031 801 1218 865 adatozosa
1235 824 1256 864 a
1274 797 1545 886 Mapyororezoptit

683 907 745 972 vote
757 909 823 992 jou
842 907 949 973 Jonas
966 908 1058 994 toucy
1074 911 1233 972 rotmiro.
1256 910 1351 972 1382.

558 1068 583 1135 J
585 1068 728 1134 ohannes
746 1064 882 1150 Georgij
900 1066 1000 1133 Miles
1016 1066 1173 1150 Vngarus
1190 1067 1231 1133 de
1252 1061 1375 1134 'Castro
1401 1065 1492 1132 Pechi
1504 1084 1546 1148 pro

450 1177 556 1259 gratie
571 1176 748 1260 plurimum
765 1181 797 1240 et
812 1177 954 1259 acceptis
971 1177 1112 1261 servitijs
1123 1177 1296 1260 Mujestuti
1305 1173 1425 1241 Nostro
1440 1175 1547 1258 inopor-

450 1283 541 1349 tunis
573 1291 606 1349 et
630 1283 741 1350 arduis
768 1283 897 1350 casibus
923 1290 1114 1352 constanter
1139 1291 1172 1351 et
1202 1283 1343 1349 fideliter
1375 1305 1444 1351 curn
1472 1280 1547 1348 enini

451 1393 708 1477 promptitudine
726 1393 882 1477 prestitis,
899 1393 998 1460 habet
1008 1414 1069 1477 pro
1080 1414 1114 1458 se
1123 1398 1156 1457 et
1165 1392 1341 1458 heredibus
1352 1396 1417 1457 suis
1434 1409 1547 1457 annueu

451 1500 668 1584 provisionem
683 1499 879 1566 florenorum
895 1500 935 1566 de
960 1521 1041 1567 euro
1067 1502 1318 1585 quingentorum
1344 1498 1420 1564 boni
1443 1505 1472 1564 et
1489 1495 1549 1580 justi

452 1607 606 1693 ponderis
623 1607 735 1692 (1382.
753 1613 782 1673 3.
798 1607 915 1694 Junij.)

451 1751 488 1822 (A
509 1754 647 1820 »Regiutri
661 1755 811 1822 Angioini‹
828 1758 886 1804 358.
901 1769 936 1804 ez.
952 1769 969 1804 e
989 1753 1135 1804 kenteocl
1147 1755 1213 1819 Reg.
1237 1753 1330 1804 Caroli
1351 1753 1549 1816 111.eoe.1.;az

773 1845 857 1896 olasz.
872 1845 916 1896 kir
929 1843 1043 1909 nepolyi
1065 1843 1259 1907 levelttrben.)

450 2313 472 2377 l
473 2314 495 2376 I
496 2313 521 2376 I.
539 2313 665 2400 Kciroty
681 2312 809 2377 sicilici
825 2313 1007 2399 kirdlynak
1023 2313 1188 2391 rendelete,
1212 2315 1293 2399 kopp
1317 2306 1550 2378 rrdvornotrinct·

586 2423 624 2484 de
641 2421 728 2484 Buce
745 2421 944 2485 Lirinczoek
956 2422 1098 2505 jutalma
1115 2421 1329 2505 kifizetteeec‘k.
1346 2423 1441 2487 1382.

558 2578 682 2664 Magno
699 2578 807 2662 Regni
825 2577 1014 2648 Oomererio
1031 2603 1155 2648 necnon
1172 2582 1198 2648 J
1199 2581 1364 2648 ostitiario
1389 2574 1552 2648 Prouinceic

451 2688 658 2770 Oupitanate.
684 2686 772 2772 Quin
798 2688 999 2755 Laurentius
1020 2688 1179 2773 Stephani
1197 2689 1236 2755 de
1253 2689 1343 2755 Bacc
1362 2690 1402 2756 de
1428 2685 1548 2769 Vngurio

450 2795 622 2862 familiaris
639 2803 671 2862 et
687 2797 792 2863 fidelis
808 2804 919 2864 noster
935 2799 1070 2865 dilectus
1080 2800 1182 2866 nichil
1191 2801 1231 2866 de
1247 2801 1364 2866 annuis
1379 2799 1475 2884 rncijs
1496 2815 1548 2862 cen·

450 2911 520 2969 tum
529 2905 667 2988 triginta
682 2906 834 2990 ponderis
850 2909 1012 2989 generalis
1038 2907 1194 2974 stabilitis
1221 2909 1284 2974 sibi
1309 2931 1368 2992 pro
1394 2931 1427 2973 se
1452 2911 1482 2972 et
1502 2901 1550 2968 suis

449 3010 622 3078 heredibus
639 3035 736 3096 super
751 3013 942 3099 quecunque
959 3015 1063 3082 fiscali
1080 3014 1178 3082 Ourie
1194 3024 1305 3082 nostre
1325 3017 1462 3098 pecunia
1475 3007 1554 3097 peroi-

448 3140 526 3204 pere
542 3121 649 3204 potuit
658 3120 712 3187 uel
722 3121 861 3188 habere:
875 3122 944 3190 Nos
954 3123 1099 3190 nolentes
1109 3124 1274 3190 dominum
1283 3125 1493 3191 Laurentium
1502 3116 1554 3182 ilie·

446 3249 518 3292 rum
535 3229 617 3294 reali
634 3231 839 3314 perceptione
855 3253 966 3298 carere
985 3232 1186 3298 decernimus
1197 3238 1257 3298 etc.
1270 3230 1384 3317 (1382.
1399 3235 1449 3296 14.
1459 3230 1481 3296 J
1483 3223 1554 3304 unii-i

449 3373 485 3433 (Δ
501 3373 638 3438 »Regietri
653 3373 803 3439 Angioini‹
816 3381 876 3427 353.
890 3393 926 3428 oz.
941 3393 965 3429 a.
980 3371 1125 3429 kttetebol
1137 3379 1203 3442 Reg.
1226 3377 1319 3428 Caroli
1334 3380 1385 3429 III.
1408 3382 1466 3429 326.
1479 3377 1510 3436 1.;
1527 3380 1552 3416 ⁸¹

772 3467 856 3519 olusz.
870 3467 923 3519 kir.
933 3468 1047 3532 nopolyi
1061 3467 1255 3529 lertlttrban.)

935 3631 1092 3639 ——..---

447 3927 478 3992 Α
504 3931 655 3994 oeterrczei
680 3933 889 4022 ko'ztdruaedq
906 3936 935 3998 I.
953 3937 1053 4020 Lajoe
1078 3961 1220 4024 mappae
1245 3937 1359 4024 kircly
1375 3935 1550 4002 kiorinatu'ro

497 4077 500 4082 ·
514 4039 535 4100 Ι
537 4039 557 4101 Ι
560 4039 585 4100 Ι.
604 4037 728 4128 Keiroly
743 4043 868 4106 sicilici
885 4045 1066 4129 kirrtlyoak
1082 4047 1244 4131 repitce‘pet
1259 4048 1404 4112 hatdroz.
1423 4044 1507 4110 1382.

554 4196 653 4264 Anno
669 4197 985 4267 MOOCLXXXII.
1002 4203 1179 4270 indictione
1205 4203 1245 4272 V.
1262 4206 1315 4272 die
1333 4201 1494 4272 XXVII.
1509 4195 1551 4260 Jss·
1575 4235 1578 4252 ·

448 4303 501 4369 nii.
526 4303 671 4389 Copta
688 4331 694 4371 :
712 4304 808 4391 Quod
825 4309 1062 4393 respondeatur
1078 4310 1210 4379 domino
1230 4311 1315 4398 Regi
1332 4312 1498 4398 Hungarie
1511 4321 1552 4388 ptr

444 4409 574 4478 litteras
591 4421 718 4480 nostras
729 4417 762 4481 in
773 4415 880 4482 forma
896 4418 1117 4504 infrascripto,
1135 4428 1168 4486 et
1179 4423 1224 4487 sic
1234 4421 1364 4487 dicatur
1374 4420 1494 4486 Nuntio
1502 4431 1550 4488 suo

446 4520 502 4602 qui
518 4528 569 4585 est
583 4521 636 4586 hic
653 4528 687 4586 et
703 4529 856 4606 expectat
871 4528 1109 4614 reponsionem,
1135 4529 1285 4596 videlicet
1301 4557 1308 4597 ε
