3210 5252
568 373 664 438 1374.
1137 375 1179 434 85

4 2 248 187 Γ
207 271 211 276 .

155 553 199 617 Et
214 552 290 635 Ego
306 549 479 617 Johaunes
498 552 539 617 de
555 551 741 636 Rebompre
757 499 914 616 uriuuclus
931 549 961 614 d
965 549 1179 616 Authonvrlle

4 569 7 712 4
66 659 282 726 Anbienausis
298 657 449 724 Diocesis
466 657 614 726 Clericus
615 657 1050 744 ‚Apostolioaetlmperieli
1066 665 1123 722 aut
1110 657 1181 723 t·ho

4 723 6 828 4
66 769 148 832 ritate
162 765 321 832 Publicus
336 764 497 833 Notarius
523 769 746 852 suprascripta
762 763 871 832 omnia
887 771 921 830 et
936 764 1066 848 singula
1081 785 1180 830 manu

4 859 6 938 4
67 876 183 958 propria
198 876 314 958 scripsi
331 875 390 940 44
381 895 416 938 m
431 874 515 940 hanc
534 873 695 958 publicam
711 873 850 941 formam
867 871 989 955 redegi,
1006 875 1039 938 et
1054 872 1102 938 eis
1119 892 1181 954 que

4 995 6 1004 ’
71 981 269 1048 actufuerunt
285 984 320 1047 in
336 989 446 1048 castro
456 981 497 1047 de
508 983 643 1068 Lupsru
653 980 800 1066 predicto
816 999 949 1064 presens
964 978 1011 1045 fni
1028 1000 1094 1044 uua
1109 999 1182 1043 cum

4 1131 6 1180 ᾗ
72 1090 285 1174 suprascriptis
300 1087 442 1155 testibus
458 1094 491 1156 et
507 1087 645 1155 Notario
660 1087 889 1172 infrascripto3
912 1091 946 1152 et
971 1107 1044 1151 cum
1059 1105 1181 1170 appen-
1261 1077 1265 1086 ’

4 1187 6 1290 l
72 1199 145 1262 sione
167 1197 346 1281 sigillorum
372 1195 575 1282 prefatorum
591 1197 797 1264 dominorum
813 1193 1021 1275 Nautiorum,
1041 1189 1181 1260 Ambas-

4 1291 6 1316 '
70 1307 209 1371 uatomm
234 1313 268 1372 et·
291 1311 542 1390 procuratorum
569 1305 648 1371 dicti
664 1305 786 1372 domini
803 1303 906 1388 Regis
921 1301 1102 1386 Huugarie‚
1119 1301 1182 1384 sig·

4 1397 6 1518 ᾗ
69 1433 135 1478 uum
156 1433 258 1479 meum
283 1413 360 1480 huic
383 1415 602 1480 instrumento
618 1413 748 1499 publico
766 1412 907 1497 apposui
924 1416 1115 1477 consuetum
1131 1429 1179 1474 re·
1307 1435 1314 1444 ·

4 1519 7 1606 ξ
70 1522 192 1604 quisitus
206 1523 240 1587 iu
256 1523 479 1590 testimonium
496 1524 737 1607 premissorum.

4 1615 6 1712 4
161 1629 232 1712 Ego
258 1649 338 1695 vero
361 1627 520 1698 Albertus
552 1629 684 1698 Viriam
715 1627 757 1694 de
788 1625 911 1694 Sancto
943 1624 1182 1712 Christophoro

4 1757 6 1834 ἑ
69 1733 200 1801 Clericus
225 1736 390 1803 Pullensis
414 1737 572 1819 Diocesis‚
595 1733 792 1820 Apostolice
806 1741 840 1800 44
854 1733 1023 1818 Imperiali
1039 1733 1183 1800 authori·

4 1851 6 1920 4
69 1841 299 1920 lateNotarius
324 1845 492 1929 premissis
519 1844 667 1910 emnibus
685 1847 719 1909 et
734 1841 879 1926 siugulis,
895 1842 973 1908 dum
989 1842 1035 1908 sic
1050 1862 1181 1926 ageren-

69 1953 117 2013 tur
131 1957 162 2014 et
174 1949 301 2036 fierent
323 1973 388 2018 una
404 1973 475 2017 cum
491 1951 632 2019 Noturio
647 1956 680 2017 44
695 1950 833 2017 testibus
850 1949 1096 2034 suprascriptis
1112 1970 1183 2034 pre·

68 2078 134 2122 sens
155 2058 209 2141 lui,
234 2059 351 2144 hicque
376 2080 426 2124 me
444 2060 633 2144 subscripsi,
650 2065 771 2126 etcum
788 2060 986 2144 appensione
1002 2057 1182 2142 sigillorum

68 2166 276 2247 predictorum
303 2167 505 2235 dominorum
532 2167 745 2249 Nuntiorum,
760 2164 1045 2232 Ambassiatorum
1062 2171 1095 2231 44
1111 2187 1184 2250 pro·

68 2281 237 2342 curatorum
253 2276 336 2343 dicti
352 2277 474 2344 domiui
484 2277 588 2362 Regis
598 2275 771 2361 Hungarie
782 2278 912 2361 siguum
922 2295 1028 2341 meum
1045 2275 1181 2359 apposui

69 2389 243 2450 consuetum
268 2384 302 2448 in
317 2385 538 2452 testimouium
555 2385 790 2471 promissorum
805 2384 981 2469 requisitus
998 2381 1183 2468 specialiter

4 2525 9 2658 ι
70 2497 98 2554 44
112 2498 248 2574 rogatus.
338 2500 347 2517 ‘

4 2659 7 2736 4

5 2741 7 2806 4

4 2223 8 2302 4

85 2634 210 2693 (Eredetie
225 2637 400 2704 borhartytn
415 2654 431 2688 a
444 2638 570 2690 franceis
581 2637 702 2690 nemaeti
715 2651 790 2703 nagy
805 2634 986 2700 levelterbau,
1000 2636 1155 2698 Patriacum)

594 2929 643 2990 73.

68 3081 152 3168 Lepet
177 3085 340 3150 ureeztriai
352 3085 493 3173 14444449,
510 3087 592 3171 ufic
613 3085 736 3154 Vilrnos
762 3089 888 3175 herecep
904 3113 919 3152 e
936 3087 1062 3174 Hedvip
1079 3087 1104 3151 I.
1121 3087 1185 3151 La·

61 3190 107 3270 joe
122 3215 257 3280 mapyor
273 3195 306 3258 ἑο
322 3195 445 3282 lengyel
462 3196 643 3282 ttrctynat
654 3195 772 3281 leriopc
781 3197 852 3261 lcir'zt
867 3206 1010 3262 tervezett
1026 3196 1184 3282 hdeoeedg

511 3303 610 3370 irunt.
636 3305 733 3369 1374.

162 3459 350 3544 leopoldus
376 3461 440 3528 Dei
457 3463 570 3548 gracia
586 3463 663 3530 Dux
678 3463 817 3532 Austris
834 3465 895 3532 stb.
911 3470 1023 3530 notum
1048 3461 1183 3527 iacimus

65 3574 167 3635 tenore
181 3572 384 3656 presentium
399 3573 566 3656 uniuersis,
592 3573 680 3658 quod
695 3594 754 3640 nos
770 3573 876 3639 animo
903 3573 1094 3654 deliberato,
1118 3592 1186 3638 ma·

65 3683 193 3763 turuque
208 3679 377 3747 Beronum
394 3686 427 3746 et
443 3681 622 3748 Procerum
638 3689 824 3748 nostrorum
850 3681 1024 3747 accedente
1040 3680 1187 3763 concilio,

65 3782 228 3854 bonafide
254 3795 288 3856 44
314 3790 439 3874 ubsque
466 3791 555 3857 omui
570 3789 645 3857 dolo
671 3811 711 3857 ac
735 3791 804 3856 siue
820 3789 945 3872 fraude,
970 3787 1185 3856 serenissimo

64 3889 201 3980 Principi
225 3898 358 3964 domino
374 3897 544 3964 Ludouico
559 3897 646 3982 Regi
671 3897 853 3981 Hungerie,
877 3895 973 3963 fratri
997 3903 1108 3962 nostro
1131 3895 1186 3960 ku·

64 4000 192 4088 rissimo,
216 4011 356 4089 propter
381 4006 497 4072 sinceri
528 4006 648 4072 amoris
679 4007 898 4072 constanciam
922 4002 1128 4088 promisimus
1153 4008 1187 4068 44

65 4112 259 4190 presencium
285 4111 367 4177 serie
382 4113 602 4196 promittimus
619 4113 750 4196 seriose,
767 4113 855 4198 quod
872 4111 1043 4178 Illustrem
1063 4109 1186 4176 Princi-

64 4237 128 4297 pem
144 4219 272 4285 Ducem
287 4219 511 4302 wilhelmum,
526 4222 780 4306 primogenitum
793 4226 942 4286 nostrum
970 4219 1188 4297 karissimum,

6 4325 10 4388 l
64 4322 173 4411 inclyte
198 4329 319 4414 virgini
344 4327 506 4415 Hedwigi,
537 4329 681 4396 eiusdem
696 4329 819 4396 domini
834 4327 937 4411 Regis
952 4333 1031 4394 nate
1057 4327 1185 4406 iuniori,

64 4452 127 4496 cum
149 4435 329 4518 maritagio
354 4436 422 4502 siue
447 4435 626 4503 donacioue
652 4442 788 4521 propter
812 4437 956 4520 nupcias,
973 4433 1056 4499 sicut
1081 4433 1185 4498 ceteri

63 4535 225 4627 Principes
251 4550 284 4608 et
309 4543 420 4610 Duces
445 4541 581 4612 Austris
597 4565 657 4629 pro
684 4545 751 4612 suis
767 4543 841 4610 filiis
867 4549 901 4608 et
926 4541 1064 4608 fatribus
1080 4537 1188 4608 iacere
