3248 5242
577 381 672 444 1391.
1121 384 1183 444 699

62 553 209 620 fidelibus
235 556 361 622 dilectis
387 559 527 640 gratiam
544 563 578 622 et
593 559 711 625 bonam
731 560 938 641 voluntatem,
963 558 1186 626 Actendentes

61 663 178 730 merita
194 665 316 734 sincere
333 673 365 731 et
381 667 676 734 constantisvestre
686 667 868 733 deuotionis
885 675 917 732 et
933 666 1017 754 fidej,
1030 689 1095 752 qua
1105 689 1185 752 erga

61 771 147 837 clare
164 774 319 839 memorie
344 773 508 839 dominum
526 775 650 858 Regem
667 775 830 841 Karolum
855 776 1070 841 reuerendum
1087 776 1186 841 dorni·

63 903 138 946 unm
150 883 330 966 genitorem
341 889 486 948 nostrum
498 884 573 948 dum
583 884 672 966 vixit,
682 890 715 948 et
730 907 787 950 nos
797 884 1006 950 laudabiliter
1015 885 1186 964 claruistis,

61 1013 187 1058 necnon
214 999 311 1076 grata
335 993 474 1076 grandia
499 993 590 1057 utilia
616 998 648 1056 et
672 991 837 1057 fructuosa
869 993 1011 1076 seruitia,
1042 1013 1099 1076 per
1131 1013 1186 1057 vos

60 1099 149 1166 dieto
173 1102 335 1186 quondam
360 1100 490 1167 domino
515 1101 655 1185 genitorj
682 1107 799 1181 nostro,
822 1101 898 1166 dum
924 1102 1075 1166 humanis
1091 1099 1187 1166 rebus

59 1211 184 1294 potitus
201 1208 318 1291 extitit,
335 1211 502 1294 signanter
519 1211 552 1274 in
579 1210 792 1292 acquisitione
808 1209 916 1292 Regni
932 1212 1035 1275 nostri
1052 1209 1188 1292 Hnnga-

59 1319 118 1397 rie,
134 1325 167 1383 et
182 1322 427 1402 preseruatione
453 1323 521 1384 tam
545 1318 653 1400 Regni
679 1317 826 1400 predicti,
852 1339 950 1400 quam
967 1319 1065 1384 etiam
1080 1317 1189 1400 Regni

59 1428 163 1492 nostri
174 1426 285 1493 Sicilie
302 1426 344 1493 ab
360 1427 531 1493 insultibus
548 1432 581 1492 et
597 1427 758 1510 peruersis
774 1427 944 1492 conatibus
961 1427 1141 1492 emulorum
1157 1430 1190 1490 et

58 1535 232 1602 rebellium
258 1536 438 1620 Regiorum
462 1543 672 1620 paternorum
697 1542 796 1619 atque
827 1541 1020 1615 nostrorum,
1037 1541 1070 1599 et
1095 1534 1189 1600 nobis

60 1645 162 1710 etiam
177 1643 317 1710 fideliter
333 1653 366 1710 et
390 1645 600 1712 laudabiliter
616 1643 764 1729 prestita,
781 1664 937 1727 personas
953 1649 1077 1709 vestras
1094 1663 1190 1726 expo·

59 1753 169 1820 nendo
195 1754 255 1819 sub
286 1754 383 1821 dubie
414 1756 510 1820 sortis
541 1754 720 1834 enantibus,
737 1777 794 1819 nec
818 1753 1007 1837 personalia
1037 1751 1190 1836 pericula,

62 1866 221 1946 sumptus,
238 1861 368 1927 labores
384 1863 514 1928 ettedia
524 1860 737 1941 formidando,
759 1881 863 1946 queue
878 1859 1000 1926 Nostra
1016 1859 1190 1928 Maiestati

9 1991 10 1994 ¹
58 1968 217 2054 praetatis
243 1968 286 2033 ad
311 1989 455 2051 presens,
472 1975 505 2034 et
531 1989 696 2053 speramus
722 1990 777 2033 vos
801 1970 1014 2053 imposterum
1041 1967 1081 2033 de
1105 1966 1190 2033 bono

59 2071 192 2160 semper
207 2077 240 2141 in
265 2077 380 2143 melius
404 2077 610 2160 prestituros,
626 2099 664 2141 cx
689 2077 807 2160 quibus
824 2099 879 2143 vos
896 2076 1062 2161 amplioris
1079 2080 1191 2140 nostre

58 2187 335 2254 remunerationis
360 2185 469 2268 gratia
485 2185 601 2268 dignos
620 2192 653 2250 et
667 2185 885 2251 benemeritos
907 2191 1116 2268 reputamus;
1132 2204 1192 2249 nec

59 2296 171 2360 minus
188 2293 228 2358 de
243 2300 348 2360 vestre
364 2294 551 2359 sinceritate
568 2297 749 2359 constantie
759 2295 878 2359 inuicte
894 2294 978 2374 fidei,
994 2292 1112 2358 robore
1128 2292 1191 2356 vir-

62 2411 183 2486 tutum,
199 2405 322 2468 meritis
334 2410 367 2468 et
382 2409 586 2487 strennytate
603 2402 751 2487 probata,
769 2425 851 2486 quos
868 2423 993 2486 semper
1008 2401 1191 2466 inuenimus

61 2514 169 2580 nostri
194 2511 334 2592 honoris,
352 2517 456 2576 status
482 2519 516 2578 et
542 2512 681 2576 nominis
706 2511 864 2576 zelatores
880 2511 1051 2594 precipuos
1067 2510 1101 2574 in
1119 2508 1192 2574 sub·

60 2621 197 2705 seriptis
228 2627 261 2686 et
290 2619 468 2686 maioribus
493 2621 591 2703 longa
625 2641 734 2686 rerum
760 2620 962 2703 experientia
994 2617 1192 2685 confidentes

59 2730 158 2796 vobis
184 2731 352 2796 Banatum
376 2729 567 2813 Regnorum
594 2735 777 2795 nostrorum
796 2728 964 2794 Dalmatia
984 2733 1017 2794 et
1034 2726 1191 2792 (lrohatie

60 2859 138 2906 eum
170 2837 276 2921 terris,
301 2837 396 2918 villis,
421 2838 544 2918 castris,
569 2837 706 2920 oppidis,
732 2837 869 2920 juribus,
899 2833 1192 2920 jurisdictionibus,

59 2945 324 3027 auctoritatibus,
335 2944 555 3030 potestatibus
571 2952 604 3011 et
620 2945 826 3028 pertinentijs
842 2943 992 3009 omnibus
1008 2949 1040 3008 et
1057 2942 1193 3024 singulis

60 3055 108 3122 ad
133 3053 255 3118 dictum
279 3054 442 3119 Banatum
470 3053 693 3136 spectantibus
720 3054 834 3135 quouis
850 3050 954 3133 mode,
980 3056 1013 3115 et
1036 3048 1120 3134 alijs,
1149 3050 1194 3114 eis

61 3161 215 3230 modoet
238 3163 351 3244 forma,
370 3161 487 3244 quibus
512 3183 551 3227 ae
577 3162 613 3240 si,
640 3168 672 3226 et
687 3167 786 3244 prout
804 3161 843 3225 de
859 3159 1044 3224 huiusmodi
1060 3159 1194 3224 Banatu

61 3295 125 3358 per
141 3271 313 3336 recolende
329 3272 481 3336 memorio
492 3271 655 3335 dominum
673 3269 876 3335 Ludouicum
893 3266 957 3352 Dej
974 3266 1082 3349 gratia
1098 3265 1192 3330 Hun-

61 3381 167 3465 garie,
184 3379 351 3446 Dalmatio
368 3387 428 3445 ete.
455 3380 577 3462 Regem
605 3379 696 3443 uobis
714 3378 936 3442 honorabilem
953 3382 1121 3458 tamquam
1139 3395 1194 3457 pa-

59 3499 150 3556 trem
167 3489 332 3572 prouiderj
345 3490 514 3554 consueuit
531 3487 738 3572 quendrixit,
756 3487 796 3551 de
813 3493 904 3552 certa
920 3492 1032 3550 nostra
1049 3484 1194 3564 scientia,

62 3605 190 3665 etcum
216 3618 374 3662 consensu
400 3602 432 3661 ot
458 3596 652 3660 auctoritate
670 3593 882 3660 Sereuissime
898 3592 1038 3657 Domine
1065 3589 1194 3655 domine

60 3706 249 3788 Margarita
275 3705 336 3789 Dej
364 3705 472 3786 gratia
497 3703 685 3787 Regnorum
710 3701 930 3785 predictorum
947 3699 1073 3782 Regine
1103 3681 1196 3763 reue·

61 3816 166 3883 rende
183 3814 350 3898 genitricis
367 3819 401 3880 et
425 3813 511 3878 balie
538 3818 649 3878 nostre
665 3818 734 3876 tam
754 3811 884 3875 nornine
899 3830 956 3874 suo
973 3829 1071 3891 quam
1087 3805 1192 3870 Reue-

61 3924 254 3991 rendissimi
284 3925 317 3988 in
352 3920 485 3986 Christo
511 3921 622 3986 Patris
660 3920 783 3984 domini
808 3916 930 4002 Angelj
966 3914 1055 3982 tituli
1081 3912 1195 3980 Sancti

62 4033 239 4118 Laurentij
257 4034 290 4096 in
306 4031 471 4096 Damasco
490 4029 668 4095 Presbitcri
691 4024 878 4091 Oarelinalis
894 4023 1087 4108 Apostolice
1104 4021 1197 4088 Sedis

62 4143 197 4226 Legati,
215 4143 317 4208 nostri
334 4142 482 4207 similiter
508 4139 596 4222 Balij
624 4139 698 4201 bine
723 4136 877 4216 absentis,
897 4153 994 4216 usque
1015 4131 1139 4197 scilieet
1155 4129 1198 4196 ad

62 4257 217 4317 nostram
233 4250 472 4333 beneplacitam
488 4246 688 4311 voluntatem
700 4251 810 4309 tenore
821 4242 1017 4326 presentium
1029 4237 1198 4306 confirma-

62 4383 139 4425 mus
158 4381 216 4442 pro
232 4359 364 4424 honore.
391 4355 547 4423 Voleutes
573 4361 604 4419 et
630 4353 834 4418 intendentes
861 4369 1021 4433 expresse,
1038 4345 1124 4430 quod
1140 4367 1197 4411 vos

63 4479 240 4550 tamquam
267 4467 350 4548 Barrj
369 4468 558 4548 Regnorum
583 4465 803 4547 predictorum
820 4483 879 4544 per
894 4480 952 4523 uos
970 4465 1003 4523 vt
1020 4457 1198 4539 predicitur

62 4577 215 4660 ordinatj
228 4577 292 4641 illis
302 4575 487 4655 bonoribus,
504 4571 679 4652 fauoribus,
698 4568 912 4650 libertatibus,
930 4565 1197 4646 immunitatibus,
