3226 5254
415 399 479 460 382
759 415 993 461 umnorrsczmr
1010 405 1176 461 enudans.

412 580 445 638 et
463 595 502 639 ea
517 577 651 657 rogatus
667 573 808 640 scribere
827 575 942 658 scripsi
959 579 991 639 et
1017 573 1189 658 publicavi,
1215 595 1385 657 meumque
1411 576 1520 657 signum

411 683 547 764 apposui
567 687 763 747 consuetum.

411 827 550 889 (Eredetie
565 828 747 891 bdrhdrtydn,
760 843 777 876 a
797 828 925 877 floranozi
939 841 1012 891 nagy
1034 827 1225 878 leveltaraban
1248 827 1379 876 ›Sezione
1400 828 1467 877 della
1484 826 1522 874 lli-

471 915 646 981 formagioni,
666 918 728 969 Atti
742 917 861 982 publici«
878 920 932 968 vol.
946 917 1023 968 VIII.
1037 916 1120 967 Certe
1133 917 1167 966 de
1181 917 1283 982 Napoli
1296 917 1386 967 XVII.
1398 931 1432 967 sz.
1445 917 1478 981 a.)

939 1245 1012 1306 184.

408 1404 514 1469 Jdaos
529 1405 652 1470 macarii
678 1406 741 1470 hdo
766 1429 787 1468 a
805 1403 962 1491 florenczi
979 1405 1257 1491 kdztdrsaadqnulc
1273 1407 1401 1484 40,000
1415 1428 1522 1490 arnap-

405 1513 1042 1600 foriatnyikdlcsdurdlkdtelezvdaylad
1052 1513 1211 1578 kozhirelu
1226 1513 1413 1596 formabas.
1438 1515 1518 1580 1380.

514 1677 557 1740 In
572 1673 645 1760 Dey
672 1675 799 1740 nomine
825 1670 942 1738 Amen.
969 1672 1067 1738 Anno
1084 1671 1220 1738 Domini
1237 1673 1278 1739 ab
1295 1676 1365 1740 eius
1381 1673 1521 1739 [noema-

407 1783 498 1848 cione
525 1785 693 1850 millesimo
720 1784 946 1849 trecentesimo
971 1785 1190 1866 octuagesimo
1211 1783 1392 1849 indiccione
1418 1789 1521 1864 quarta

408 1891 582 1957 secundum
598 1914 729 1958 cursum
746 1900 779 1960 ct
799 1892 1063 1958 consuetudinem
1073 1889 1289 1957 Notariorum
1300 1889 1521 1956 CivitatisFlo·

406 2003 514 2066 reneio
541 2001 592 2066 die
618 2001 741 2067 decimo
767 2001 886 2064 mensis
920 1997 1076 2066 Octobris
1101 2005 1247 2083 tempore
1273 1998 1472 2065 Sanctissimi
1494 1999 1521 2060 in

405 2106 539 2175 Christo
555 2109 666 2174 Petris
683 2115 716 2174 et
732 2107 867 2174 Domini
883 2111 987 2174 nostri
1004 2107 1125 2172 domini
1141 2107 1269 2174 Urbani
1285 2106 1411 2173 Diuina
1426 2107 1522 2191 proui-

404 2214 502 2281 dente
527 2218 701 2282 clemencia
726 2215 818 2299 Pspe
845 2213 949 2281 Sexti.
980 2212 1101 2280 Actum
1127 2217 1160 2280 in
1186 2222 1293 2279 castro
1320 2214 1519 2280 Podiobonizi

405 2323 588 2390 Comitatus
605 2322 785 2404 Florencie‚
801 2323 1004 2406 presentibus
1013 2321 1151 2388 testibus
1166 2323 1209 2388 ad
1227 2324 1285 2386 hec
1300 2324 1430 2402 vocalis,
1446 2321 1519 2386 ride-

403 2433 479 2497 licet
493 2429 639 2515 providis
655 2437 688 2498 et
704 2431 947 2514 circumspectis
973 2431 1050 2495 viris
1076 2431 1209 2495 domino
1233 2429 1387 2495 Johanne
1412 2425 1518 2493 Haned

402 2538 513 2604 Milite
530 2545 563 2603 et
579 2537 734 2604 Generali
753 2537 933 2621 Capitaneo
949 2535 1079 2603 Guerre
1096 2537 1282 2604 Communis
1300 2537 1476 2615 Florencie,
1491 2543 1517 2598 el

402 2647 574 2714 (lherardo
600 2647 696 2712 Rossi
723 2644 762 2710 de
799 2644 1012 2728 Gianfiglazis
1037 2646 1224 2712 honorabili
1251 2643 1423 2711 Potestete
1447 2643 1516 2709 dicti

402 2755 515 2822 (lustri
532 2757 759 2838 Podiobonizi‚
776 2762 807 2822 et
824 2778 876 2820 ser
893 2755 1034 2846 Andron
1046 2755 1217 2820 Francisoi
1235 2753 1377 2821 Notario
1389 2755 1427 2820 de
1438 2751 1514 2818 Rad·
1593 2817 1594 2840 ἦ

401 2865 445 2928 da
462 2861 646 2930 Comitatus
663 2865 834 2930 Florencie
851 2871 884 2929 et
900 2885 953 2930 ser
969 2863 1112 2929 Michelo
1129 2886 1182 2929 ser
1207 2863 1376 2929 Francisci
1402 2864 1438 2928 de
1463 2861 1515 2926 Po-

401 2971 530 3038 doboizi
546 2973 704 3056 predicto,
720 2980 752 3037 et
768 2972 907 3038 Nicolao
923 2972 948 3037 J
949 2973 1086 3038 ohannis
1103 2973 1127 3039 J
1131 2992 1187 3037 ure
1203 2973 1243 3037 de
1260 2973 1442 3038 Florencia.

508 3081 763 3148 Prenominatus
780 3081 975 3164 Magnificus
999 3082 1048 3146 rir
1067 3081 1213 3146 dominus
1230 3080 1398 3146 Johannes
1413 3080 1512 3144 Banns
1592 3109 1594 3116 ·

399 3189 642 3255 Machouiensis
658 3189 860 3273 Capitaneus
886 3189 992 3272 gentis
1017 3189 1249 3272 Ungharorum
1279 3209 1351 3253 curm
1377 3190 1444 3272 ipso
1468 3187 1515 3250 do·

398 3299 485 3363 mino
501 3298 526 3364 J
528 3297 655 3363 ohanne
672 3299 889 3380 existendum,
904 3304 1097 3381 procurator
1106 3305 1139 3362 et
1150 3299 1379 3381 procuratorio
1391 3294 1504 3373 nomine

403 3403 592 3471 Serenisimi
614 3404 779 3488 Principis
796 3410 828 3469 et
845 3402 979 3471 Domini
999 3406 1121 3471 domini
1148 3405 1308 3470 Lodouici
1327 3406 1399 3488 Dey
1415 3403 1513 3486 gracia

398 3511 500 3594 Regis
515 3511 698 3595 Ungherie,
714 3512 754 3576 de
771 3535 837 3595 qua
853 3535 994 3597 procura
1010 3521 1043 3578 et
1059 3513 1214 3579 mandato
1231 3519 1382 3578 constare
1407 3511 1508 3576 vidiat

397 3617 461 3701 legi
479 3620 512 3683 in
528 3620 650 3686 litteris
667 3627 700 3685 et
715 3643 774 3705 per
790 3621 918 3686 litteras
935 3629 1083 3705 petentes
1109 3621 1185 3686 dicti
1213 3621 1333 3688 domini
1350 3623 1457 3706 Regis,
1479 3617 1511 3680 si-

397 3725 528 3808 gillatas
555 3729 655 3812 ipsius
683 3729 805 3795 domini
830 3729 933 3813 Regis
959 3729 1076 3812 sigillo,
1101 3738 1133 3795 et
1159 3731 1299 3814 scriptas
1316 3730 1369 3795 die
1386 3725 1511 3794 seeundo

396 3835 514 3900 mensis
531 3835 556 3900 J
557 3836 623 3900 unii
635 3836 781 3919 proxime
798 3836 946 3919 preteriti
962 3821 1197 3902 ennoDomini
1219 3836 1388 3902 millesimo
1404 3843 1510 3901 trecen-

395 3941 509 4006 tesimo
529 3945 762 4027 octuagesimo,
786 3942 966 4010 indiccione
992 3945 1110 4025 terois3
1132 3965 1268 4027 quarum
1286 3945 1416 4028 quidem
1439 3941 1511 4006 litle-

398 4069 509 4114 rerum
525 4057 621 4115 tenor
637 4050 713 4115 talis
731 4057 782 4116 est
799 4051 832 4115 in
848 4051 972 4132 effectu,
989 4051 1157 4117 videlicet:

501 4159 571 4224 Nos
588 4144 773 4224 Lodouicus
791 4159 851 4225 stb.
869 4159 1076 4244 (kdvetkezik
1093 4161 1120 4226 Ι.
1138 4161 1235 4245 Lajos
1255 4181 1391 4245 magyer
1407 4165 1438 4223 es
1455 4158 1510 4222 len·

393 4266 465 4350 gyel
481 4265 653 4350 kiralynak
673 4271 767 4332 1380.
779 4267 893 4352 junius
911 4270 978 4334 a-ki
995 4269 1348 4353 meghatalmazranya,
1359 4270 1439 4333 mint
1454 4265 1510 4332 sen·

394 4374 472 4439 tebb
491 4379 563 4441 162.
580 4398 622 4440 sz.
639 4377 682 4459 a.)

503 4482 601 4550 Omni
618 4482 723 4565 modo,
739 4484 790 4548 ria
807 4491 839 4549 et
855 4485 934 4568 iure,
952 4486 1068 4568 quibus
1085 4487 1199 4552 melius
1220 4487 1346 4570 proluit
1371 4503 1506 4570 procura·

395 4590 629 4657 torio'uemine
646 4613 710 4673 qno
729 4613 837 4674 supra,
863 4594 979 4659 habuit
1002 4602 1035 4659 et
1061 4598 1184 4679 recepit
1209 4598 1242 4662 in
1268 4595 1432 4678 presencia
1455 4589 1505 4656 mei
1593 4643 1594 4646 ,
