3248 5242
592 370 686 481 1111.
1135 415 1198 476 sss

71 595 175 658 uetur.
194 587 260 657 Sed
275 592 503 662 nichilominus
518 596 546 660 si
561 617 599 659 eo
616 601 770 679 tempore,
796 613 860 676 quo
877 593 980 658 stabit
994 593 1028 657 in
1043 591 1197 674 Sibinicq

70 722 128 783 per
144 700 273 784 aliquos
289 701 381 768 fieret
397 706 518 769 mentio
534 704 575 768 de
596 702 857 788 oppressionibus
874 703 951 781 suis,
967 707 999 765 et
1015 702 1056 785 de
1073 723 1132 767 sua
1147 723 1201 766 nc-

69 809 237 889 cessitate,
263 807 409 892 dicendo,
435 813 523 896 quod
548 819 597 878 est
622 813 666 877 eis
691 811 921 892 necessarium,
947 816 984 874 ut
1007 808 1201 892 provideant

69 920 312 985 conservationi
329 942 395 1002 sue,
411 927 445 985 et
461 945 561 1004 quare
578 943 643 987 nou
660 922 809 1003 ponimus
828 921 870 984 ad
887 920 948 984 hoc
973 925 1113 984 mentam
1129 939 1201 984 nos-

68 1035 168 1107 tram,
184 1034 219 1092 et
242 1029 354 1112 aliqua
380 1031 447 1095 alia
474 1030 594 1096 similia
609 1029 710 1096 verba
726 1029 910 1114 spectantia
926 1028 968 1094 ad
987 1028 1201 1093 intentionem

67 1142 229 1218 nostram,
245 1145 378 1221 propter
396 1160 492 1220 quam
510 1139 734 1223 principaliter
750 1160 823 1203 eum
839 1137 1015 1216 mittimus3
1031 1139 1109 1202 tune
1127 1156 1201 1199 nos·
1228 1195 1231 1202 ,

66 1251 124 1310 ter
138 1242 286 1310 Nuucius
302 1247 468 1331 predictus
485 1247 592 1312 dicere
609 1247 672 1312 illis
688 1246 810 1311 talibus
826 1245 954 1328 debeat,
980 1244 1066 1328 quod
1083 1245 1126 1312 ad
1142 1242 1202 1308 hoc

67 1353 198 1419 nullam
215 1357 455 1437 responsionem
473 1354 552 1420 dare
569 1361 688 1439 posset,
714 1355 793 1438 quia
808 1353 907 1419 nichil
931 1355 1031 1420 habet
1054 1354 1088 1418 in
1114 1341 1220 1417 1111111-1

66 1460 160 1527 datis
178 1481 198 1526 a
215 1461 443 1543 nobis,tame11
463 1471 590 1530 tantum
616 1464 661 1528 eis
687 1463 796 1528 dicere
813 1467 847 1527 et
871 1484 1015 1530 asserere
1042 1467 1149 1547 potest
1164 1460 1202 1524 de

67 1570 257 1634 intentione
272 1575 306 1634 ot
322 1569 532 1654 dispositione
558 1575 678 1652 nostra,
704 1571 792 1653 quod
817 1577 932 1636 nostra
948 1570 1135 1635 Dominatio
1152 1574 1201 1633 est

63 1684 203 1743 tantum
220 1677 302 1742 berre
321 1685 354 1742 et
371 1679 510 1744 humane
527 1679 685 1763 disposita
701 1671 812 1744 versus
828 1700 882 1743 eos
899 1685 931 1744 et
946 1684 1050 1744 totam
1066 1677 1204 1744 Dalma-

63 1785 154 1852 tiam
181 1807 219 1852 ac
246 1809 337 1852 suam
363 1789 650 1867 conservationem,
677 1794 832 1870 quantum
861 1808 931 1852 esse
956 1793 1067 1870 posset
1091 1806 1204 1851 sersus

62 1893 221 1980 proprios
238 1894 323 1959 cives
341 1916 423 1974 suos,
441 1897 519 1976 quia
536 1899 581 1959 sic
597 1915 655 1960 eos
671 1900 859 1980 reputamus
879 1902 912 1960 et
928 1901 1081 1980 reputare
1097 1894 1206 1978 dispo·
1253 1937 1256 1943 -

61 2002 123 2068 siti
141 2023 253 2068 sumus
269 2003 303 2067 iu
319 2003 446 2069 casibus
475 2003 739 2087 quibuscumque,
763 2003 847 2068 sicut
872 2000 959 2068 clare
984 2003 1132 2069 riderent
1146 2021 1206 2087 per

62 2108 225 2176 effectum
235 2132 377 2195 operum,
389 2111 417 2176 si
427 2113 459 2176 in
471 2110 582 2194 aliquo
594 2133 652 2178 nos
667 2111 881 2195 requirerent.
891 2111 1131 2177 Nichilominus
1141 2111 1208 2175 dic·

61 2227 123 2286 tus
141 2221 285 2288 Nuntius
302 2244 374 2288 cum
399 2223 458 2288 illa
483 2221 644 2288 industria
669 2229 701 2286 et
726 2245 784 2306 per
800 2219 874 2288 illos
898 2223 1053 2288 honestos
1082 2222 1205 2302 modos,

41 2420 43 2423 Ι
61 2350 134 2415 que
151 2349 208 2396 sue
225 2330 382 2414 sapientie
397 2330 601 2412 videbuntur,
617 2331 829 2397 monstrando
853 2353 1017 2416 sempera
1034 2353 1067 2396 se
1091 2330 1201 2396 dicere

63 2447 103 2505 et
121 2436 244 2519 lacere,
262 2446 415 2522 procuret
431 2439 560 2504 trahere
576 2445 610 2505 et
626 2440 747 2506 sentire
764 2441 804 2506 de
822 2464 880 2506 sua
897 2442 1077 2507 intentione
1093 2447 1126 2504 et
1142 2439 1209 2504 dis-'

61 2545 244 2634 positione,
261 2553 294 2612 et
310 2548 337 2616 si
353 2553 429 2614 sunt
445 2547 479 2611 iu
497 2569 562 2612 una
578 2549 730 2631 opinione
747 2549 797 2615 vel
806 2549 965 2633 pluribus,
977 2556 1010 2614 et
1025 2549 1060 2614 in
1075 2549 1204 2634 quibus,

61 2665 101 2724 et
120 2656 287 2740 quomodo
305 2677 338 2722 se
353 2655 548 2739 intelligunt,
564 2662 596 2721 et
613 2657 772 2739 quomodo
788 2657 872 2722 uniti
888 2666 964 2723 sunt
988 2679 1062 2723 cum
1085 2658 1111 2724 J
1112 2656 1208 2724 adra·

61 2765 163 2846 tinia,
180 2762 375 2848 Tragurinis
390 2770 423 2829 et
438 2762 629 2849 Spalatinis,
654 2773 687 2832 et
713 2767 875 2848 quomodo
901 2767 1049 2851 oppressi
1065 2773 1149 2846 sunt,
1175 2770 1208 2830 et

61 2874 221 2962 qualiter
238 2895 272 2940 se
289 2875 396 2940 valere
411 2880 537 2960 putant,
553 2880 586 2940 et
601 2875 750 2941 simihter
766 2876 929 2960 quomodo
945 2878 1061 2960 exequi
1076 2877 1208 2961 possent

62 2981 289 3065 intensiones
306 3004 387 3067 quas
403 2983 570 3064 haberent,
587 2990 619 3048 et
636 2986 743 3050 onmia
758 2985 834 3065 alia,
859 3007 921 3070 que
945 2986 1075 3050 trahere
1091 2992 1123 3050 et
1138 3004 1208 3048 sen·

61 3097 140 3162 tire
157 3091 287 3174 poterit,
303 3092 389 3156 utin
406 3113 464 3158 suo
480 3091 590 3158 reditu
605 3092 645 3158 de
662 3093 811 3159 omnibus
821 3093 1040 3178 plenissimam
1056 3092 1209 3176 informa·

62 3205 204 3270 tionem
221 3201 339 3267 habere
356 3201 527 3266 valeamus.
547 3199 689 3284 Quando
705 3207 813 3269 autem
834 3203 897 3269 erit
912 3204 946 3268 in
964 3202 1139 3286 maguus,
1156 3201 1209 3266 de-

62 3311 159 3379 beat
177 3329 365 3393 comparere
382 3330 453 3374 cum
471 3310 592 3375 nostris
609 3309 727 3375 litteris
745 3310 948 3376 credulitatis
965 3333 1073 3377 coram
1089 3311 1209 3376 Recto-

66 3419 172 3488 ribus
189 3413 272 3482 dicte
289 3422 386 3500 terre,
402 3423 436 3481 et
460 3416 547 3483 facta
564 3416 622 3483 illa
648 3418 856 3500 salutatione,
879 3440 942 3503 que
969 3441 1024 3484 sue
1051 3419 1209 3504 sapientie

62 3524 253 3606 videbitur,
271 3523 375 3591 dicere
393 3522 520 3607 debeat,
538 3521 679 3608 qualiter
696 3531 829 3609 propter
856 3532 946 3593 certa
972 3527 1092 3594 damna
1107 3548 1210 3612 nuper

63 3747 183 3816 mines
200 3742 398 3825 dictatura,
415 3744 472 3825 qui
491 3764 550 3826 per
575 3743 639 3808 vim
664 3743 873 3826 arripuerunt
898 3766 996 3810 unam
1022 3766 1112 3811 suam
1137 3745 1211 3810 bar-

64 3855 177 3924 cham
209 3873 280 3918 cum
313 3851 459 3918 omnibus
475 3852 569 3918 bonis
586 3859 618 3917 et
651 3854 905 3920 mercationibus
920 3855 953 3919 in
979 3875 1019 3919 ea
1043 3854 1211 3935 contentis,

63 3985 138 4033 nos
164 3961 374 4045 procidimus,
391 3983 464 4027 eum
491 3962 622 4026 mittere
648 3960 691 4026 ad
717 3962 911 4045 presentiam
930 3961 1106 4028 Raetorum
1124 3969 1211 4028 terre

63 4067 227 4160 predicte
244 4071 286 4136 ad
307 4069 547 4154 procurandum
573 4068 743 4134 emendam
761 4075 794 4134 et
818 4069 1076 4136 satisfactionem
1101 4069 1212 4135 damni

63 4178 223 4270 predicti
238 4200 298 4262 pro
313 4178 526 4244 indemnitate
542 4179 659 4244 civium
676 4183 866 4244 nostrorum
894 4177 1013 4245 damna
1040 4199 1211 4264 passorum

62 4293 165 4358 sicut
183 4286 346 4353 debitores
362 4309 479 4369 sumus,
497 4294 530 4354 et
546 4287 587 4353 ad
605 4287 798 4372 rogandum,
814 4292 852 4351 ut
868 4287 907 4352 de
929 4291 1038 4353 cetero
1064 4287 1212 4371 provide·

62 4403 139 4468 ant
155 4417 216 4482 per
231 4396 370 4480 modum,
388 4395 473 4480 quod
489 4397 570 4461 talia
586 4396 636 4462 sel
654 4396 774 4462 similia
794 4418 860 4461 non
886 4403 1041 4463 occurant
1058 4397 1092 4460 in
1119 4391 1212 4460 bonis

61 4502 337 4576 mercationibus
353 4513 385 4572 et
401 4505 538 4588 navigiis
554 4511 747 4588 nostrorum,
773 4525 833 4571 nee
858 4507 957 4571 etiam
982 4505 1130 4584 aliorum,
1157 4502 1212 4587 qui

63 4615 231 4684 venirent
257 4614 300 4680 ad
317 4614 490 4682 Civitatem
508 4621 661 4699 nostram,
677 4621 711 4680 et
735 4614 810 4680 inde
835 4615 1035 4696 recederent,
1051 4616 1135 4680 sicut
1159 4633 1213 4678 eos

129 4753 196 4790 nos.
212 4751 289 4787 susc.
306 4752 373 4788 arsa.
390 4764 434 4773 —
450 4752 518 4788 scra
534 4753 594 4788 axa.
614 4754 653 4788 111.
1062 4725 1106 4788 44
