3134 5254
420 402 486 467 270
774 418 1009 468 nnmonaoamr
1027 407 1193 466 1111111111.

422 579 682 664 quandocunque
707 581 887 662 voluerunt,
911 581 959 646 ire
985 600 1095 646 coram
1112 581 1167 660 eis,
1182 603 1221 645 ac
1237 581 1335 645 etiam
1350 579 1471 645 fecimus
1484 597 1526 641 se-

420 690 490 754 0110
507 689 635 754 litteras
652 689 692 754 de
708 689 875 754 credentia
901 689 1050 756 omnibus
1067 687 1240 772 colligatis,
1257 711 1277 755 a
1294 689 1416 772 quibus,
1429 692 1462 751 ut
1474 685 1525 770 ipsi

418 799 512 864 nobis
529 797 690 877 dixerant,
716 817 830 880 pacem
855 798 1027 880 petivimus
1045 798 1250 880 singulatim5
1274 819 1313 862 ac
1330 798 1424 863 etiam
1440 795 1526 859 uenire

417 904 550 972 lecimus
566 905 758 971 mandatum
784 911 926 970 vestrum
952 904 993 970 ad
1021 906 1153 991 plenum
1170 907 1291 986 statim,
1308 927 1379 971 cum
1395 905 1451 988 ipsi
1464 902 1528 987 peti-

417 1022 550 1096 verunt3
576 1020 608 1079 et
633 1013 851 1079 conclusimus
876 1034 974 1096 super
1000 1013 1143 1097 capitulo
1169 1014 1322 1096 graviori,
1354 1012 1473 1078 scilicet
1495 1009 1527 1073 de

417 1121 582 1204 Dominio,
600 1121 774 1188 dnmmodo
790 1121 831 1186 de
848 1120 922 1204 alijs
948 1120 1103 1205 capitulis
1128 1142 1270 1186 essemus
1287 1119 1462 1186 concordes.
1483 1115 1527 1181 Ad

417 1228 507 1296 illum
534 1231 574 1295 de
600 1229 732 1295 domino
757 1228 923 1295 Zacharia
947 1229 1098 1313 diximus,
1129 1229 1274 1314 qualiter
1304 1251 1369 1295 non
1399 1231 1528 1313 potuerat

417 1337 573 1403 interesse
599 1344 734 1420 propter
759 1337 874 1402 tibiam
900 1338 978 1422 ejus,
1005 1358 1068 1420 quo
1094 1339 1185 1406 ultra
1216 1338 1350 1403 modum
1381 1337 1528 1418 indignata

418 1451 498 1528 erat,
515 1450 548 1510 et
564 1465 637 1510 cum
653 1445 779 1528 magnis
799 1443 968 1510 doloribus
986 1466 1175 1526 nervorum3
1200 1451 1232 1509 et
1248 1444 1334 1527 quod
1351 1466 1456 1509 rerum
1471 1449 1529 1508 erat

417 1553 506 1638 quod
521 1551 564 1619 ad
579 1554 713 1619 invicem
732 1552 928 1619 debebamus
944 1554 1053 1619 omnia
1069 1551 1235 1635 conferre3
1259 1573 1372 1618 verum
1387 1550 1526 1618 conclusio

418 1669 530 1747 postea
562 1662 633 1728 fieri
658 1670 789 1747 poterat
814 1684 872 1746 per
898 1664 1055 1747 majorem
1080 1669 1207 1746 partem
1233 1668 1391 1727 nostrum.
1425 1657 1529 1743 Quibus

419 1768 540 1835 auditis
556 1769 742 1835 habuerunt
758 1768 850 1835 nobis
875 1769 1083 1853 respondere,
1100 1768 1187 1852 quod
1203 1776 1299 1834 erant
1313 1770 1421 1853 parati
1434 1776 1529 1832 tenue

417 1899 528 1943 omnes
552 1879 623 1943 rias
649 1883 682 1942 et
707 1877 830 1958 modos,
855 1899 936 1962 quos
961 1879 1006 1944 eis
1032 1877 1213 1943 diceremus
1229 1899 1290 1962 pro
1306 1875 1479 1942 inducendo
1492 1873 1527 1937 ad

418 2008 530 2072 pacem
547 1987 784 2069 rationabilem,
798 1987 980 2072 justamet
1003 1986 1174 2052 honestam
1190 1987 1366 2052 nobiscum.
1384 1983 1530 2069 Quantum

416 2094 458 2159 ad
476 2094 579 2176 aliud,
596 2095 685 2179 quod
700 2094 793 2162 nobis
810 2097 1037 2178 exprimerent,
1064 2117 1160 2178 quam
1181 2116 1294 2178 pacem
1311 2094 1406 2159 nobis
1422 2093 1489 2158 dare
1502 2110 1531 2154 se

416 2199 598 2269 offerebant
613 2225 685 2268 cum
702 2203 866 2287 colligatis
883 2205 968 2284 suis;
992 2202 1240 2286 respondebant,
1250 2201 1339 2287 quod
1350 2201 1438 2267 nullo
1449 2197 1530 2266 modo

415 2307 477 2375 hoc
492 2309 600 2375 lacere
616 2317 757 2394 possent,
773 2312 930 2393 quianon
946 2311 1096 2376 sciebant
1106 2311 1305 2377 intentiones
1321 2317 1355 2376 et
1370 2311 1529 2394 petitiones

415 2435 527 2483 eorum
542 2439 603 2502 pro
619 2418 735 2502 majori
761 2425 865 2503 parte,
880 2419 938 2484 sed
954 2418 1137 2486 offerebant
1152 2441 1187 2486 se
1202 2421 1298 2486 nobis
1324 2421 1454 2486 daturos
1469 2436 1530 2481 cum

415 2528 461 2592 eis
486 2547 600 2611 paoem
623 2527 756 2610 justam,
782 2526 1011 2592 rationabilem
1036 2533 1070 2592 et
1095 2526 1272 2593 honestam.
1298 2528 1345 2592 Et
1361 2527 1532 2612 quiasuper

414 2634 477 2699 hoc
502 2634 591 2700 dicta
615 2633 753 2700 luerunt
774 2637 878 2700 multa
902 2635 1011 2716 rerba,
1037 2635 1125 2718 quod
1150 2634 1299 2700 hocerat
1315 2634 1414 2701 nichil
1431 2633 1532 2706 dicere,

414 2741 479 2806 imo
496 2740 552 2805 ubi
567 2761 632 2825 pax
648 2740 744 2807 debet
760 2763 831 2807 esse
856 2740 946 2806 clara
961 2747 995 2806 et
1010 2741 1130 2822 lucida,
1147 2743 1196 2808 ita
1212 2741 1298 2826 qued
1314 2742 1436 2807 nullum
1452 2761 1487 2805 ex
1499 2759 1532 2802 ea

416 2846 549 2914 dubium
574 2848 683 2914 valeat
708 2849 885 2930 resultare;
909 2849 987 2915 talis
1011 2871 1076 2932 pax
1103 2856 1189 2914 esset
1214 2856 1320 2915 totum
1355 2849 1532 2935 oppositum.

262 2973 265 2985 ·
319 2985 321 2990 ·
415 2951 501 3039 Quia
516 2955 559 3021 ad
576 2956 830 3040 cognoscendum
847 2963 971 3040 postea,
987 2978 1048 3039 que
1059 2978 1124 3040 pax
1134 2964 1219 3022 esset
1228 2957 1443 3038 rationabilis,
1455 2959 1532 3042 justa

414 3070 447 3130 01
462 3063 607 3148 honesta,
634 3071 720 3132 esset
744 3087 864 3150 magna
890 3067 1056 3132 contentio
1082 3067 1169 3131 inter
1185 3073 1316 3150 partes;
1341 3072 1375 3132 et
1390 3066 1463 3132 talis
1478 3084 1532 3148 pax

415 3165 653 3240 nobis'videtur
664 3174 764 3258 justa,
788 3174 927 3241 honesta
943 3180 976 3241 et
992 3174 1205 3259 rationabilis,
1224 3197 1287 3258 que
1303 3198 1367 3265 non
1383 3175 1533 3241 rideretur

414 3279 585 3364 colligatis,
602 3287 635 3346 et
651 3284 696 3347 sic
712 3303 729 3346 0
745 3304 910 3351 converso.
937 3283 982 3348 Et
1005 3284 1085 3367 quia
1109 3283 1199 3349 lacta
1215 3283 1310 3348 nobis
1327 3282 1533 3349 declaratione

415 3387 565 3473 predicta
590 3389 704 3454 melius
730 3391 885 3457 sciremus
910 3397 1025 3476 postea
1050 3392 1271 3476 superiectis
1298 3392 1420 3457 domini
1444 3387 1533 3472 Regis

413 3495 598 3579 procedere,
623 3503 656 3562 ct
680 3519 740 3583 pro
765 3505 858 3565 tanto
883 3500 1004 3565 bonum
1020 3505 1100 3582 erat,
1128 3501 1215 3585 quod
1240 3499 1426 3567 declaretur
1440 3499 1533 3575 nobis,

414 3625 510 3687 quam
527 3627 639 3688 paoem
655 3605 750 3672 nobis
766 3607 845 3673 dare
861 3608 1075 3676 intendebant
1090 3630 1164 3674 oum
1179 3610 1349 3694 predictis,
1366 3609 1415 3675 vel
1431 3607 1534 3674 saltem

415 3710 588 3778 declarare
614 3719 721 3779 certos
747 3715 903 3780 terminos
927 3717 1017 3781 ultra
1033 3738 1113 3800 quos
1127 3719 1282 3783 terminos
1299 3739 1364 3782 non
1380 3735 1535 3802 possemus

418 3820 551 3904 gravari
566 3819 601 3884 in
616 3842 698 3904 pace
715 3821 822 3886 fienda
839 3843 909 3887 curn
937 3824 1162 3908 colligabant
1177 3847 1216 3890 ex
1231 3826 1294 3890 hoc
1308 3824 1468 3892 tollentur
1481 3842 1536 3888 om·

414 3927 469 3992 nia
485 3927 641 3994 scandala
666 3935 699 3994 et
715 3951 851 4012 errores,
878 3953 941 4014 que
958 3933 1038 3998 oriri
1050 3939 1189 4018 possent
1204 3935 1375 4000 occasione
1391 3933 1535 4018 predicta,

411 4041 450 4099 ut
466 4037 614 4119 superius
640 4037 759 4102 dictum
787 4045 867 4106 erat.
892 4039 951 4105 Ad
975 4041 1126 4108 ultimum
1142 4041 1264 4108 domini
1280 4041 1447 4109 Zacharia
1462 4041 1536 4107 dixe-

414 4148 501 4222 runt,
519 4142 607 4225 quod
632 4150 805 4229 postquam
832 4148 1006 4231 oportebat
1031 4170 1090 4215 nos
1115 4171 1188 4216 cum
1213 4151 1285 4234 ipso
1307 4132 1468 4232 conferre,
1482 4169 1535 4214 non

412 4250 626 4315 intendebant
641 4251 761 4318 habere
777 4255 867 4320 istud
877 4254 1141 4342 disavantaginm
1158 4259 1191 4324 in
1209 4260 1389 4343 aperiendo
1406 4281 1442 4326 sa
1456 4257 1536 4324 nobis

414 4377 524 4422 eorum
541 4359 772 4442 intentionem;
796 4368 829 4426 et
846 4385 904 4428 nos
921 4385 986 4428 non
1002 4367 1082 4448 ipsis
1100 4367 1226 4451 aliquid
1243 4373 1368 4434 certum
1383 4385 1537 4453 possemus

413 4465 550 4547 aperire,
575 4466 638 4530 nisi
663 4467 778 4533 habita
802 4469 1029 4538 conlocutione
1053 4496 1125 4540 cum
1153 4476 1284 4540 donnino
1311 4477 1485 4561 Zacharia,
1506 4479 1537 4538 nt

414 4571 573 4655 diximus,
596 4581 631 4639 et
646 4597 706 4658 pro
723 4581 816 4642 tanto
833 4599 891 4644 nos
907 4588 1096 4663 poteramus
1111 4583 1160 4650 ire
1176 4606 1235 4668 pro
1252 4583 1352 4651 sactis
1369 4587 1538 4668 nostriset
