3134 5254
562 463 654 526 1379.
835 427 845 446 ’
1107 465 1170 528 aee

59 633 185 716 bullat03
210 637 430 721 supplicantes
456 639 570 719 Vobis,
596 646 755 723 quatenus
773 637 950 725 dignemini
967 643 1039 726 ipsu
1055 645 1172 710 veloci-

60 752 102 809 ter
124 748 224 812 secere
251 748 385 831 cophini,
411 753 443 812 et
468 755 583 831 posteo
608 750 679 831 ipsu
704 749 849 832 captitula
881 750 973 816 nobis
1005 752 1171 819 remittere

60 876 141 936 queror
157 857 292 923 velocius
311 881 378 922 esse
395 863 511 941 potest.
529 855 654 923 Verum
671 860 757 940 quie²
775 858 857 924 sicut
876 859 998 927 Vestro
1014 859 1172 929 Dominu-

59 963 95 1024 tio
111 963 210 1028 ridere
226 967 355 1048 poterit,
381 967 414 1030 in
441 966 520 1049 ipsis
545 965 697 1048 capitulis
723 973 801 1030 sunt
823 967 933 1050 aliquo
958 971 1110 1054 capitulo,
1128 973 1167 1037 de

59 1069 160 1150 quibus
185 1073 216 1137 in
242 1073 468 1139 commissione
493 1080 606 1139 nostru
632 1095 689 1156 per
716 1074 982 1140 Domiuntiouom
1013 1079 1171 1148 Vestrum

58 1178 139 1244 dotus
163 1188 210 1246 est
235 1181 315 1245 ordo
341 1183 589 1263 responsionum
606 1205 688 1266 quus
704 1183 811 1248 fucere
838 1184 1042 1267 debebimus3
1067 1193 1098 1252 et
1115 1189 1173 1252 uli-

58 1307 113 1367 que
136 1293 215 1368 suut,
241 1287 281 1351 de
307 1286 424 1371 quibus
441 1289 474 1352 in
491 1287 580 1354 dictu
606 1291 828 1355 commissione
849 1297 962 1356 nostru
976 1294 1066 1359 nullu
1083 1295 1171 1360 suctu

1 1451 2 1462 ,
58 1397 243 1474 estmentio3
267 1397 397 1479 placent
423 1396 647 1462 Dominutioni
673 1397 794 1466 Vestro
819 1401 984 1478 murmure,
1011 1404 1168 1486 quiequid

57 1503 91 1566 od
114 1506 351 1588 responsionem
378 1505 603 1589 capitulorum,
630 1507 669 1572 de
697 1506 814 1589 quibus
830 1508 865 1572 in
881 1513 993 1573 nostru
1020 1513 1167 1576 commis-

1 1653 2 1656 =
58 1611 134 1675 sione
150 1635 210 1677 non
228 1620 277 1678 est
293 1612 381 1679 suctu
398 1615 527 1697 mentio,
546 1615 659 1699 ulique
675 1615 812 1680 voluerit
829 1638 886 1680 nos
905 1616 1068 1700 sucturos3
1094 1621 1173 1701 (pria

56 1719 90 1782 ed
105 1720 166 1784 aliu
182 1722 453 1805 respondebimus
471 1723 646 1787 secundum
665 1725 921 1789 commissionem
938 1731 1093 1806 nostrum,
1110 1729 1171 1791 nisi

56 1826 132 1892 uliud
154 1830 276 1896 Vestra
307 1830 499 1896 Dominntio
531 1833 733 1898 mundaverit
764 1833 946 1914 superinde.
977 1833 1173 1918 Recepimus

1 2023 2 2026 Ἴ
56 1933 138 2000 bodie
152 1959 209 2020 per
225 1937 411 2005 Nicoletum
429 1965 448 2006 n
466 1940 616 2020 Cernere,
633 1963 691 2024 per
709 1963 804 2024 quem
822 1941 979 2005 mittimus
1005 1951 1172 2024 presentes

1 2107 2 2112 ,
55 2063 118 2108 cum
133 2047 291 2128 capitulis,
307 2047 405 2113 breve
417 2048 510 2114 uobis
522 2049 652 2114 missurn
664 2071 722 2131 per
733 2047 996 2113 Dominntionem
1009 2049 1172 2129 Vestrum,

1 2193 2 2204 r
55 2159 81 2213 et.
93 2154 131 2217 ud
146 2157 364 2222 executionem
389 2179 509 2238 eorum,
526 2180 589 2239 que
607 2158 812 2222 continentur
829 2158 862 2220 iu
879 2158 949 2240 ipso
967 2156 1074 2238 breve,
1096 2181 1169 2222 cum

1 2295 2 2335 ς
56 2265 161 2329 erimus
178 2289 275 2350 super
301 2266 405 2347 scotie,
432 2265 668 2331 solicitubinms
693 2271 764 2330 toto
790 2287 892 2348 posse.
920 2265 1028 2331 'Unum
1054 2265 1171 2330 Vestre

1 2359 2 2448 J
56 2370 265 2440 Donninntioni
292 2381 402 2439 uotum
429 2373 573 2456 tacimus,
599 2373 688 2457 quod
714 2372 857 2456 captitula
884 2375 976 2440 nobis
1001 2397 1060 2458 pro
1078 2383 1172 2457 purte

1 2552 2 2569 ἶ
55 2481 162 2546 domiui
178 2483 281 2566 Regis
298 2489 448 2566 porrecto
476 2505 514 2546 ex
541 2487 609 2546 toto
638 2485 714 2544 suut
740 2480 924 2546 differentis
941 2507 960 2547 u
977 2488 1121 2548 tractatu
1142 2490 1174 2548 et

1 2612 2 2618 ¹
55 2589 148 2654 serbis
164 2591 213 2656 bis
230 2590 344 2657 diebus
371 2591 491 2673 elapsis
517 2589 640 2655 hubitis
667 2613 738 2654 cnm
759 2588 889 2654 domiuo
907 2589 1034 2656 Kurolo
1052 2596 1083 2655 et
1100 2592 1173 2674 utijs

1 2697 2 2772 ᾖ
55 2697 235 2765 Beronibus.
264 2698 367 2782 Quem
396 2700 527 2764 modurn
554 2699 622 2781 ipse
648 2699 796 2764 dominus
813 2697 961 2764 Knrolus
978 2699 1173 2766 etBerones

1 2787 2 2838 3
55 2808 218 2872 ostendunt
244 2808 396 2887 tenuisse,
423 2813 458 2871 ut
485 2808 632 2890 colligati
660 2808 709 2872 sui
730 2805 771 2870 de
788 2810 934 2870 trectntu
951 2829 1046 2889 quern
1062 2807 1174 2872 habui-

1 2943 16 3002 ρ
55 2937 115 2980 mus
140 2939 210 2982 cum
236 2919 292 2996 eis,
318 2916 507 3000 aliqualiter
533 2938 598 2980 non
623 2915 843 2999 porpendnnt3
869 2921 900 2978 et
926 2915 965 2980 de
990 2915 1052 2980 hoc
1068 2915 1173 2996 modo,

55 3043 140 3103 quem
157 3031 341 3106 tenuerunt,
358 3024 431 3090 Bon
448 3025 617 3090 iohannes
633 3023 793 3089 Notarius
810 3030 923 3088 noster
939 3024 1035 3105 dicet,
1053 3024 1174 3088 dictum

54 3129 207 3198 dominum
228 3133 386 3198 Kurolum
402 3132 581 3216 predixisse
608 3131 737 3200 domino
758 3129 915 3196 Genereli
932 3137 963 3196 et
981 3129 1059 3210 sibi;
1086 3132 1172 3212 qnod

1 3265 2 3282 ³
54 3245 179 3323 teneret,
194 3265 233 3307 ne
251 3241 398 3322 colligati
424 3241 464 3306 de
480 3247 625 3306 tractatu
641 3239 795 3324 predicto,
811 3239 925 3304 habito
942 3261 1013 3303 cum
1031 3240 1085 3320 eie,
1102 3262 1173 3322 pos·

1 3325 2 3339 ¹
55 3356 118 3413 seut
133 3349 344 3434 perpendere,
361 3356 395 3413 ut
424 3355 473 3414 est
498 3349 627 3413 dictum.
645 3347 734 3413 Data
750 3331 875 3412 Mestre
893 3346 944 3412 nie
961 3347 1005 3412 X.
1023 3343 1174 3412 Octobris

53 3454 126 3522 hora
142 3457 182 3526 V.
199 3458 272 3523 diei.
324 3451 328 3458 ’
798 3454 1050 3522 Ambasiatores
1068 3462 1127 3522 etc.

172 3659 231 3744 47)
255 3655 289 3722 Α
313 3655 542 3722 velenczei
568 3652 771 3736 dugenek
795 3676 815 3718 a
838 3653 1043 3720 kdvetek.

151 3783 363 3851 Serenissime
381 3780 518 3847 Domine
535 3786 654 3845 noster.
687 3778 871 3846 Secundum
889 3780 975 3863 quod
993 3780 1089 3845 hodie
1105 3783 1173 3846 Do-

52 3891 212 3958 minationi
228 3891 349 3960 Vestro
366 3893 481 3974 exponi
498 3890 629 3954 fecimus
641 3911 699 3974 per
710 3888 783 3953 Bon
794 3889 818 3952 J
820 3887 981 3952 ohannem
998 3890 1172 3954 Notarium

52 4007 198 4084 nostrum,
224 4003 286 4068 hoc
310 4002 381 4084 ipso
407 4000 458 4064 die
485 3999 630 4080 fecimus,
657 3997 744 4080 quod
761 3996 910 4060 dominns
929 3993 1101 4060 Generalis
1117 3997 1173 4061 isit

52 4109 88 4172 ud
105 4132 260 4194 campum,
278 4109 487 4188 ostendendo,
505 4108 592 4192 quod
609 4105 706 4172 vellet
717 4102 877 4182 recedere,
890 4110 921 4168 et
932 4105 978 4168 iro
994 4106 1038 4169 ud
1053 4105 1171 4168 incien-

52 4215 120 4281 dum
145 4218 233 4284 saeta
259 4217 396 4282 Ordinis
424 4217 490 4296 sui3
513 4213 719 4281 informando
745 4211 881 4276 eundern
899 4211 938 4275 de
956 4212 1058 4292 modo,
1076 4235 1173 4296 quem

53 4325 183 4393 debebat
213 4334 326 4392 tenere
358 4325 400 4391 ud
433 4324 548 4405 finem,
581 4321 750 4386 sentiendo
782 4320 929 4385 ultimum
960 4319 1173 4384 intentionenr

1 4494 2 4521 ἶ
52 4435 409 4518 eon1n1‚quedomirrus
434 4433 580 4499 Kurolus
598 4437 629 4496 et
647 4431 701 4512 nlij
721 4431 868 4494 Berones
886 4428 1034 4492 ultimate
1053 4426 1171 4492 vellent

1 4615 2 4618 Ἴ
53 4563 106 4626 pro
122 4567 199 4627 praee
215 4543 332 4623 fienda,
349 4549 416 4607 turn
435 4543 467 4606 in
488 4542 638 4625 capitulis
656 4540 695 4604 de
712 4540 827 4623 quibus
848 4537 935 4602 sueta
952 4542 1025 4600 eret
1042 4537 1173 4617 mentio,

53 4675 141 4740 quum
157 4655 190 4721 iu
207 4653 355 4720 omuibus
373 4651 448 4738 nlijs
466 4652 625 4740 capitulis.
643 4650 688 4719 ut
705 4647 785 4715 horu
798 4647 895 4712 turdo
913 4645 999 4712 fecto
1015 4646 1082 4733 jann
1101 4666 1172 4714 sero
