3190 5252
391 398 457 460 422
744 413 980 458 nrrnounczmr
997 401 1164 460 nunnus.

498 573 544 638 Et
558 573 705 656 predicte
724 572 833 637 omnia
851 573 1079 648 fcctnluerunt
1098 579 1257 658 presente,
1272 572 1460 657 intelligente
1468 577 1496 634 et
1572 629 1575 660 Ι

391 682 611 748 consentiente
622 680 722 747 nobili
732 681 800 745 viro
810 680 941 747 domino
952 680 1105 746 Leonello
1117 682 1157 746 de
1166 681 1350 749 Vivuldelis
1360 682 1495 748 delarue

390 789 560 856 Florentio
571 795 801 869 commorante,
818 794 851 852 et
869 788 996 854 dicente
1012 810 1046 853 se
1062 810 1131 856 esse
1148 796 1342 872 contentum,
1358 788 1437 870 quod
1455 807 1497 852 su·

390 896 533 982 predicti
544 896 607 962 duo
617 895 709 960 milia
720 897 890 980 quingenti
900 895 1014 962 floreni
1031 898 1188 964 darentur
1199 904 1232 963 et
1241 898 1436 964 solverentur
1444 893 1497 959 dic

390 1013 425 1070 tu
441 1005 573 1070 domino
596 1003 742 1070 «Iohanni
767 1007 974 1089 procuratori
999 1005 1148 1090 predicto
1165 1013 1197 1072 et
1212 1007 1377 1072 confitenti
1394 1029 1412 1070 a
1427 1003 1497 1082 dictu
1532 1025 1534 1030 ¹

391 1112 563 1178 Communi
579 1109 640 1177 sibi
657 1112 778 1178 solutos
795 1112 894 1179 luisse
905 1113 1004 1178 etiam
1014 1113 1154 1180 florenos
1173 1113 1236 1179 duo
1247 1114 1337 1180 milia
1348 1114 1497 1198 quigentos

392 1241 541 1285 excausa
557 1219 734 1300 antedicta,
750 1220 997 1306 etabsolvente,
1014 1228 1048 1287 et
1064 1223 1118 1305 qui
1135 1222 1276 1288 absoluit
1291 1221 1412 1287 dictum
1421 1219 1497 1285 Com·

390 1349 486 1394 mune
502 1328 678 1409 Florentie,
695 1334 728 1394 et
745 1350 796 1394 me
813 1329 989 1398 Vivinnum
999 1328 1175 1396 Notarium
1191 1336 1229 1396 ut
1244 1353 1346 1414 supra
1360 1328 1497 1412 stipulan-

392 1443 457 1500 tem
473 1435 516 1501 ab
532 1434 618 1500 omni
635 1441 668 1499 et
683 1440 753 1500 toto
771 1457 820 1516 eo,
840 1436 881 1502 ad
899 1437 987 1521 quod
1004 1459 1043 1501 ex
1059 1459 1158 1503 causa
1182 1437 1331 1522 predicta
1347 1443 1377 1504 et
1392 1458 1443 1501 seu
1456 1453 1498 1498 oc

347 1617 350 1624 ,
390 1545 519 1609 cesione
536 1542 720 1625 aliquarum
738 1543 919 1610 litterarum
946 1545 1026 1610 dicti
1056 1545 1179 1611 domini
1204 1543 1326 1612 Kuroli
1350 1542 1499 1610 transmis-

389 1650 593 1716 surumdicto
604 1650 774 1716 Communi
786 1651 947 1718 demenso
959 1649 1111 1719 Octobris
1126 1656 1269 1737 proxime
1286 1653 1439 1738 preteriti,
1453 1655 1499 1715 uut

393 1759 529 1824 alicuius
545 1757 770 1842 promissionis
786 1759 848 1843 ipsi
865 1765 1040 1844 propterea
1064 1760 1161 1846 lecte,
1188 1760 1310 1826 dictum
1336 1758 1496 1826 Commune

389 1875 475 1934 essct
490 1865 594 1930 eidem
610 1865 854 1949 quomodolibet
878 1867 1071 1952 obligatum,
1089 1890 1146 1934 seu
1171 1869 1268 1935 modo
1293 1869 1401 1954 aliquo
1424 1885 1497 1933 tene·

393 1975 492 2039 retur.

498 2077 586 2146 Acta
603 2078 735 2145 luerunt
749 2079 897 2165 predicte
912 2081 1082 2148 Florentio
1107 2083 1140 2147 in
1160 2083 1285 2167 palatio
1304 2083 1420 2168 Populi
1434 2081 1499 2147 Flo·

390 2187 519 2268 rentini,
536 2186 742 2270 presentibus
759 2187 907 2272 Spinello
923 2189 1014 2256 Luce
1033 2187 1177 2272 Albcrti,
1193 2191 1372 2257 Laurentio
1397 2188 1499 2256 Cecchi

391 2295 513 2376 Cionis,
540 2317 592 2361 ser
609 2295 717 2362 Bindo
735 2296 836 2364 Cardi
851 2297 1001 2384 Notari0,
1016 2299 1197 2366 Laurentio
1216 2300 1378 2368 «Iohannis
1394 2299 1499 2366 civibus

318 2467 322 2474 .
390 2403 599 2484 Florentinis,
609 2409 643 2468 et
653 2401 789 2470 Andrec
806 2405 961 2489 Magistri
972 2405 1147 2489 'l'eghiuzzi
1164 2409 1233 2473 cive
1244 2407 1390 2492 Aretino,
1401 2408 1499 2475 etaliis

389 2510 538 2593 pluribus
553 2511 691 2577 testibus
707 2511 749 2578 nd
767 2513 925 2596 premissa
940 2511 1060 2579 habitis
1077 2520 1109 2580 et
1124 2517 1257 2581 vocalis.

926 2621 1000 2705 Ego
1043 2621 1281 2706 Mnghinardus
1329 2625 1412 2691 filius
1457 2643 1499 2686 ser

821 2727 964 2793 Matthei
981 2727 1117 2795 condam
1134 2751 1186 2795 ser
1197 2730 1418 2816 Maghinardi,
1434 2731 1497 2796 Flo·

819 2833 965 2904 rentinus
1002 2836 1088 2904 Civis
1120 2839 1289 2924 Imperiali
1325 2843 1499 2908 auctoritate

470 2939 621 3026 (Jegyzoi
634 2943 736 3026 jegy.)
817 2943 928 3008 Judex
945 2943 1150 3028 Ordinarius,
1162 2947 1386 3035 Notariusque
1402 2948 1499 3016 Publi·

820 3073 886 3132 cus,
902 3059 934 3116 et
950 3075 1036 3118 nunc
1052 3055 1224 3122 coadiutor
1243 3059 1372 3141 providi
1389 3060 1442 3124 riri
1457 3075 1499 3121 ser

819 3159 953 3228 Viuinui
969 3160 1061 3246 Nerij
1083 3162 1217 3230 viviani
1245 3165 1377 3234 Notarii
1402 3163 1500 3232 Scribe

819 3267 1102 3337 Reformetionum
1118 3271 1338 3340 Consiliorum
1354 3274 1464 3360 Populi
1473 3277 1498 3336 el

389 3368 576 3436 Communis
593 3373 772 3454 Florentie,
788 3375 936 3460 predicta
952 3379 1059 3444 omnia
1075 3401 1114 3444 cx
1141 3380 1383 3450 imbreviaturis
1407 3388 1437 3448 et
1457 3401 1499 3446 ro·

388 3480 573 3562 gationibus
590 3482 668 3549 dicti
687 3507 738 3549 ser
755 3483 897 3567 Vivieni,
914 3488 991 3572 quin
1006 3509 1066 3571 per
1083 3490 1188 3573 ipsum
1209 3491 1401 3559 imbrevista
1416 3499 1444 3558 et
1458 3509 1499 3553 ro·
1576 3497 1577 3506 ’

386 3595 463 3672 gata
480 3589 619 3674 luerunt,
636 3593 757 3675 sumpsi
783 3593 895 3677 rigore
912 3597 1147 3663 commissionis
1164 3597 1262 3663 michi
1288 3600 1331 3666 ab
1360 3622 1396 3665 ec
1420 3597 1500 3676 lacte,
1575 3587 1576 3638 l

387 3703 419 3760 et
436 3696 487 3761 hic
503 3696 644 3763 fideliter
661 3701 776 3784 scripsi
792 3708 825 3766 et
840 3703 1012 3786 publicavi,
1028 3703 1166 3787 ideoque
1182 3727 1233 3769 me
1251 3706 1432 3791 subscripsi,
1447 3705 1497 3784 sig·
1575 3743 1576 3772 ;

388 3824 527 3888 numque
543 3827 649 3870 meum
665 3808 758 3891 posui
774 3816 970 3875 consuetum.

927 3920 1000 4003 Ego
1020 3916 1177 3985 vivianus
1189 3919 1274 3987 filius
1283 3921 1377 3989 Nerii
1386 3917 1501 3992 Viviani
1574 3985 1576 3998 Ι

818 4028 858 4095 de
875 4027 1036 4095 Sambuco
1053 4028 1142 4096 Civis
1170 4026 1389 4116 Florentium,
1412 4033 1499 4114 Impe-
1575 4055 1576 4122 ,

819 4137 893 4202 rioli
933 4139 1139 4204 auctoritate
1175 4140 1285 4206 Judex
1317 4141 1500 4212 Ordinerius,
1574 4157 1576 4224 ς

469 4237 621 4323 (Jegyzoi
635 4240 737 4326 jegy.)
820 4243 1039 4329 Publicusquc
1073 4243 1235 4314 Notarius
1261 4251 1417 4332 predictis
1439 4251 1500 4314 ante
1575 4251 1576 4334 ᾗ

819 4353 1095 4437 subscriptionem
1108 4353 1186 4421 dicti
1198 4355 1373 4442 Meynardi
1392 4363 1501 4424 conten·
1574 4373 1576 4428 l

818 4460 861 4523 tis
878 4465 911 4524 et
928 4460 1073 4544 scriptis,
1091 4459 1169 4527 dum
1185 4471 1371 4547 agerentur,
1387 4465 1501 4547 rogetus
1573 4445 1575 4500 l

824 4567 967 4650 interlui,
985 4575 1015 4632 ct
1042 4589 1081 4634 ea
1097 4567 1296 4658 inbreviari,
1321 4579 1353 4636 ct
1380 4572 1410 4640 i'n
1435 4565 1500 4636 meis
1574 4573 1575 4582 ³
