3248 5242
619 367 712 428 1392.
1163 367 1227 428 715
1272 400 1276 409 ·

93 565 166 609 rum
192 543 380 626 recognovit
404 542 467 608 sibi
493 541 574 608 bene
598 541 667 606 fore
693 542 835 607 solutum
861 546 894 606 et
919 541 1045 626 integre
1078 542 1227 608 satisfac·

93 658 162 718 tum
188 674 209 717 a
234 652 389 735 predictis
416 650 556 716 dominis
583 649 789 719 Officialibus
812 649 992 716 Rationum
1018 650 1171 716 dantibus
1197 660 1229 717 et

92 759 293 827 solventibus
324 758 509 825 nominibus
540 757 659 842 quibus
685 780 802 843 supra;
830 761 1022 824 renuntians
1047 760 1229 843 exceptioni

91 889 158 932 non
190 867 254 933 sibi
280 868 355 934 date
381 867 502 933 tradite
528 873 561 933 et
586 865 751 933 nominate
783 867 870 932 dicto
906 868 1100 951 quantitatis
1131 889 1229 951 pecu·

92 976 156 1058 nie,
182 981 216 1042 et
242 976 309 1060 spei
335 974 446 1040 futuro
473 957 614 1040 dationis
639 979 673 1040 et
697 976 919 1055 nuntiationis,
943 982 976 1040 et
1001 976 1088 1040 omni
1115 997 1228 1060 excep·

91 1083 174 1150 tioni
191 1082 259 1149 doli
274 1082 361 1167 mali,
378 1082 465 1166 quod
490 1088 593 1148 metus
619 1103 718 1148 causa
734 1082 784 1150 vel
801 1102 841 1147 ex
855 1083 976 1149 iniusta
991 1105 1097 1164 causa,
1113 1085 1145 1147 in
1163 1084 1229 1150 tac·

92 1197 165 1256 tum
182 1191 287 1258 stioni
304 1197 337 1256 et
353 1191 441 1256 omni
467 1189 523 1274 alij
550 1191 659 1274 legum
685 1196 719 1255 et
734 1191 828 1257 Juris
854 1198 921 1256 tam
947 1187 1103 1258 Canonici
1130 1213 1228 1275 quam

100 1296 218 1365 Civilis
248 1298 371 1364 auxilio
403 1303 436 1363 et
467 1297 647 1382 privilegio,
675 1297 794 1382 quibus
820 1299 871 1363 vol
895 1319 1035 1382 quorum
1060 1300 1228 1365 occasione

98 1412 212 1492 posset
241 1412 355 1472 contra
379 1405 528 1489 predicta
553 1406 604 1473 vel
630 1406 763 1490 aliquod
796 1405 1019 1491 predictorum
1044 1406 1151 1472 facere
1176 1405 1227 1472 vel

99 1515 218 1598 venire,
234 1536 294 1599 pro
310 1513 428 1597 quibus
444 1513 594 1579 omnibus
610 1520 642 1579 et
658 1514 795 1596 siugulis
812 1513 1018 1580 attendendis
1035 1522 1068 1580 et
1093 1513 1231 1581 firmiter

94 1621 309 1690 observandis
327 1622 413 1687 idem
431 1619 604 1688 Oonradus
633 1620 740 1687 dietus
765 1619 865 1688 Grau*
881 1627 1088 1707 presentator
1104 1622 1230 1689 littera-

93 1753 169 1796 rum
184 1729 405 1815 predictarum
421 1729 522 1795 veluti
538 1729 671 1794 nuntius
687 1730 890 1815 prefatorum
906 1729 1111 1796 dominorum
1126 1729 1229 1813 Regis

96 1844 131 1903 et
147 1837 275 1922 Regino
292 1837 414 1904 eisdem
431 1837 579 1903 Dominis
596 1835 746 1903 effectum
762 1839 926 1904 rationum
943 1838 1179 1924 stipulantibus
1196 1847 1229 1906 et

97 1946 334 2030 recipientibus
351 1945 515 2011 nobilibus
531 1944 648 2028 quibus
665 1966 773 2029 supra,
799 1947 908 2011 omnia
923 1945 1011 2011 bona
1025 1945 1228 2030 prefatorum

94 2053 219 2132 domiui
235 2053 337 2137 Regis
349 2060 382 2119 et
392 2051 519 2136 Regino
531 2052 664 2118 mobilia
674 2052 886 2118 etinmobilia
896 2055 1065 2138 presencia
1075 2053 1230 2120 etfutura

93 2162 225 2248 pignori
257 2161 422 2246 obligavit.
464 2160 587 2227 Actum
618 2159 767 2230 Venetiis
794 2163 828 2227 in
854 2184 983 2228 camera
1007 2161 1230 2246 predictorum

95 2270 301 2338 dominorum
319 2269 518 2338 Officialium
536 2271 734 2352 Rationum3
759 2271 965 2355 presentibus
980 2273 1126 2355 providis
1147 2271 1225 2336 viris

94 2399 149 2444 ser
165 2376 188 2443 J
189 2377 315 2444 ohanne
325 2378 525 2464 Pacagnella
537 2377 699 2462 quondam
711 2379 834 2445 domini
847 2377 986 2464 Nicolai,
998 2402 1052 2446 ser
1062 2380 1231 2446 Francisci

97 2487 139 2552 de
150 2486 274 2570 Ferigo
286 2485 452 2570 quondam
463 2485 586 2554 domini
596 2486 736 2570 Nicolsi,
747 2486 862 2553 scribis
882 2488 925 2553 ad
941 2489 1063 2555 dictum
1076 2486 1231 2555 Officium

94 2595 285 2676 Rationum,
312 2616 365 2661 ser
392 2593 623 2660 Francistlrino
650 2595 690 2660 de
718 2594 878 2678 Bassano,
910 2597 977 2664 cire
1011 2594 1227 2663 Venetiarum

95 2701 238 2769 testibus
255 2701 297 2768 ad
316 2703 476 2786 premissa
491 2704 615 2768 vocatis
632 2702 818 2787 specialiter
834 2710 868 2769 et
883 2706 1017 2789 rogatis,
1036 2711 1069 2770 et
1085 2705 1172 2790 alijs.

638 2813 710 2895 Ego
743 2811 767 2877 J
771 2811 915 2878 ohannes
946 2813 1114 2879 Plumatio
1145 2814 1231 2879 filius

529 2920 695 3004 quondam
712 2920 837 2986 domini
857 2921 1003 3005 Bertucij
1022 2921 1062 2987 de
1082 2921 1228 2990 Venetiis

180 3025 220 3110 (J
223 3028 334 3113 egyzbi
346 3027 449 3114 jegy.)
527 3029 683 3095 Publicus
702 3029 874 3115 Imperiali
900 3031 1101 3098 auctoritate
1126 3031 1231 3098 Nota·

531 3136 600 3202 rius
632 3143 667 3202 et
690 3135 841 3203 Ducatus
872 3137 1085 3206 Venetiarum
1102 3138 1229 3222 Scriba,

530 3246 698 3330 premissis
715 3247 864 3313 omnibus
880 3254 914 3313 et
933 3249 1069 3331 singulis
1093 3271 1229 3333 presens

531 3352 667 3419 interlui
684 3375 786 3439 eaque
802 3360 937 3437 rogatus
954 3355 1077 3437 scripsi.

95 3496 133 3560 (A
148 3496 248 3549 »Liber
261 3499 425 3553 Paetorum«
440 3499 580 3552 veleuczei
603 3501 692 3552 azimo
706 3499 887 3564 allamkbnyv
901 3502 948 3552 VI.
962 3501 1103 3552 kdtettbol
1117 3505 1176 3552 344.
1191 3502 1223 3565 l.)

588 3665 747 3676 ----—

630 3808 706 3870 441.

99 3969 219 4037 Lanato
233 3969 359 4034 sicil-iai
374 3969 486 4056 kirtly
502 3971 535 4034 e‘c
550 3993 692 4056 mopyar
709 3968 973 4056 aldenkirdlyualr
992 3969 1091 4034 ne‘bai
1107 3971 1233 4036 idbsebb

169 4075 284 4142 Garat
299 4076 423 4142 Miklo's
439 4077 546 4142 oddor
554 4077 670 4163 jacuit
686 4080 841 4164 tdrqyczd
856 4077 1051 4163 adomdnyu.
1078 4078 1173 4144 1392.

210 4235 387 4303 Ladizluas
403 4236 467 4302 Dei
485 4237 596 4319 gratia
621 4236 694 4302 Rex
710 4243 769 4302 etc.
786 4237 943 4302 uniuersis
961 4242 1128 4319 presentes
1144 4236 1234 4302 licte-

96 4366 154 4411 ras
181 4345 375 4428 inspecturis
403 4351 472 4410 tam
504 4345 707 4429 presentibus
734 4366 831 4428 quam
856 4342 983 4409 bituris,
1014 4343 1232 4410 Benemeritis

97 4450 289 4536 Principem
315 4453 488 4536 prouidere
504 4451 664 4536 fidelibus,
682 4459 713 4517 et
729 4454 756 4518 si
771 4453 877 4537 gratie
893 4451 1061 4536 plenitudo
1083 4452 1229 4536 suadeat,

100 4558 335 4643 obsequiorum
347 4549 585 4645 quodammodo
597 4560 765 4646 gratitudo
775 4559 948 4646 compellit.
965 4558 1051 4629 Sane
1061 4559 1234 4630 cotenden-
