3214 5250
425 374 491 436 604
779 387 1013 434 nrrnouuczmr
1030 375 1196 432 surianus.

424 560 482 632 est,
498 573 563 617 non
586 551 729 617 virorum
753 547 890 614 adversa
916 546 1052 628 deflere;
1077 551 1110 612 et
1134 567 1219 612 nunc
1236 567 1422 613 sermonem
1437 545 1479 610 sd
1493 567 1544 610 ros

425 660 513 726 viros
528 657 721 725 fortissimos
737 661 972 724 convertamus.
998 654 1070 739 Que
1085 657 1129 721 sit
1144 653 1243 720 robus
1269 654 1411 734 fortuna,
1427 653 1544 718 ridetis

424 765 521 834 Nunc
536 790 620 854 opus
636 775 686 832 est
703 766 861 833 altissimo
878 765 995 832 mentis
1012 767 1132 848 rigore,
1147 771 1181 830 et
1196 763 1255 828 illa
1272 763 1375 830 animi
1393 763 1548 846 magnitu-

423 876 506 958 dine,
522 897 621 960 quam
637 877 716 942 olim
733 881 783 940 tot
799 873 909 940 dubiis
925 873 1054 939 casibus
1069 871 1278 953 ostendistis;
1296 893 1384 938 nuuc
1399 891 1483 955 opus
1498 877 1541 935 est

423 983 482 1050 illa
496 983 572 1050 fidei
589 982 789 1065 integritate,
805 1001 868 1065 que
894 980 1036 1047 dominis
1052 980 1188 1048 debetur
1205 1001 1225 1045 a
1243 982 1352 1060 serris,
1370 979 1549 1062 Regibuss

424 1089 571 1171 subditis,
589 1097 622 1155 et
638 1090 724 1156 inter
739 1089 878 1156 aduersa
893 1087 1115 1156 laborantibus
1132 1089 1173 1155 ab
1190 1088 1313 1154 amicis.
1338 1086 1549 1168 Vulneratus,

424 1197 602 1264 diminutus
619 1204 653 1262 ct
668 1195 809 1262 offensus
826 1201 875 1260 est
892 1194 966 1261 Rex
983 1203 1096 1276 vester,
1113 1197 1275 1262 Dominus
1285 1203 1394 1261 vester
1413 1201 1449 1260 et
1463 1195 1550 1261 bene·

422 1307 526 1373 factor
542 1311 657 1388 vester,
674 1305 730 1370 sed
745 1304 808 1370 Dei
825 1305 945 1388 gratia,
961 1305 1059 1370 virus
1076 1302 1201 1389 Captus
1217 1310 1276 1381 est,
1293 1303 1351 1369 sed
1369 1326 1389 1369 a
1404 1302 1544 1387 prodito·

422 1415 521 1497 ribus,
537 1413 593 1480 sed
618 1435 638 1478 a
661 1411 784 1497 paucis.
801 1410 878 1477 Non
894 1413 1018 1495 putetis
1033 1412 1068 1476 iu
1083 1412 1144 1478 hoc
1170 1410 1407 1480 Serenissimas
1425 1431 1547 1476 consen

422 1524 501 1589 sisse
518 1522 673 1606 Reginas,
683 1521 740 1586 sed
751 1520 901 1585 mulieres
912 1519 1257 1604 oportetproditorum
1273 1518 1412 1586 audacie
1426 1517 1547 1598 cedere,

423 1638 456 1697 et
471 1653 550 1713 quos
567 1651 682 1714 cogere
706 1651 770 1696 non
796 1634 934 1713 possunt
959 1629 1001 1695 ad
1027 1628 1273 1710 humanitatem,
1290 1627 1398 1694 modis
1415 1627 1546 1712 placidis

422 1737 597 1818 inclinars;
617 1737 760 1817 vulnera,
786 1736 908 1803 credite
935 1736 1036 1818 uobis,
1060 1757 1288 1822 percussorum
1304 1743 1392 1816 sunt,
1409 1734 1546 1819 prodito-

421 1869 494 1914 rum
509 1867 638 1925 carcer3
656 1846 720 1910 rite
737 1867 812 1911 vero
824 1845 1028 1912 conservatio
1046 1844 1253 1928 Reginorum.
1279 1840 1428 1928 (lepistis
1444 1843 1545 1909 lauda

419 1955 550 2036 biliter3
576 1955 631 2020 sed
656 1953 756 2019 nichil
780 1959 838 2036 cst,
863 1954 925 2018 uisi
951 1960 1019 2018 tam
1033 1951 1164 2019 fortiter
1183 1952 1357 2034 insistitur,
1374 1951 1466 2035 quod
1481 1950 1544 2016 Ber

421 2069 527 2128 cester
542 2061 582 2127 de
597 2059 964 2128 carceribusliberetur.
980 2058 1083 2128 Vobis
1099 2059 1188 2140 nihil,
1205 2059 1263 2124 illo
1290 2061 1386 2126 triste
1412 2065 1544 2144 recepto.

420 2168 508 2235 Nam
523 2171 599 2253 quia
615 2167 765 2234 cedentes
775 2168 853 2234 licet
863 2167 1017 2252 periculis
1031 2189 1095 2232 non
1106 2167 1246 2250 fugistis,
1267 2168 1345 2250 quia
1360 2167 1544 2252 licetpsuci,

419 2285 529 2344 tamen
560 2277 667 2343 adhuc
698 2284 806 2342 castra
829 2275 958 2357 teneris,
994 2275 1071 2358 quia
1105 2273 1231 2358 Regem
1263 2282 1413 2340 vestrum
1446 2275 1543 2340 verbis

419 2384 598 2469 magnificis
622 2385 799 2469 repetistis,
813 2384 959 2450 videntes
975 2381 1155 2448 titubantes
1171 2382 1391 2463 adversarios,
1406 2382 1544 2449 furentes

418 2495 565 2579 populos
592 2498 823 2577 consurgentes
848 2493 881 2557 in
907 2491 1064 2556 ultionem
1088 2511 1248 2575 proceres,
1264 2498 1299 2557 et
1314 2499 1353 2556 ut
1369 2492 1448 2558 binc
1466 2495 1542 2559 inter

419 2603 507 2670 mala
523 2603 581 2669 leti
597 2603 807 2687 percepimus,
823 2609 940 2667 cuncta
956 2602 1039 2666 bene
1055 2602 1190 2685 disponi.
1209 2599 1245 2666 Si
1262 2603 1361 2686 paulo
1389 2603 1544 2671 remissius

419 2713 535 2797 agetis,
551 2713 658 2777 omniu
669 2711 898 2792 mutabuntur3
915 2709 1041 2794 Regem
1058 2710 1153 2775 simul
1164 2711 1326 2777 amittetis
1341 2721 1375 2777 ct
1394 2712 1544 2796 Regnum

395 2905 398 2914 ,
418 2818 501 2905 Quis
517 2821 613 2902 norit,
630 2842 672 2885 an
697 2819 788 2885 Deus
804 2820 869 2886 ista
884 2819 1076 2903 permiserit,
1092 2825 1130 2885 ut
1145 2819 1222 2885 fides
1238 2828 1381 2904 apparet
1413 2819 1542 2887 vestra?

418 2935 455 2993 ut
479 2950 551 2993 cum
576 2929 748 2993 eternitate
774 2929 929 2994 memoria
961 2929 1057 2994 vestri
1083 2929 1223 2994 nominis
1251 2929 1492 2996 conservetur?
1513 2937 1545 2993 ut
1599 3009 1600 3014 ἵ

417 3035 567 3102 addiscat
581 3036 653 3101 Rex
669 3041 777 3100 voster
802 3037 931 3100 cautius
947 3036 1064 3118 rivere,
1081 3041 1113 3102 et
1129 3037 1294 3120 oppressis
1312 3037 1541 3119 proditoribus,

417 3145 521 3227 possit
537 3145 681 3211 securius
706 3146 875 3228 imperare.
903 3143 1074 3228 Concipite
1091 3144 1223 3229 dignam
1239 3166 1339 3230 spem,
1356 3153 1391 3211 ct
1406 3169 1480 3212 cum
1495 3145 1541 3211 de·
1599 3139 1600 3142 '

414 3256 469 3315 tur
493 3252 583 3318 vobis
608 3252 714 3336 gloria
739 3251 843 3317 fidelis
868 3253 1001 3334 servitii,
1028 3253 1151 3320 sibene
1169 3253 1340 3335 succedat,
1368 3256 1538 3321 sinautem

415 3358 557 3438 adverse,
582 3360 795 3444 pulcherrime
813 3361 927 3427 mortis
944 3361 1079 3427 occasio.
1106 3360 1219 3427 Nolite
1248 3363 1319 3446 jarn
1335 3370 1436 3449 cepta
1453 3363 1539 3430 relin-

416 3487 523 3550 quere.
550 3466 653 3534 Vobis
678 3469 797 3533 etenim
823 3468 1010 3533 cedentibus
1037 3477 1161 3553 cuncto,
1187 3491 1249 3552 que
1275 3491 1362 3538 nunc
1377 3471 1497 3553 favent,
1512 3472 1539 3534 in

414 3567 614 3641 contrarium
639 3583 875 3642 convertentur.
902 3575 994 3662 Quos
1020 3600 1103 3643 nuuc
1129 3581 1293 3664 presentia
1321 3587 1444 3662 restra,
1480 3589 1541 3648 tum

415 3683 632 3750 admiratione
649 3685 778 3751 virtutis
796 3690 910 3768 movet,
927 3692 997 3752 tum
1014 3686 1138 3770 pudore
1165 3689 1317 3770 conciuit,
1333 3695 1407 3754 turn
1425 3693 1539 3776 pudore
1599 3747 1600 3750 ,

413 3792 577 3871 deterret,
593 3791 619 3855 si
637 3792 839 3859 discedentes
856 3795 982 3878 Regem
999 3794 1165 3861 dimittitis
1186 3805 1404 3883 carceratum,
1431 3801 1538 3867 videbi·

413 3899 456 3963 tis
472 3901 604 3965 omnino
630 3901 813 3984 depescere,
831 3910 864 3966 et
889 3906 1040 3968 virtutem
1067 3910 1166 3986 atque
1183 3905 1404 3991 honestatem,
1421 3931 1486 3994 que
1500 3930 1540 3972 so·
1599 3951 1600 3960 κ

413 4005 480 4070 lum
495 4005 685 4072 Italicorum
710 4015 770 4092 est,
795 4010 997 4094 negligentes
1022 4011 1088 4076 suis
1105 4011 1204 4077 rebus
1221 4013 1403 4097 consulent,
1420 4020 1540 4100 suisque

414 4114 589 4181 virtutibus
607 4115 830 4198 providebunt.
856 4116 924 4185 Vos
952 4118 1075 4202 Regem
1103 4126 1244 4186 vestrum
1266 4143 1332 4187 nou
1349 4123 1393 4188 ad
1421 4125 1537 4191 Corone

411 4222 560 4306 gloriam,
571 4225 680 4289 sedad
691 4227 829 4291 carceris
841 4227 1069 4310 ignominiam-3
1085 4251 1148 4293 nou
1165 4229 1208 4294 ad
1227 4233 1350 4316 sceptri
1360 4232 1473 4316 decus,
1490 4231 1537 4298 sed
1598 4189 1600 4250 i

413 4329 456 4393 ad
471 4332 583 4396 mortis
600 4332 738 4397 dedecus
763 4333 912 4399 dicemini
938 4337 1087 4402 sociasse.
1105 4334 1177 4402 Nos
1194 4346 1313 4422 autem,
1330 4343 1426 4406 arrrici
1444 4343 1536 4407 karis-

415 4437 495 4519 simi,
514 4443 550 4501 ut
575 4438 789 4522 periclitantis
816 4441 917 4524 Regis
943 4444 1159 4510 incolumitati
1180 4469 1240 4530 pro
1257 4448 1384 4514 uiribus
1401 4451 1535 4516 consulu·

416 4565 493 4628 tuus,
511 4552 636 4610 nostros
663 4547 832 4614 corrsestim
861 4551 1020 4617 mittimus
1048 4551 1213 4640 Oratores,
1239 4557 1293 4643 qui
1322 4559 1414 4624 iuxta
1441 4568 1534 4626 restra
