3190 5252
613 326 708 388 1361.
1009 348 1011 354 ·
1163 324 1228 388 445

197 508 250 569 27.
268 501 448 586 Zsigmond
464 522 601 586 magyar
617 500 725 582 kiraly
741 500 915 564 Demetert
944 502 1082 566 csazmai
1099 509 1228 584 prepos-

76 617 135 676 tot
155 617 193 674 cs
212 609 332 674 zanfoi
348 611 373 678 J
376 617 471 676 anost
488 609 579 674 knldi
604 607 778 674 ktvetelstil
803 606 1016 688 Velenczebe,
1041 607 1163 672 kiknck
1183 609 1230 692 je·

72 717 274 784 lenleteben
291 739 311 781 a
328 717 488 782 velenczei
507 717 590 797 doge
608 723 642 781 es
657 721 795 780 tanacsa
812 737 832 780 a
848 715 949 778 turini
966 713 1160 779 btkckotest
1175 735 1223 778 es-

74 825 184 891 ki'rvel
201 825 443 908 megerrlsitsek.
460 823 582 890 Budan
601 828 695 888 1387.
712 821 798 904 april
823 820 953 886 23-ken.

198 937 250 997 28.
258 931 437 1014 Zsigmond
446 930 551 1013 kirtly
559 929 689 995 eskiivel
699 927 838 993 kotelezi
847 928 1101 1012 magataturini
1110 927 1223 993 beles-

75 1051 139 1121 seg
158 1037 592 1123 megtartasa1·a,0sazman
612 1041 706 1102 1387.
725 1041 899 1118 augusztus
917 1035 1048 1102 23-kan.
1073 1034 1135 1100 stb.
1162 1035 1223 1099 stb.

76 1189 114 1248 (Α
134 1184 285 1235 velenczei
299 1183 573 1248 allamklinyvekbr'll,
588 1181 680 1231 ntvsz.
694 1194 711 1228 a
732 1179 833 1229 »Liber
845 1181 1009 1229 Paetorum<
1023 1180 1071 1230 VI.
1094 1195 1110 1229 a
1125 1179 1227 1242 »Copia

77 1278 112 1326 cle
129 1273 380 1325 Commemoriali»
395 1273 563 1324 11.esv111.
578 1287 615 1322 az.
630 1287 663 1332 a,
677 1285 690 1320 s
702 1285 719 1319 a
736 1269 845 1319 »Missi«
868 1269 1011 1320 XXXVII.
1027 1269 1054 1319 er
1069 1269 1227 1338 XXXVIII·

574 1361 751 1422 koteteibol.)

629 1652 703 1714 214.

224 1812 373 1900 Bolopno
390 1813 555 1878 odrosaolc
572 1837 593 1878 o
602 1812 758 1900 florenrzc'
774 1811 994 1898 ktiztrirsosdp.
1020 1811 1115 1876 1381.

315 1973 586 2041 Bononiensibus.

205 2083 345 2149 Fratres
368 2082 543 2147 karissimi.
568 2082 620 2146 De
646 2082 826 2148 intentione
851 2081 1004 2164 gentium,
1021 2102 1083 2164 que
1100 2101 1231 2163 congre·

82 2199 171 2278 gato
192 2191 405 2256 inveniuntur
422 2191 457 2255 in
474 2189 595 2254 Tuscia
611 2190 672 2255 sub
689 2189 786 2254 titulo
815 2188 920 2271 Regio
936 2188 1123 2273 Majestatis
1140 2189 1232 2254 Hun-

81 2303 199 2386 garie,
217 2299 318 2364 nichil
335 2303 461 2364 cerium
486 2298 652 2379 habemus,
677 2297 842 2382 nichilque
866 2297 957 2363 vobis
973 2305 1006 2363 et
1021 2298 1095 2362 aliis
1120 2319 1233 2382 possu-
1300 2342 1302 2346 ψ

86 2431 171 2477 mus
190 2405 379 2488 affirmar03
402 2406 465 2470 nisi
490 2404 577 2488 quod
602 2426 774 2489 processus
800 2405 945 2489 ipsarum
961 2429 1000 2472 ex
1015 2406 1078 2472 hoo
1093 2406 1232 2490 pendere

81 2520 272 2595 videntur,
298 2513 385 2597 quod
400 2514 428 2579 si
444 2535 510 2596 pax
526 2514 612 2578 inter
627 2513 652 2579 J
654 2533 812 2578 anuenses
827 2519 861 2578 et
877 2515 1045 2581 dominum
1065 2514 1232 2581 Bernabo·

81 2647 172 2693 nem
210 2627 377 2706 speratum
409 2621 566 2687 sortiatur
599 2619 756 2702 ellectum,
788 2622 831 2686 ad
863 2624 994 2688 servitia
1026 2622 1232 2690 Serenissimi

84 2731 268 2814 Principis
285 2730 405 2795 domini
422 2729 543 2795 Karoli
560 2728 652 2794 Terti
669 2730 859 2795 Jerusalem
876 2734 906 2794 et
925 2729 1037 2796 Sicilie
1047 2729 1148 2815 Regis
1159 2738 1234 2797 sunt

84 2845 125 2906 in
144 2837 321 2922 Apuleam
336 2837 528 2922 profecturo.
545 2836 583 2903 Si
599 2843 709 2902 autem
718 2837 896 2922 contingat,
906 2838 1035 2921 prefate
1045 2842 1134 2922 pacis
1149 2847 1233 2906 trac·

83 2948 186 3016 latui
215 2945 400 3012 desiderate
428 2946 644 3012 conclusionis
670 2945 938 3028 impedimentum
965 2946 1085 3028 afferri,
1102 2950 1234 3014 credun·

84 3068 152 3125 tur
183 3056 219 3119 in
247 3053 491 3136 Lombardiam,
516 3054 579 3119 nisi
605 3053 717 3119 forsan
743 3054 834 3121 aliud
854 3055 1028 3137 obstiterit,
1054 3079 1234 3122 ascensuro.

88 3165 178 3250 Qua
196 3163 275 3228 licet
300 3163 346 3227 ita
371 3162 528 3243 ferantur,
553 3162 665 3246 sicque
689 3163 791 3228 velint
815 3163 932 3230 harum
956 3166 1100 3249 gentium
1126 3167 1235 3249 capita

86 3269 273 3356 reputari;
298 3292 356 3334 nos
373 3277 481 3336 tamen
507 3271 658 3351 videmus,
684 3271 726 3336 ob
753 3271 917 3337 defectum
942 3275 1086 3359 pecunie,
1102 3297 1164 3359 que
1181 3296 1235 3339 res

88 3382 235 3462 magnis
251 3380 384 3446 obstare
409 3383 574 3448 consucvit
599 3381 746 3466 inceptis,
763 3383 827 3447 nisi
842 3382 1036 3449 festinanter
1055 3386 1235 3451 remedium

89 3493 299 3575 apponatur,
316 3510 442 3554 omnem
468 3490 552 3553 hunc
579 3495 773 3573 apparatum
799 3490 888 3556 iutra
904 3513 960 3557 sue
976 3491 1061 3558 fame
1077 3493 1237 3577 principia

89 3597 367 3663 constituturum.
384 3595 416 3662 N
419 3595 623 3662 ichilominus
638 3604 756 3679 tamen,
774 3598 857 3663 sicut
872 3601 993 3683 petitia,
1015 3607 1145 3666 nostras
1162 3622 1237 3683 gon·

91 3717 150 3774 tes
180 3705 225 3770 ad
251 3704 458 3771 militandum
482 3704 652 3787 accingere
678 3706 862 3772 curabimus
888 3713 920 3771 et
945 3729 1073 3790 parare,
1089 3730 1130 3772 ne
1146 3709 1236 3774 vobis

93 3819 162 3882 aut
190 3813 266 3878 aliis
292 3812 454 3896 colligatis
480 3815 583 3896 possit
599 3814 798 3898 exipsorum
815 3818 1067 3898 congregatione
1083 3818 1132 3882 vel
1148 3822 1237 3881 tran-

92 3924 167 3989 situ
192 3919 327 4004 aliquod
345 3919 498 3999 damnum
515 3929 575 3986 aut
591 3922 769 4005 periculum
790 3924 968 3989 imminere.
1015 3962 1058 3970 -
1108 3963 1147 3970 κ·-
1195 3961 1238 3972 -·

96 4175 231 4241 (Eredetl
245 4175 461 4240 fogalmazvany
475 4191 492 4225 a
508 4178 645 4242 »Signori,
659 4177 815 4241 Cartcggic,
830 4179 957 4228 Missive«
973 4180 1024 4227 stb.
1039 4180 1113 4229 XIX.
1127 4178 1238 4244 kunege-

324 4267 378 4315 ben
395 4271 454 4318 158.
468 4281 506 4318 sz.
520 4283 553 4329 a,
568 4283 584 4316 a
596 4269 727 4317 florenozi
741 4283 815 4333 nagy
829 4269 1023 4330 loveltarban.)

598 4427 755 4438 ..ψ-...ιι-
