3134 5254
590 437 685 498 1379.
1139 441 1202 502 253

83 605 270 694 Episcopum
296 609 504 676 Jauriensem
529 612 624 678 nobis
650 614 685 677 in
711 618 885 698 conspectu
910 615 1049 698 predicti
1076 615 1198 682 domini

81 715 190 782 Karoli
205 725 237 784 et
252 720 396 784 omnium
413 720 552 786 aliorum
563 721 801 806 colligatorum,
812 729 845 788 et
861 723 1022 788 decorum
1039 745 1198 790 consensu

79 847 257 908 responsum
273 827 346 912 fuit,
363 829 505 912 qualiter
531 830 594 912 ipsi
625 831 856 897 intellexerant
880 833 1027 916 exposita
1052 832 1114 898 sibi
1139 855 1199 916 per

78 953 137 1014 nos,
152 957 206 1018 per
223 955 286 1017 que
303 936 598 1020 demonstrabatur,
611 939 697 1020 quod
707 939 896 1005 Dominatio
907 939 1028 1006 Vestra
1039 938 1200 1006 offerebat

8 1119 9 1122 Ἴ
78 1041 118 1105 eis
133 1043 233 1108 multa
247 1044 572 1128 generaliadicendo
584 1046 690 1112 lacere
707 1069 768 1131 que
785 1057 894 1114 essent
912 1049 1134 1132 eisplaoibilia
1145 1073 1152 1130 ;
1164 1055 1199 1114 ct

8 1149 10 1154 ’
76 1151 157 1232 quod
168 1152 357 1218 deberemus
369 1155 450 1219 satis
460 1154 667 1220 considerare
679 1177 798 1240 eaque
809 1155 918 1222 forent
927 1159 973 1224 cis
984 1157 1201 1241 placibilia3et

75 1259 154 1340 quod
162 1267 343 1345 propterea,
354 1264 381 1327 si
394 1261 654 1329 condescendere
664 1264 853 1330 volebamus
860 1265 903 1330 ad
913 1265 1198 1349 particularitates,

74 1367 131 1448 ipsi
147 1368 299 1435 audirent
316 1391 391 1450 nos;
408 1371 507 1437 aliter
523 1378 634 1438 a‘utem
645 1369 776 1438 dicebat
786 1373 881 1438 nobis
891 1373 1097 1456 deliberasse,
1110 1373 1198 1455 quod

7 1497 8 1508 2
75 1474 187 1542 iremus
202 1499 262 1560 pro
279 1478 377 1544 iactis
393 1480 526 1546 uostris.
543 1477 672 1564 Quibus
689 1479 810 1546 auditis
826 1502 885 1546 nos
900 1482 1058 1546 traximus
1073 1481 1106 1546 in
1124 1503 1197 1565 par·

73 1588 140 1663 tem,
157 1591 188 1650 et
204 1607 308 1670 parva
324 1609 416 1652 mora
433 1595 610 1672 protracta,
629 1588 750 1654 fuimus
767 1589 810 1654 ad
836 1595 1044 1673 conspectum
1071 1611 1192 1672 corum,

77 1693 257 1776 exponendo
274 1697 404 1776 eisdem,
421 1697 562 1779 qualiter
579 1697 642 1780 ipsi
658 1697 891 1762 intellexerant
917 1717 955 1762 ea
972 1717 1036 1780 que
1053 1697 1116 1764 sibi
1132 1719 1192 1781 per

5 1847 7 1894 ;
73 1821 123 1864 uos
139 1804 286 1886 exposita
302 1803 443 1886 fuerent,
459 1804 669 1888 exprimendo
686 1804 829 1887 qualiter
854 1805 1044 1871 Dominatio
1070 1805 1193 1874 Vestra

72 1907 219 1992 disposita
234 1919 308 1977 erat
323 1913 442 1978 habere
458 1920 491 1980 et
516 1913 597 1978 velle
625 1934 737 1996 pacem
764 1919 832 1979 tam
858 1934 931 1978 cum
956 1912 1187 1978 Illustrissima

4 2077 6 2086 ,
69 2015 167 2100 Regia
196 2019 385 2102 Majestate,
416 2043 513 2105 quam
547 2042 619 2086 cum
645 2022 763 2086 ceteris
791 2021 966 2104 colligatis,
991 2021 1188 2086 nominando

69 2125 237 2205 quemlibet
254 2129 481 2210 colligatorum
498 2130 530 2194 in
547 2130 663 2212 specie,
680 2134 713 2193 et
729 2147 768 2194 ea
783 2127 892 2194 iacere
910 2150 972 2212 que
1004 2129 1188 2195 verisimili·

4 2213 6 2240 l
68 2237 111 2296 ter
124 2232 279 2300 deberent
303 2257 373 2301 esse
390 2243 487 2319 grata
502 2244 535 2300 et
559 2243 694 2318 accepta
724 2257 784 2319 pro
810 2234 1029 2302 Serenissimo
1055 2238 1187 2304 domino

3 2333 5 2358 l
68 2337 149 2422 Rege
164 2349 197 2406 ct
211 2343 374 2426 colligatis
391 2343 465 2408 suis.
483 2341 549 2409 Sed
565 2342 608 2408 ad
625 2341 806 2425 dicendum,
822 2343 908 2426 quod
919 2343 1116 2409 descendere
1134 2345 1188 2410 de-

3 2429 4 2446 *
67 2443 205 2515 beremus
222 2451 265 2517 ad
281 2451 515 2534 particularia;
531 2451 593 2516 hoc
609 2473 673 2516 uon
683 2450 970 2535 possimussacere,
986 2453 1065 2536 quia
1081 2454 1185 2520 nesci-

66 2574 162 2622 remus
178 2561 349 2624 raticinari
360 2573 399 2626 ea
410 2580 472 2644 quc
487 2559 595 2626 forent
612 2559 659 2624 eis
673 2559 842 2641 placibilia
858 2560 924 2624 sive
935 2567 1041 2643 grata,
1059 2583 1119 2644 pro
1136 2584 1183 2645 eo,

66 2665 144 2745 quod
159 2667 242 2731 talia
257 2675 392 2750 possent
407 2667 499 2732 nobis
515 2667 617 2731 videri
633 2665 798 2750 placibilia
814 2666 880 2732 sive
897 2674 1003 2751 grata,
1020 2689 1083 2751 que
1115 2691 1179 2733 non

66 2770 241 2839 riderentur
257 2775 394 2857 eisdem3
412 2783 445 2841 et
461 2776 548 2858 quod
563 2776 662 2840 etiam
677 2773 739 2840 hoc
758 2795 823 2838 non
839 2782 913 2840 erat
930 2775 970 2840 de
986 2797 1079 2842 mora
1095 2783 1184 2842 trac·

65 2882 191 2946 tertium
208 2904 332 2966 pacem,
348 2883 413 2948 imo
428 2883 491 2966 ipsi
508 2883 672 2948 debebant
688 2889 797 2967 petere
813 2903 875 2966 que
891 2882 1061 2964 volebaut;
1078 2881 1183 2949 addu-

64 2987 155 3052 cendo
171 2989 293 3054 eisdem
309 2990 419 3054 circha
435 2989 496 3055 hoc
512 2991 616 3056 multa
641 2989 788 3074 exempla
814 2995 1013 3082 tractatuum
1032 2991 1131 3075 pacis,
1149 2992 1182 3056 in

66 3095 172 3173 quibus
186 3095 297 3162 iuerat
312 3097 502 3162 observatus
518 3098 632 3162 modus
648 3119 773 3182 pernos
789 3098 904 3177 dictus,
921 3120 992 3163 cum
1008 3098 1081 3182 alijs
1099 3100 1180 3165 mul·

63 3199 100 3265 tis
130 3203 235 3268 verbis
277 3203 319 3268 ad
346 3203 561 3269 inducendum
592 3225 646 3269 eos
670 3204 713 3269 ad
745 3205 960 3270 intentionem
992 3203 1183 3288 predictam.

2 3343 3 3400 p
66 3303 181 3388 Quibus
198 3312 245 3376 sic
263 3313 430 3396 expositis,
456 3313 519 3396 ipsi
545 3334 604 3378 nos
620 3313 748 3378 trahere
774 3312 922 3378 feceruut
937 3314 970 3378 in
986 3321 1133 3396 partem;
1149 3322 1182 3381 et

2 3408 3 3420 ’
63 3421 252 3500 expectando
270 3421 422 3486 stetimus
439 3441 539 3504 usque
555 3419 636 3486 bene
652 3419 791 3485 adduas
807 3419 904 3485 horas
920 3423 1043 3502 noctis;
1060 3430 1092 3490 et
1108 3429 1180 3490 tan·

2 3601 3 3612 ἵ
65 3520 128 3589 dem
142 3527 231 3594 nulla
247 3531 456 3613 responsione
473 3529 565 3595 nobis
581 3530 670 3594 sacta
694 3535 899 3594 recesserunt
915 3551 935 3595 a
960 3529 1091 3596 domino
1107 3531 1176 3599 Ka·

2 3625 4 3694 l
64 3631 141 3716 rolo;
156 3636 261 3720 primo
277 3635 527 3702 Ambasiatorcs
553 3637 770 3704 Januensium
787 3644 820 3702 et
845 3635 1096 3704 Ambasietorcs
1123 3642 1179 3706 do·

2 3727 3 3806 l
63 3740 131 3805 mini
152 3741 354 3809 Patriarohe.
371 3744 417 3808 Et
433 3750 660 3809 remanserunt
675 3743 835 3810 Dominus
861 3743 974 3810 Padue
1000 3746 1087 3812 solus
1104 3767 1176 3812 oum

2 3845 3 3886 ³
62 3846 177 3916 domiuo
194 3850 323 3916 Karolo
339 3859 371 3916 et
386 3850 574 3916 Beronibus
600 3851 721 3916 domini
748 3851 867 3936 Regis;
884 3853 939 3934 qui
956 3858 1114 3918 steterant
1130 3854 1177 3918 in·

2 3947 3 4038 J
62 3954 145 4023 simul
160 3981 217 4042 per
240 3959 362 4024 bonum
379 3959 534 4042 spacium,
550 3965 584 4024 et
600 3958 742 4024 finaliter
767 3959 927 4025 Dominus
944 3958 1058 4025 Padue
1074 3983 1176 4028 reces-

2 4097 3 4100 =
63 4061 100 4123 sit
113 4086 177 4130 enm
194 4066 362 4150 aliquibus
378 4087 417 4132 ex
434 4066 631 4147 Beronibus,
648 4067 703 4149 qui
723 4067 926 4133 sociaverunt
943 4091 1024 4134 eum.
1040 4069 1087 4134 Et
1101 4091 1174 4152 pos·

63 4173 110 4234 tea
123 4172 268 4241 dominus
283 4173 429 4240 Karalus
446 4175 536 4239 misit
555 4173 647 4240 nobis
673 4174 818 4258 dicende,
835 4175 922 4258 quod
948 4197 1020 4242 cras
1047 4197 1171 4242 summo

64 4297 144 4346 mane
160 4303 300 4350 essemus
316 4283 359 4348 ad
377 4284 576 4367 presentiam
594 4305 695 4366 suam,
721 4285 799 4368 quia
823 4284 1015 4351 intendebat
1041 4285 1172 4350 omnino

2 4378 3 4382 ’
62 4383 144 4453 finem
159 4413 276 4474 ponere
292 4391 388 4457 iactis
403 4392 484 4456 istis.
500 4393 547 4457 Et
562 4393 621 4458 hec
637 4393 750 4458 eadem
776 4392 875 4459 verba
891 4393 975 4458 dixit
990 4393 1083 4457 nobis
1100 4395 1172 4476 ipse

61 4492 544 4566 dominusKarolusetdominus
561 4499 744 4585 Episcopus
760 4499 785 4566 J
786 4500 952 4582 auriensis,
969 4501 1170 4585 acceptando

64 4615 256 4674 commeatum
289 4609 330 4676 ab
365 4610 429 4690 eis;
456 4617 488 4674 ot
513 4610 561 4676 ita
586 4631 658 4675 cras
684 4630 808 4674 summo
833 4631 929 4675 mane
953 4610 1172 4694 equitabimus
