3226 5254
586 351 681 414 1380.
1132 355 1196 416 395

10 597 12 608 ,
80 530 119 592 lia
132 525 324 594 florenorum
340 527 411 593 auri
438 528 477 594 de
504 529 619 594 ultima
645 548 732 613 paga
757 529 961 610 ressontium,
989 531 1073 595 sicut
1097 528 1194 594 iidem

83 638 229 704 Oratores
246 636 346 701 vestri
363 643 471 703 uestro
497 635 623 702 nomine
648 635 868 718 promiserunt
885 644 918 701 et
934 637 967 701 in
992 657 1026 702 se
1053 659 1196 722 sumpse-

10 737 11 740 *
79 752 154 824 runt,
169 752 291 829 quanto
307 745 403 810 citius
420 750 453 809 et
469 742 668 810 commodius
683 744 843 827 poteritis,
860 746 940 811 solvi
956 743 1063 810 facere
1079 767 1191 828 porcu-

10 939 11 946 ἵ
76 853 317 919 retis.1ncuius
342 854 390 918 rei
414 853 635 918 testimonium
661 853 721 919 has
747 860 880 918 nostras
905 853 1034 920 litteras
1051 852 1196 919 Circum-

10 1037 12 1044 ,
77 964 222 1044 spectioni
239 963 361 1031 Vestra
387 962 565 1029 tradendas
590 963 688 1029 scribi
704 962 847 1044 fecimus
873 970 906 1029 ct
930 963 1032 1030 nostri
1051 963 1195 1028 consueti

77 1070 163 1153 sigilli
189 1071 365 1136 munimine
388 1071 540 1136 roborari
558 1097 563 1136 :
581 1073 705 1136 Datum
732 1072 895 1138 innostra
918 1071 1060 1138 Ciuitate
1086 1069 1195 1138 Aretii

10 1233 12 1266 ἰ
77 1180 123 1243 die
138 1177 233 1245 XVI.
251 1181 370 1244 mensis
387 1176 538 1244 Ottobris
554 1177 799 1247 MOOOLXX.

10 1349 11 1356 ,
172 1291 272 1355 Kior'r't
289 1313 300 1352 .·
318 1287 503 1372 Magnificis
520 1295 552 1353 ot
566 1288 753 1372 potentibus
770 1289 847 1354 siris
869 1288 1041 1354 Prioribus
1057 1285 1191 1354 Artium

10 1405 12 1472 ξ
73 1401 103 1459 et
118 1393 306 1462 vexillifero
322 1394 347 1460 J
349 1395 458 1462 ustitie
469 1393 657 1462 Communis
671 1403 705 1462 st
717 1397 836 1481 Populi
848 1397 1002 1464 Civitatis
1014 1395 1190 1478 Florentio,

10 1509 11 1574 ᾗ
73 1503 175 1568 amicis
191 1504 311 1568 nostris
327 1503 519 1570 karissimis.

170 1611 220 1676 De
237 1612 327 1677 diota
343 1629 469 1678 summa
483 1612 616 1678 luerunt
633 1614 733 1678 soluti
760 1612 849 1678 dicto
877 1612 1008 1679 domino
1035 1611 1194 1679 Leonello

10 1727 11 1734 ’
75 1717 111 1782 de
125 1717 208 1785 dicto
224 1739 334 1784 mense
356 1717 514 1785 Octobris
538 1719 735 1785 florenorum
760 1719 891 1786 MMV⁰
917 1721 998 1800 auri,
1024 1727 1057 1786 et
1081 1727 1196 1804 postea

10 1825 12 1866 l
74 1827 122 1891 die
139 1825 237 1892 XXI.
257 1825 450 1896 Decembris
464 1828 543 1894 dicti
554 1829 630 1894 anni
647 1828 781 1894 fuerunt
791 1829 889 1895 soluti
901 1829 1031 1896 domino
1047 1831 1072 1896 J
1074 1829 1194 1896 ohanni

10 1955 13 2028 g
74 1933 110 1998 de
140 1935 244 2020 Regio
270 1936 467 2002 florenorum
491 1935 620 2006 blMVU
645 1941 681 2003 ut
707 1943 900 2021 procurator
927 1937 1049 2002 domini
1075 1937 1195 2004 Karoli

10 2041 11 2120 J
72 2045 222 2123 presentis
238 2050 272 2109 et
287 2045 521 2112 consentientis
539 2045 668 2112 domino
686 2044 846 2112 Leonello
867 2052 903 2110 ut
919 2067 978 2130 per
995 2067 1127 2111 manum
1143 2067 1193 2110 ser

74 2148 195 2216 Viviani
212 2151 303 2237 Nerij
321 2152 454 2222 Notarii
470 2152 766 2222 Reformationum.

10 2327 12 2378 ς
71 2295 201 2353 (Eredetie
232 2299 359 2350 azaAtti
373 2300 476 2365 publici
490 2301 518 2350 di
532 2300 651 2365 Nepoti«
675 2301 833 2351 kezcvrlu
859 2302 1032 2352 kbzt23.sz.
1061 2302 1186 2362 a.,aflo·

406 2391 499 2444 renczl
512 2405 586 2456 nagy
600 2391 795 2453 leveltatrban.)

549 2551 633 2562 ...ῃ-
652 2553 708 2559 --.

591 2717 663 2780 189.

11 2885 13 2976 l
73 2873 270 2960 Ajloreuczi
295 2875 506 2964 kbztdruosa'q
531 2877 659 2942 lcb'tolazi
685 2882 804 2964 mayor,
832 2880 913 2965 boqy
945 2879 969 2942 Ι,
1003 2879 1102 2962 Lajog
1126 2902 1194 2941 ma.

70 3006 145 3068 pyus
162 2985 194 3048 e's
220 2985 344 3072 lereqyel
369 2984 550 3071 kirrilynalc
574 2987 701 3066 40,000
725 2986 973 3074 oranpforintot
990 2989 1053 3072 seq
1078 2985 1195 3049 lealcort·

11 3103 13 3130 ¹
526 3093 629 3157 atiani.
649 3095 745 3158 1380.

171 3253 211 3316 In
226 3252 291 3318 Dei
307 3253 435 3318 nornine
453 3249 569 3318 Amen.
595 3249 694 3318 Anno
719 3253 763 3320 ab
788 3254 932 3320 eiusdem
958 3252 1192 3319 Irrcarnatione

71 3357 233 3424 millesimo
249 3361 477 3426 trecentesimo
493 3362 717 3445 octuagesimo
735 3360 913 3428 indictione
934 3369 1063 3446 quarta,
1083 3383 1194 3426 secun·

71 3462 140 3530 dum
156 3487 296 3548 cursum,
312 3467 421 3551 ritum,
433 3490 555 3533 morem
565 3475 597 3534 et
608 3469 873 3536 consuetudinem
884 3467 1098 3536 Notariorum
1109 3467 1194 3533 Ciri-

71 3575 142 3638 tatis
158 3575 344 3658 Florentie3
361 3582 507 3660 tempore
523 3575 729 3643 Sanctissimi
745 3578 779 3640 in
796 3575 930 3643 Christo
947 3577 1058 3643 Patris
1076 3582 1108 3641 et
1125 3575 1191 3641 Do-

70 3679 148 3762 mini,
165 3682 287 3748 domini
305 3683 432 3749 Urbani
450 3684 569 3750 Divina
585 3683 775 3768 providente
787 3683 969 3751 Clementia
979 3685 1071 3768 Papo
1089 3683 1191 3763 Sexti,

72 3785 115 3853 die
127 3811 201 3856 vero
212 3790 339 3857 decimo
355 3813 439 3856 nono
456 3793 575 3858 mensis
592 3790 756 3858 Octobris.
774 3789 894 3859 Actum
907 3791 1075 3859 Florentio
1092 3793 1126 3856 iu
1137 3812 1192 3874 pa·
1255 3877 1258 3886 Ι

72 3893 143 3962 latio
159 3898 279 3982 Populi
297 3906 331 3963 et
345 3895 533 3966 Communis
549 3899 730 3984 Florentia,
746 3901 780 3963 in
804 3921 868 3984 quo
894 3899 1029 3965 Priores
1055 3896 1192 3964 Artium

72 3999 270 4073 eVexillifer
285 4005 423 4073 Justitie
441 4007 561 4090 Populi
589 4015 622 4072 et
639 4003 828 4074 Communis
853 4007 1024 4074 Florentia
1050 4006 1193 4072 residen-

70 4107 140 4175 tiam
155 4115 312 4202 trahunt;
338 4115 543 4200 presentibus
559 4116 698 4183 testibus
715 4115 759 4182 ad
774 4116 833 4182 hec
856 4118 978 4182 vocatis
994 4115 1190 4199 habitisque,

72 4223 185 4301 rogatis
201 4221 305 4288 nobili
322 4230 355 4288 et
371 4229 505 4307 potente
522 4223 630 4291 Milite
647 4224 776 4290 domino
793 4223 982 4303 Benedicta
1005 4221 1038 4288 N
1041 4223 1127 4288 erozi
1152 4223 1192 4288 de

72 4320 207 4395 Albertis
225 4331 338 4414 populi
356 4329 470 4398 Sancti
486 4331 626 4415 Jachopi
645 4333 729 4397 inter
754 4333 865 4398 foveas
894 4331 936 4398 de
965 4332 1141 4413 Florentia,
1159 4339 1192 4395 et

73 4429 199 4501 Burtolo
224 4437 413 4504 l'simbardi
440 4438 551 4524 populi
578 4437 691 4508 Sancti
717 4440 861 4528 Remigii
888 4437 927 4503 de
953 4437 1133 4523 Florentia,
1160 4442 1194 4503 et

75 4536 139 4606 aliis
155 4545 409 4631 quamplurimis.
