3226 5254
406 341 471 404 388
760 357 996 407 urrannnoznr
1013 344 1183 402 amsans.

405 536 542 581 necnon
560 517 594 579 in
605 518 775 599 presencia
786 515 1051 598 supradictorum
1062 515 1337 580 Ambaxiatcrum
1347 519 1380 579 et
1391 513 1524 580 Sindica

407 645 480 688 rum
497 625 575 689 dicti
593 623 709 706 Populi
726 630 760 688 et
771 623 960 690 Communis
971 623 1147 688 Florentia
1159 621 1305 689 Scientes
1326 644 1360 688 se
1383 623 1425 687 ad
1441 620 1525 686 infra·

404 732 526 814 scripta
535 750 599 794 non
607 730 781 812 teneri,sed
793 731 1049 795 tenerivolentes
1060 736 1093 794 et
1103 729 1278 794 efficaciter
1289 728 1524 812 obligaricerti·

405 837 495 902 ficati
505 838 607 902 eciam
616 837 708 921 prins
718 837 886 921 legiptime
897 858 954 920 per
963 837 1134 902 Andream
1150 834 1299 902 Ghiorde
1316 836 1356 900 de
1367 834 1525 922 Capronra

405 945 446 1010 de
475 945 648 1030 Ungharia
664 945 858 1011 familiarem
878 945 958 1011 dicti
978 945 1100 1010 domini
1119 944 1222 1028 Regis
1238 943 1416 1028 Ungharie,
1432 952 1463 1009 et
1476 964 1526 1027 per

407 1052 620 1118 Franciscum
632 1050 752 1117 Dentis
769 1053 808 1117 de
817 1051 970 1136 Neapoli,
980 1053 1175 1135 interpretes
1192 1059 1225 1118 et
1236 1053 1376 1118 scientes
1392 1053 1526 1136 lingnam

407 1159 650 1244 Ungharorum,
668 1159 708 1224 de
725 1158 944 1242 infrascriptis
961 1158 1155 1224 omnibuset
1170 1160 1314 1243 singulis,
1326 1159 1413 1243 quod
1430 1159 1490 1223 sint
1498 1161 1525 1221 et

405 1269 493 1352 quod
503 1268 625 1350 dicant,
636 1274 670 1332 et
680 1270 712 1331 in
723 1289 787 1351 quo
804 1274 838 1332 et
848 1273 972 1350 quanto
984 1289 1018 1332 se
1034 1266 1181 1350 obligent
1190 1267 1269 1332 dicti
1279 1269 1431 1332 dominus
1442 1265 1527 1348 Capi·

405 1383 533 1460 taneos,
549 1373 753 1440 Seneschalli
770 1381 803 1440 et
819 1373 1006 1458 CaporaleS,
1023 1380 1056 1439 et
1072 1373 1244 1440 certificati
1263 1376 1366 1440 eciam
1385 1374 1462 1438 dicti
1477 1371 1525 1437 Se-

407 1482 567 1550 nesohalli
594 1489 626 1547 et
652 1479 829 1566 Caporales
855 1503 914 1567 per
938 1481 1061 1547 dictum
1087 1483 1253 1548 dominum
1269 1483 1456 1550 Johannem
1470 1480 1528 1544 Ba-

405 1613 483 1656 num
499 1612 612 1656 eorum
625 1587 848 1674 -tlapitaneum
864 1611 1011 1656 sermone
1021 1589 1253 1673 Ungharorum
1270 1590 1311 1655 de
1327 1590 1425 1656 dictis
1441 1587 1527 1654 inira-

407 1701 537 1782 scriptis
554 1698 712 1781 omnibns,
728 1705 761 1763 et
777 1697 945 1782 legiptime
962 1704 994 1763 et
1010 1698 1199 1763 solemniter
1213 1720 1272 1782 per
1287 1720 1337 1763 me
1363 1696 1527 1763 Notarium

405 1807 651 1891 infrascriptum
676 1807 881 1889 interrogati,
908 1826 967 1889 per
992 1807 1097 1873 dictos
1114 1807 1309 1889 interpretes
1326 1807 1361 1870 in
1376 1807 1485 1889 lingna
1500 1807 1527 1866 et

406 1936 553 1981 sermone
578 1916 741 1982 dictorum
766 1915 1007 1997 Ungharorum,
1034 1917 1063 1980 si
1088 1913 1282 1980 volebebant
1306 1913 1415 1980 faeere
1430 1911 1527 1978 omnia

405 2022 626 2106 infrascripta,
650 2029 684 2088 et
709 2019 824 2086 habita
849 2021 1059 2104 responsione
1076 2043 1096 2086 a
1113 2021 1210 2086 dietis
1236 2020 1367 2086 domino
1383 2020 1408 2086 J
1410 2019 1526 2085 ohanne

405 2127 598 2218 Capitaneo,
614 2129 833 2197 Senesohallis
850 2134 884 2193 et
900 2129 1119 2214 Caporalibus
1135 2151 1194 2214 per
1210 2130 1450 2213 responsionem
1473 2145 1526 2210 pro

406 2242 452 2304 eis
467 2239 587 2306 laetam
604 2262 663 2325 per
678 2240 782 2305 dictos
798 2241 994 2322 interpretes
1021 2260 1169 2305 sermone
1185 2240 1396 2318 Florentin03
1419 2239 1470 2321 qni
1485 2239 1526 2299 in·

405 2352 567 2431 terpretes
592 2348 831 2431 responderunt
855 2369 915 2432 pro
940 2348 1038 2415 dictis
1062 2347 1192 2413 domino
1219 2347 1408 2431 Capitaneo,
1423 2344 1526 2411 Senes-

406 2455 524 2522 ohallis
541 2461 575 2519 et
590 2455 816 2538 Caporalibus,
832 2458 920 2538 ipsos
933 2456 1100 2521 dominum
1111 2455 1338 2539 Capitonem,
1349 2449 1525 2520 Senesohal·

406 2563 455 2626 los
471 2568 504 2627 et
520 2562 700 2646 Caporales
725 2564 933 2646 infrason'pta
959 2564 1067 2629 omnia
1089 2562 1194 2630 facere
1211 2570 1243 2628 et
1258 2563 1365 2628 lacere
1382 2562 1473 2640 velle3
1495 2563 1524 2621 et

407 2669 555 2735 similiter
581 2672 682 2737 eciam
707 2672 812 2737 dictus
838 2671 988 2736 dominus
1017 2670 1218 2754 capitaneus
1233 2670 1374 2736 lieterali
1390 2685 1523 2736 sermone

405 2797 464 2858 pro
480 2797 513 2842 se
530 2784 563 2843 et
579 2777 675 2843 dictis
693 2775 911 2844 Senesohallis
927 2784 960 2844 et
976 2776 1195 2861 Caporalibus
1220 2777 1304 2841 dixit
1320 2783 1354 2842 et
1371 2771 1523 2859 respondit

407 2880 514 2947 facere
530 2890 564 2948 et
578 2883 687 2949 lacere
703 2885 786 2950 velle
802 2884 1013 2968 infrascripta
1030 2883 1147 2950 omnia.
1168 2885 1214 2950 Et
1229 2883 1317 2948 facta
1332 2884 1421 2948 diota
1436 2883 1522 2945 inter·

405 2990 580 3072 rogacione
597 2997 629 3056 et
644 2993 853 3075 responsione
869 3012 889 3056 a
905 2992 991 3057 dicto
1010 2991 1139 3057 domino
1160 2989 1184 3056 J
1186 2992 1313 3055 ohanne
1330 2997 1363 3054 et
1379 2989 1468 3054 dictis
1482 2987 1521 3050 iu·

405 3099 615 3181 terpretibuS,
631 3107 665 3166 et
679 3122 738 3183 per
753 3101 860 3184 ipsum
877 3099 1042 3165 dominum
1069 3100 1093 3166 J
1094 3100 1253 3165 ohannem
1269 3105 1303 3164 et
1320 3099 1422 3164 dictos
1437 3097 1522 3161 inter-

406 3213 514 3288 pretes
540 3209 724 3274 nominibus
749 3208 924 3274 antedictis
949 3210 1037 3273 omni
1061 3207 1167 3290 modo,
1194 3209 1295 3274 viaet
1312 3209 1393 3287 iure,
1419 3204 1520 3289 quibus

405 3315 520 3378 melius
546 3322 733 3398 potuerunt,
758 3317 979 3399 prenominati
1004 3315 1152 3381 dominus
1178 3315 1389 3401 Capitonem,
1420 3311 1518 3378 Senes-

406 3421 504 3486 ohalli
529 3429 562 3488 et
589 3421 767 3507 Caporales
793 3445 852 3508 pro
878 3446 912 3490 se
937 3426 1018 3508 ipsis
1043 3431 1077 3489 et
1101 3424 1283 3490 nominibus
1304 3421 1421 3506 quibus
1435 3438 1518 3503 supra

406 3529 529 3594 dictum
546 3538 606 3613 est,
622 3531 834 3615 stipulacione
859 3532 994 3597 solemni
1019 3535 1239 3616 promiserunt
1255 3537 1288 3596 et
1304 3533 1516 3603 conuenerunt,

405 3659 444 3701 ao
472 3641 573 3705 eciam
598 3643 791 3706 iurauerunt
816 3643 878 3724 ipsi
905 3651 938 3708 et
964 3644 1101 3726 quilibet
1121 3664 1231 3708 eorum
1262 3634 1516 3725 corporaliternd

407 3743 531 3812 Sancta
547 3748 618 3832 Dey
635 3749 819 3833 Evangelia
845 3771 944 3814 manu
969 3752 1066 3816 tactis
1084 3751 1262 3833 scripturis,
1279 3747 1439 3815 nobilibus
1452 3745 1515 3810 viris

405 3855 535 3920 domino
551 3855 658 3922 Rosso
675 3857 842 3923 Ricciardi
859 3860 900 3924 de
915 3858 1033 3939 Riocis,
1051 3866 1083 3924 et
1099 3859 1229 3924 domino
1256 3858 1395 3923 Bectino
1411 3851 1514 3922 doudui

406 3959 541 4028 Caroris
559 3963 598 4027 de
616 3964 805 4048 Oavoribus,
832 3973 864 4030 et
889 3966 1104 4048 prudentibus
1120 3966 1197 4032 viris
1222 3964 1350 4032 Jacobo
1376 3961 1513 4030 Micholis

406 4069 460 4133 del
476 4070 593 4150 Besso,
610 4079 643 4136 et
661 4071 819 4138 Silvestro
843 4072 1004 4139 Johannis
1029 4071 1238 4138 Cortenuova
1253 4073 1380 4140 ciuibus
1396 4073 1515 4137 honora·

403 4177 525 4243 bilibus
551 4179 759 4260 Florentinis,
783 4180 1078 4248 Ambaxiatoribus
1110 4189 1143 4246 et
1175 4179 1316 4246 Sindiois
1343 4174 1513 4244 Communis

404 4286 585 4366 Florencie,
601 4287 641 4353 de
657 4309 794 4369 quorum
812 4287 971 4353 sindicatu
988 4297 1020 4354 et
1030 4287 1184 4352 mandato
1196 4294 1328 4353 constat
1337 4309 1397 4371 per
1412 4289 1514 4351 instru-

404 4402 547 4459 mentum
565 4397 722 4478 scriptum
739 4415 835 4461 manu
851 4397 914 4460 mei
930 4396 1058 4462 Ristori
1069 4395 1201 4479 Notarij
1213 4395 1420 4479 infrascripti,
1434 4409 1513 4468 anno,

404 4500 583 4566 indiccione
609 4509 641 4565 et
667 4504 719 4567 die
746 4504 882 4586 septimo
909 4503 988 4569 dieti
1004 4505 1125 4569 mensis
1142 4501 1305 4588 Octobris,
1321 4498 1511 4586 presentibus
