3190 5252
555 316 650 378 1381.
1089 314 1154 378 429
1252 327 1256 334 ·

49 485 213 570 Britonum,
230 489 425 556 debebant'
379 497 451 556 tm
472 491 617 588 corporis
633 492 728 557 unius
744 491 928 574 congeriem
946 489 1094 571 adunari,
1110 511 1156 556 se·

8 597 10 678 ff
46 596 177 680 quesibi
201 597 498 682 veluthpitaneo
525 583 605 666 velle
631 601 767 667 submitt
739 605 822 665 ttere
847 598 1157 684 gubernandast
1112 599 1157 663 Et

8 721 10 794 J
47 704 183 783 quoniam
199 706 384 772 huiusmodi
401 705 591 792 societates,
608 707 702 790 quasi
728 705 869 791 quedam
885 705 1030 772 exicialis
1046 707 1157 788 pestis,

46 832 142 894 paoem
159 816 263 898 patrie
280 815 447 897 violantes,
465 818 665 884 solummodo
685 816 844 901 predandi
859 814 966 882 studio
982 813 1057 880 hinc
1081 812 1157 878 iude

8 985 9 988 ,
46 918 225 1006 discurrunt,
235 925 380 1009 rapinas,
390 925 548 1009 incendia,
560 903 715 1010 capturas
726 932 760 992 et
770 924 948 993 homicidia
958 923 1158 990 committen-

8 1117 9 1120 Ἴ
45 1027 85 1108 do,
99 1031 305 1116 civitatesque
331 1040 362 1099 et
388 1035 525 1101 miseros
551 1035 688 1120 populos
705 1034 748 1100 ad
764 1055 898 1118 asperas
920 1032 1158 1117 redemptiones

44 1134 206 1221 impellunt,
230 1147 270 1206 ut
295 1141 394 1207 nichil
419 1141 568 1209 infestius
584 1144 695 1228 possit,
712 1142 875 1227 nichilque
892 1141 1056 1208 molestius
1073 1139 1158 1223 cogi·

45 1245 107 1332 tori,
116 1250 260 1315 nolentes
271 1250 454 1317 huiusmodi
465 1250 759 1318 Societatumelfici
777 1272 876 1317 eausa
887 1249 937 1316 vel
949 1257 1109 1331 auctores,
1126 1254 1158 1312 et

8 1393 9 1402 ι
45 1353 109 1434 qnia
124 1358 223 1422 etiam
248 1379 308 1426 nos
334 1359 422 1444 ipsos
448 1358 621 1444 oportebat
645 1359 731 1425 ab
703 1381 750 1425 ers
766 1356 876 1424 omnia
901 1358 997 1440 mala,
1025 1359 1159 1422 sioutet

46 1460 114 1528 alios
127 1463 315 1551 formidare,
341 1475 416 1553 post
402 1467 487 1534 ttula
473 1473 541 1534 tam
566 1467 730 1534 licentiam
756 1467 908 1533 duximus
925 1465 1158 1550 denegandam.

43 1547 112 1650 Qiis
135 1573 220 1638 enim
247 1593 324 1641 sane
350 1575 467 1641 mentis
491 1581 605 1658 gentes
632 1595 716 1656 suas,
742 1596 823 1659 quas
850 1573 893 1642 ad
911 1595 969 1641 sua
995 1571 1160 1656 stipendia

43 1680 195 1745 tennerit
156 1685 220 1746 tm
237 1681 412 1766 hyeme,in
428 1683 685 1766 congregatione
701 1682 829 1748 hostilis
840 1681 1009 1763 exercitus,
1025 1679 1068 1745 ad
1085 1701 1160 1762 par-

44 1787 98 1850 tem
112 1788 313 1856 contrariam
329 1789 532 1875 proiecturas
548 1797 694 1874 tempore
711 1790 813 1855 estivo
823 1789 1011 1870 dimitteret,
1028 1795 1060 1853 et
1076 1794 1161 1870 tunc,

8 1923 13 1964 r
45 1911 107 1957 curn
122 1898 262 1965 maxime
288 1897 410 1964 viribus
437 1917 518 1983 opus
535 1905 592 1979 est,
609 1898 718 1964 hostes
735 1897 893 1981 augendo,
910 1888 1002 1963 suani
1020 1916 1089 1962 ase
1106 1916 1161 1979 po·

42 2003 164 2070 tentiam
181 2005 379 2090 separaret?
395 2007 554 2090 Postque
570 2005 719 2090 prefatus
740 2005 886 2072 dominus
896 2003 921 2068 J
923 2003 1066 2072 ohannes
1079 2003 1160 2068 duas

41 2108 121 2174 nobis
144 2112 337 2197 Majestatis
362 2112 482 2182 Vestre
506 2115 637 2180 litteras
653 2113 862 2198 presentavit,
888 2135 971 2178 unas
987 2109 1160 2188 credentis,

8 2273 9 2278 ,
41 2221 67 2278 et
80 2217 207 2302 alterae,
235 2242 294 2305 per
320 2242 401 2305 quas
427 2220 629 2287 devotionem
656 2227 801 2288 nostram
829 2219 952 2286 Vestra
969 2218 1162 2286 Sublimitas

42 2325 229 2408 requirebat,
248 2334 409 2410 quatenus
427 2351 499 2395 cum
515 2328 676 2413 Aretinis,
693 2329 749 2412 qui
766 2350 800 2394 se
817 2327 1046 2412 gubernationi
1063 2333 1162 2409 atque

40 2429 169 2498 doniinio
188 2433 396 2500 Serenissimi
413 2436 579 2520 Principis
608 2437 731 2502 domini
746 2435 866 2502 Karoli
882 2435 989 2502 Tertii
1003 2436 1029 2502 J
1030 2435 1162 2501 herusa-

40 2536 141 2606 lomet
159 2537 273 2607 Sicilie
300 2541 403 2628 Regis
427 2543 642 2626 tradiderant,
667 2543 801 2627 pacifice
829 2545 935 2610 vivere
962 2542 1162 2609 deberemus.

8 2681 9 2714 1
40 2644 78 2709 llt
92 2648 343 2716 credentialium·
354 2651 543 2718 litterarum
560 2652 668 2736 vigore
695 2650 857 2718 Comitem
873 2652 1076 2718 Everardum
1092 2668 1164 2732 pre·

40 2747 131 2819 latum
156 2755 322 2822 licentiori
339 2779 360 2823 a
375 2758 469 2824 nobis
486 2758 530 2823 ad
547 2760 680 2825 servitia
695 2759 885 2844 Majestatis
902 2759 1005 2842 Regio
1021 2757 1164 2843 postula-

40 2859 86 2925 rit
101 2861 277 2948 Addend0,
304 2866 392 2952 quod
416 2873 485 2933 tam
505 2868 573 2951 ipse
590 2867 737 2933 dominus
754 2867 779 2932 J
780 2868 933 2956 ohannes,
950 2888 1047 2952 qnam
1064 2868 1164 2932 etiam

40 2963 154 3054 Comes,
171 2994 207 3038 se
225 2972 413 3039 solemniter
430 2973 624 3060 obligarent,
641 2977 729 3061 quod
745 2976 800 3042 ille
816 2982 930 3060 gentes
947 2976 1006 3042 snb
1030 2975 1159 3040 domino

40 3072 154 3144 Gemite
180 3081 419 3164 congreganda,
445 3104 503 3148 nos
528 3089 560 3148 et
583 3091 731 3150 nostrum
757 3085 957 3152 territorium
974 3083 1162 3149 nullatenus

39 3182 243 3272 infestarent3
267 3189 331 3254 imo
348 3189 374 3254 si
391 3188 475 3256 forte
500 3213 595 3258 casus
615 3193 785 3276 accideret,
800 3213 861 3277 pro
878 3191 971 3258 nobis
987 3197 1020 3255 et
1036 3211 1163 3257 conser-

8 3283 9 3286 '
38 3294 157 3361 ratione
173 3298 281 3363 nostri
298 3304 401 3365 status
427 3292 662 3383 gratiosissime
682 3302 870 3368 militarent.
887 3299 1023 3385 Quibus,
1041 3305 1077 3364 ut
1093 3320 1164 3383 pre-

40 3401 182 3487 mittitur,
200 3408 381 3490 postulatis
398 3430 463 3474 non
477 3429 580 3493 parra
596 3411 831 3477 contrarietate
848 3410 1003 3494 perplexi,
1021 3410 1163 3493 cepimus

38 3505 233 3595 diligentiori
250 3515 385 3581 consilio
412 3537 510 3600 super
526 3517 589 3582 hac
604 3517 745 3582 materia
765 3518 917 3602 cogitare.
935 3515 1082 3600 Cumque
1098 3536 1163 3580 non

38 3615 132 3682 solum
148 3619 311 3687 relatione
338 3621 476 3689 Comitis
491 3625 664 3705 Everardi,
681 3625 852 3692 sedetiam
871 3625 1001 3691 aliunde
1018 3623 1162 3692 Societa-

38 3727 80 3788 tes
95 3729 263 3810 predictas
287 3731 375 3797 uniri
399 3731 433 3798 in
458 3733 634 3818 perniciem
660 3732 760 3799 totins
776 3733 875 3800 Italie
892 3735 1093 3814 sentiremus,
1108 3733 1165 3797 mi·

39 3851 102 3896 rum
118 3842 151 3901 et
167 3837 361 3904 incredibile
377 3839 477 3905 visum
494 3846 554 3924 est,
570 3840 653 3908 talia
678 3841 808 3907 nomine
828 3841 933 3926 Regia
951 3841 1161 3906 Oelsitndinis

37 3941 183 4011 ordinari.
211 3943 269 4010 An
286 3947 480 4014 credendum
500 3957 559 4030 est,
576 3947 786 4033 Majestatem
813 3948 968 4020 Vestram
984 3947 1065 4015 velle
1082 3947 1164 4012 lera-

39 4046 95 4115 lem
110 4054 294 4137 predonum
311 4057 505 4142 congeriem,
530 4077 593 4142 que
611 4057 653 4122 sit
668 4059 701 4123 in
718 4058 862 4124 omnium
887 4055 1079 4122 Italicorum
1099 4056 1164 4120 exi-

38 4159 115 4225 cium
131 4169 338 4249 grassatura,
362 4165 456 4249 quasi
481 4165 622 4250 Regium
648 4167 825 4231 exercitum
843 4164 1010 4232 adunari?
1035 4163 1162 4230 Scimus

39 4267 195 4355 pietatem,
213 4275 333 4337 scimus
350 4280 383 4338 et
399 4273 604 4340 clementiam
620 4274 788 4355 Vestram,
804 4275 988 4356 scimusque
1005 4272 1160 4341 Vestram

38 4373 270 4446 humanitatem
295 4381 481 4448 huiusmodi
497 4381 698 4448 Societatum
724 4381 854 4466 flagicia
878 4381 1043 4447 detestari.
1075 4379 1162 4463 Quid

9 4569 10 4572 Ἴ
38 4483 130 4565 igitur
146 4490 411 4574 respondendum
428 4491 498 4572 fuit,
515 4491 578 4557 nisi
592 4492 691 4575 quod,
707 4515 779 4557 com
796 4493 857 4557 heo
873 4515 924 4558 res
940 4493 1026 4558 foret
1042 4510 1159 4575 magno
