3226 5254
636 369 730 432 1380.

652 671 719 732 185.

115 835 218 900 Jonas
243 832 359 896 mocsdi
384 833 446 896 Mn
464 831 497 894 c's
514 853 552 894 az
571 831 849 915 Olcszorszdpdao
876 833 1022 896 dcrczold
1043 854 1185 918 rncypurr
1200 855 1244 896 oe·

115 941 230 1028 reqnek
260 939 379 1003 uezc‘rei
403 938 555 1004 kdtelezik
581 939 747 1024 mapulas,
772 941 853 1026 hopy
884 939 1052 1020 Florentes,
1084 940 1244 1024 Bolopnc,

115 1051 272 1136 Panapio,
292 1051 388 1128 Pisa,
405 1050 505 1115 Sicca
523 1050 555 1112 ds
573 1049 679 1112 Lucra
703 1049 882 1128 udrosokot‚
898 1051 930 1114 e's
946 1050 1096 1115 azotonk
1107 1051 1243 1114 birtolcdl

405 1158 601 1245 ddborpolci
617 1181 686 1220 nem
695 1158 823 1244 fopjcik.
849 1160 942 1224 1380.

1 1385 2 1406 χ
218 1317 260 1382 In
284 1317 358 1402 Dey
384 1319 511 1383 nomine
538 1319 656 1383 Amen.
676 1317 776 1381 Anno
792 1317 925 1382 Domini
941 1318 983 1383 ab
1001 1321 1069 1384 eius
1087 1319 1242 1384 Incarna-

109 1424 197 1490 tione
214 1425 386 1491 millesimo
412 1426 656 1492 trecentessimo
682 1424 910 1508 octuagesimo,
927 1427 1106 1491 indiccione
1123 1433 1242 1510 quarto

110 1531 288 1599 secundum
305 1555 433 1598 cursum
450 1541 483 1598 et
498 1533 762 1598 consuetudinem
773 1531 987 1599 Notariorum
999 1533 1155 1601 Ciuitatis
1165 1533 1242 1599 Flo·

1 1650 3 1730 }
107 1641 217 1708 rencie
241 1641 293 1706 die
319 1641 444 1707 decimo
460 1643 579 1708 mensis
605 1639 781 1722 Octobris3
806 1646 951 1726 tempore
979 1641 1189 1709 Sanctissimi
1206 1643 1239 1706 in

107 1747 242 1813 Christo
259 1747 372 1816 Patris
389 1757 422 1814 et
439 1749 572 1814 Domini
589 1750 694 1814 nostri
713 1747 835 1832 domini
853 1749 980 1817 Urbani
992 1751 1114 1815 Diuina
1132 1751 1239 1834 proui-

106 1856 203 1920 dente
220 1856 396 1926 clemencia
412 1859 504 1942 Pope
522 1856 621 1924 Sexti.
648 1857 770 1922 Actum
796 1858 828 1922 in
846 1857 973 1942 burgho
991 1863 1024 1924 et
1040 1859 1118 1923 m'lla
1134 1856 1240 1922 Culci-

105 1966 198 2029 narie
216 1962 408 2032 Communis
433 1965 648 2034 Podiobonici
676 1965 860 2032 Comitatus
878 1966 1056 2046 Florencie,
1074 1968 1108 2030 in
1124 1987 1239 2048 compo

104 2073 213 2153 gentis
229 2069 473 2156 Ungho'rcrum.
500 2079 533 2140 et
559 2071 730 2154 Magnifici
754 2073 815 2137 riri
832 2073 955 2138 domini
969 2072 1134 2141 Johannis
1151 2072 1238 2138 Beni

103 2179 359 2261 MachouiensiS,
375 2179 552 2247 Generalis
578 2179 752 2264 Capitonei
769 2182 876 2263 gentis
894 2179 1098 2248 serenissimi
1115 2181 1240 2245 Princi-

1 2309 2 2337 r
102 2289 154 2369 pis
180 2295 211 2353 et
229 2289 361 2354 Domini
386 2289 509 2356 domini
534 2289 691 2356 Ludovici
716 2290 780 2354 Dei
804 2291 918 2373 gracia
942 2289 1044 2374 Regis
1069 2289 1238 2373 Ungherie

102 2416 176 2459 curn
195 2396 267 2480 ipso
284 2398 414 2462 domino
432 2395 616 2481 Capitoneo
627 2397 671 2464 ed
679 2389 816 2482 presens
828 2397 861 2462 in
878 2397 995 2463 Ytelie
1005 2400 1189 2479 existentis,
1206 2399 1237 2461 in

101 2501 201 2568 domo
226 2504 405 2570 residencie
431 2505 554 2571 domini
580 2503 724 2571 Frenchi
748 2502 921 2588 Oopcralis
937 2505 1147 2590 infrascripti,
1166 2527 1236 2589 pre·

100 2607 251 2673 sentibus
276 2609 414 2677 testibus
441 2612 484 2677 sd
509 2611 569 2676 hec
595 2612 718 2676 vocatis
734 2617 768 2678 et
783 2610 914 2692 habitio,
940 2612 1091 2677 videlicet
1107 2613 1236 2677 domino

102 2715 304 2781 Boldassare
331 2718 370 2783 de
398 2716 543 2802 Spinolis
569 2719 609 2782 de
626 2717 747 2800 denua,
764 2725 797 2783 et
814 2719 943 2784 domino
959 2720 1112 2784 Jchonne
1129 2721 1237 2786 Juris-

1 2821 2 2836 ¹
101 2823 213 2906 perito
229 2823 353 2889 domini
379 2824 539 2909 Herrighi
565 2825 604 2890 de
630 2824 745 2909 Regio,
771 2834 804 2890 et
821 2848 873 2892 ser
888 2825 994 2910 Ligho
1012 2827 1178 2892 Francisci
1196 2828 1236 2892 de

1 2982 2 2996 ,
101 2931 194 2996 Loro
212 2929 354 2997 Notario
371 2931 565 2999 Florentino
582 2939 615 2998 et
632 2933 713 2998 eliis,

209 3039 405 3124 Magnificus
426 3043 475 3107 vir
496 3042 644 3108 dominus
664 3041 688 3107 J
690 3040 833 3108 ohannes
853 3041 965 3107 Bonus
986 3039 1227 3108 Mochoviensis

1 3228 2 3252 χ
98 3146 305 3230 Capitoneus
315 3147 551 3232 Unghurorum
567 3148 760 3231 antedictus
776 3149 952 3215 Ladislous
970 3156 1001 3214 et
1012 3151 1231 3216 Laneeloctus

1 3255 3 3336 ζ
98 3253 236 3320 Bebech
252 3253 456 3322 Senescholli
467 3257 627 3322 dictorum
643 3257 885 3340 Ungharorum‚
897 3265 930 3322 et
941 3257 1114 3323 Ladislaus
1131 3255 1234 3323 freter

95 3362 240 3427 carnalis
256 3363 339 3428 dicti
354 3364 477 3429 domini
494 3362 518 3428 J
520 3364 656 3430 ohannis
674 3362 846 3447 Capitonei
863 3365 1013 3448 predicti,
1030 3371 1063 3429 (t
1080 3365 1230 3430 domiuus

1 3551 2 3564 χ
97 3467 283 3548 Franchus,
309 3469 460 3536 dominus
484 3471 654 3537 Johunnes
680 3472 808 3555 Petoni,
833 3471 983 3537 dominus
1010 3469 1173 3556 Georgius
1191 3472 1230 3536 de

1 3663 2 3666 Ἴ
96 3577 265 3660 Edrouer,
281 3576 430 3643 dominus
445 3578 604 3644 Nicolaus
620 3580 660 3644 de
677 3576 801 3660 Ghuse,
818 3580 968 3644 dominus
979 3578 1137 3644 Nicolaus
1155 3580 1233 3666 Zus¹

1 3743 2 3762 p
97 3684 250 3748 dominus
267 3683 424 3751 Nicclcus
452 3684 605 3770 Subegne
621 3687 711 3769 Kun,
737 3688 883 3752 dominus
900 3687 1011 3752 Lucas
1026 3690 1108 3772 Zun,
1134 3689 1234 3754 dorni·

1 3785 2 3806 ³
97 3813 160 3856 nus
185 3791 312 3858 Paulus
339 3793 379 3858 de
405 3794 589 3874 Purachox,
612 3795 761 3860 dominus
778 3794 954 3861 Ladislaus
973 3794 1069 3872 Dani,
1085 3798 1233 3862 dominus

1 3915 2 3962 l
95 3899 278 3966 Ladislaus
297 3899 474 3982 Valachus‚
492 3903 643 3967 dominus
660 3901 772 3968 Archo
782 3901 889 3982 Miles,
905 3903 1054 3968 dominus
1065 3903 1089 3968 J
1091 3906 1233 3969 ohannes

96 4005 259 4092 Aynardi,
270 4007 419 4072 dominus
430 4007 582 4075 Stefonus
593 4007 730 4094 Conpot,
741 4017 772 4076 et
784 4012 932 4076 dominus
943 4010 1114 4077 dohannes
1127 4010 1233 4077 Simo-

1 4151 2 4154 *
96 4117 147 4180 nis
158 4115 255 4198 Beni,
265 4115 450 4200 quindecim
462 4139 500 4182 ex
510 4117 686 4183 maioribus
698 4116 914 4201 Oeporelibus
924 4116 1231 4185 etConductoribus

96 4225 358 4308 supradictorum
373 4225 613 4309 Ungharorum‚
624 4234 658 4293 et
668 4227 804 4311 quilibet
816 4227 979 4292 dictorum
1000 4228 1121 4292 domini
1134 4226 1231 4310 Oapi·

91 4331 486 4412 'torretSeuesclrallorum
497 4343 530 4400 et
542 4333 751 4419 Ospomlium
764 4359 823 4420 pro
835 4357 868 4400 se
878 4337 957 4420 ipsis
969 4342 1001 4400 et
1012 4357 1072 4418 pro
1084 4335 1231 4401 omnibus

96 4441 168 4505 aliis
179 4439 349 4524 Ungharis
360 4444 554 4526 supradictis
566 4467 636 4509 cum
649 4444 695 4509 eis
706 4444 926 4522 existentibus
934 4444 1103 4508 constituti
1114 4445 1148 4508 in
1159 4467 1230 4528 pre-

96 4551 205 4614 sencia
223 4551 287 4614 mei
304 4550 429 4617 Ristori
445 4553 577 4619 Notarii
594 4553 796 4636 infrascripti
808 4561 840 4618 ot-
855 4553 984 4617 testium
998 4553 1230 4637 predictorum,

1058 4658 1119 4726 25*
