3190 5252
394 300 461 362 434
749 317 983 364 niraouaczrm
1000 305 1167 365 murmura.

390 477 510 560 paucis,
534 480 562 542 si
586 500 642 543 vos
659 485 691 542 et
717 475 838 545 'l’useos
858 500 1007 546 securare
1024 480 1153 558 vellent,
1169 480 1203 543 iu
1220 499 1279 543 sua
1296 477 1441 542 libertate
1454 473 1495 538 di·

391 587 538 664 mittere;
564 607 605 650 ne
621 587 667 652 sio
692 586 875 652 videremur
895 589 962 652 suis
979 587 1089 652 invitis
1106 587 1245 652 servitiis
1261 586 1415 668 indigere.
1430 583 1499 648 Tau·

391 693 538 776 demque,
554 694 767 776 promissione
783 701 924 778 recepta,
942 695 1028 778 quod
1038 694 1177 760 durante
1192 703 1345 777 tempore,
1356 689 1500 776 quonobis

391 803 512 868 servire
528 800 679 884 debebat,
695 802 782 885 quod
792 803 997 886 protenditur
1011 823 1113 886 usque
1130 802 1173 867 ad
1190 802 1324 868 tertiam
1340 801 1422 866 diem
1437 797 1500 881 Sep·

390 910 536 991 tembris,
563 931 622 976 nec
647 932 702 977 vos
729 932 788 976 nec
809 910 932 976 Tuscos
950 910 1138 990 offenderet,
1155 933 1245 978 suam
1261 931 1430 993 personam
1444 929 1500 973 cum

391 1017 548 1082 tredecim
564 1017 685 1084 lanceis
702 1017 827 1085 Domus
854 1041 918 1100 sue,
945 1018 1095 1084 duximus
1111 1042 1131 1084 a
1148 1020 1267 1084 nostris
1294 1016 1453 1099 stipendiis
1466 1015 1501 1078 di·

391 1123 593 1190 mittendum.
618 1127 664 1192 Et
689 1127 836 1210 quamvis
862 1133 967 1192 totam
992 1126 1160 1192 cohortem
1186 1147 1277 1191 suam
1310 1126 1500 1190 ducentamm

392 1234 578 1298 lancearum
604 1232 700 1298 vellet
726 1255 836 1300 secum
864 1234 1029 1300 licentiam
1045 1235 1211 1316 obtine1·e;
1229 1255 1288 1299 nos
1305 1239 1420 1313 tamen,
1435 1229 1501 1295 illud

391 1340 479 1424 quod
504 1341 647 1407 scribitis
673 1348 862 1424 metuentes,
889 1343 1061 1413 noluimus
1084 1343 1146 1408 hoo
1178 1341 1239 1408 sibi
1280 1338 1501 1428 quomodolibet

391 1450 582 1530 consentire,
607 1455 640 1514 et
666 1447 841 1531 licentiam,
869 1471 966 1532 quam
992 1450 1055 1515 sibi
1072 1450 1228 1532 dedimus
1253 1473 1293 1514 ne
1318 1456 1443 1533 putaret
1456 1467 1501 1510 nos
1548 1519 1549 1522 Ἴ

391 1556 459 1621 sine
486 1579 523 1622 eo
550 1579 615 1624 non
639 1578 735 1641 posse
760 1560 876 1638 vivere,
893 1565 926 1624 et
942 1580 1007 1623 non
1023 1559 1065 1624 ob
1082 1558 1182 1646 aliud,
1200 1558 1398 1624 decrevimus
1415 1553 1501 1620 indul-

391 1685 478 1747 gere.
495 1661 697 1731 Occurrebat
714 1668 814 1732 etiam
840 1667 942 1748 nobie,
959 1666 1138 1749 quodlicet
1156 1668 1272 1750 ipsum,
1288 1687 1388 1750 usque
1404 1665 1500 1730 adsue
1548 1709 1549 1712 η

390 1772 549 1838 conducte
565 1771 670 1854 finem,
688 1776 722 1837 in
739 1773 803 1838 suis
819 1773 1072 1855 obligationibus
1091 1780 1275 1839 teneremus
1291 1798 1298 1852 ;
1315 1794 1378 1837 non
1394 1771 1501 1837 rideba-

390 1899 460 1942 mus
471 1885 653 1963 propterea,
670 1880 757 1963 quod
773 1902 812 1945 ex
830 1880 891 1945 hoc
907 1901 1075 1964 possemus
1086 1881 1372 1964 congregationem
1384 1881 1501 1944 istarum

390 1989 535 2068 gentium
550 1988 716 2070 impedire.
743 1989 877 2069 Addita,
893 1989 980 2074 quod
998 1989 1092 2072 longe
1110 1991 1214 2053 maius
1230 1990 1449 2054 inconvenieus
1463 2007 1500 2050 se-

391 2095 561 2178 quebatur.
578 2099 667 2164 Nam
692 2097 877 2162 huiusmodi
903 2098 1054 2179 gentibus
1070 2098 1104 2162 in
1120 2099 1241 2162 nostris
1268 2094 1500 2163 circumstantiis

393 2204 557 2284 adunatis,
574 2205 704 2270 interim
730 2203 809 2270 lines
836 2207 993 2270 seclorum
1020 2206 1158 2271 fuissent
1175 2228 1247 2271 cum
1264 2206 1412 2270 molestia
1427 2203 1500 2268 dan·

391 2331 468 2375 nese
486 2314 604 2391 vexati,
623 2318 655 2377 et
671 2312 765 2378 finita
782 2315 942 2378 conducta
967 2313 1105 2379 Comitis
1123 2315 1289 2394 antedicti,
1305 2314 1500 2398 promptiores

390 2419 431 2484 ad
458 2419 579 2484 damna
604 2427 796 2486 cunctorum
823 2419 1042 2486 infallibiliter
1066 2423 1257 2486 extitissent.
1290 2420 1384 2486 Nunc
1407 2427 1498 2483 antem
1548 2461 1549 2464 ,

390 2536 527 2612 oportet,
545 2531 632 2614 quod
649 2553 669 2596 a
686 2531 777 2596 vobis
794 2539 826 2596 et
842 2531 937 2597 nobis
953 2531 1015 2597 hoc
1032 2533 1137 2615 spatio
1153 2531 1252 2597 medii
1267 2532 1419 2616 temporis
1429 2530 1500 2594 elon·

390 2642 515 2720 gantur,
532 2644 564 2702 et
581 2646 737 2722 quantum
754 2639 1025 2722 comprehendere
1035 2660 1214 2723 possumne,
1230 2641 1263 2704 in
1280 2639 1354 2704 aliis
1370 2637 1498 2723 partibus

390 2765 448 2809 sua
464 2747 599 2829 negocia
617 2748 847 2830 procurabunt.
874 2733 964 2812 Data
989 2748 1158 2813 Florentia
1176 2749 1228 2814 die
1244 2751 1350 2833 prima
1376 2743 1499 2830 Augusti
1548 2799 1549 2814 i

390 2851 476 2917 IIII.
492 2853 668 2920 indictione
684 2854 1018 2921 MLCOOLXXXI.

390 2999 513 3060 (Eredeti
527 3001 741 3066 logalmazvatuy
756 3017 773 3050 a
797 3002 932 3065 »Signori¹
957 3002 1113 3068 Carteggie,
1128 3003 1254 3053 lliasive«
1279 3005 1332 3053 stb.
1355 3001 1498 3052 illiditurk

588 3093 676 3156 geben
692 3097 750 3143 157.
764 3107 800 3152 az,
815 3109 849 3154 a,
862 3107 879 3141 a
892 3094 1030 3157 florenezy
1044 3109 1117 3159 nagy
1130 3095 1322 3154 leveltdrban.)

918 3385 991 3445 213.

392 3541 512 3605 Turiai
528 3542 688 3606 be‘lcelrdtc's
706 3544 731 3604 l.
749 3545 848 3628 Lujos
865 3567 1004 3629 maqyur
1032 3546 1064 3607 c'a
1080 3545 1205 3631 leappel
1221 3547 1335 3635 lcirdlp
1351 3551 1382 3612 ἐς
1405 3553 1496 3612 ratioet·
1547 3579 1549 3630 f

550 3650 675 3736 adpraei,
692 3675 707 3713 a
723 3676 745 3714 a
762 3651 913 3714 veleaczer'
929 3652 1139 3739 ladztdraaadg
1155 3654 1233 3718 ledat.
1252 3659 1348 3720 1381.
1548 3635 1549 3652 l

495 3807 597 3892 (Ezen
607 3809 783 3875 bekekbtes
795 3809 955 3893 okmanya
971 3813 1102 3878 minden
1119 3815 1383 3880 mellekalrtairal
1400 3812 1492 3895 egyttt

388 3915 538 3980 altalunk
555 3916 676 3982 marli
695 3917 760 3981 volt
772 3917 856 3983 adua
873 3941 893 3983 a
911 3917 1133 3986 ›Tbrtenelmi
1150 3921 1237 3989 Tar«
1257 3923 1322 3988 XI.
1332 3919 1492 3990 kdteteben,
1548 3919 1549 3922 ’

390 4023 468 4088 Pest
485 4028 580 4088 1862.
604 4029 743 4089 1-124.
763 4025 814 4106 ll.;
840 4028 935 4092 mitrt
959 4048 1035 4092 ezen
1056 4029 1305 4112 olmanyoknak
1331 4032 1371 4094 itt
1396 4025 1492 4092 reszint
1547 4051 1549 4056 ¹

387 4131 558 4197 tartalmat
574 4133 709 4196 rdviden
727 4134 846 4198 reszint
862 4134 941 4199 csak
959 4135 1146 4218 lajstromat
1162 4137 1338 4222 lozuljuk.)
1548 4149 1549 4160 ³

797 4277 830 4343 A
856 4278 897 4343 fo
921 4279 1014 4344 okm
1025 4287 1045 4345 a
1056 4301 1117 4364 ny.

494 4385 535 4449 In
560 4387 688 4450 nomine
715 4384 832 4451 Sancte
859 4395 891 4452 ct
917 4387 1091 4454 Indiuidua
1119 4391 1304 4471 Trinitatis
1330 4390 1388 4456 stb.
1410 4384 1489 4450 Auno

388 4491 558 4556 Dominice
576 4491 772 4558 Natiuitatis
795 4496 966 4560 millesimo
987 4501 1213 4564 trecentesimo
1239 4499 1426 4582 octagesimo
1439 4487 1490 4573 pri·
1548 4525 1549 4560 l
