3226 5258
706 372 940 416 orruouaczrur
957 358 1124 417 nuntians.

90 544 95 561 ²
347 536 435 599 mino
450 534 628 614 hortamur,
652 533 808 615 quatinus
832 551 893 615 pro
918 536 1033 597 nostra
1048 537 1082 597 et
1098 531 1293 617 Apostolice
1319 530 1417 598 Sedis
1433 550 1482 596 re·
1576 599 1580 609 ,

249 626 262 666 ³
348 643 496 707 verenoia
513 646 546 705 et
560 661 621 724 pro
637 639 722 705 bono
738 641 830 722 pacis
845 659 901 703 eos
918 640 961 704 ad
978 641 1177 706 strietiorem
1196 641 1282 705 inter
1299 661 1333 705 se
1348 640 1481 705 firman·
1580 703 1581 707 ,

84 727 258 834 ἐξ
349 750 425 815 dam
455 748 716 816 benevolenciam
747 748 813 813 tuis
843 748 1106 831 persuasionibus
1138 749 1327 827 exhorteris,
1351 748 1385 812 in
1418 767 1482 829 quo
1578 756 1579 760 ’

80 869 203 950 ,
349 857 438 941 apud
462 855 570 922 Deum
593 854 801 922 Excellentia
824 854 989 937 prelibata
1011 857 1186 923 merebitur
1202 861 1235 921 et
1252 856 1345 922 nobis
1372 855 1481 921 admo·
1577 846 1579 848 ¹

350 963 426 1030 dum
459 962 683 1048 complacebit.
714 960 839 1028 Datum
871 960 1036 1030 Arinione
1066 963 1165 1032 VIII.
1196 962 1353 1030 kalendas
1378 963 1484 1044 Junii,

351 1073 568 1139 Pontificatns
584 1069 687 1140 nostri
702 1092 789 1136 anno
804 1071 919 1155 primo.
1020 1084 1024 1099 ¹

675 1212 734 1280 (XI.
748 1215 870 1282 Gergely
890 1217 962 1282 papa
975 1216 1160 1284 regestdibdl.)

838 1362 998 1374 *uun-*—

902 1524 931 1584 6.

357 1685 416 1748 XI.
433 1684 572 1776 Gerpely
586 1690 678 1770 popa
704 1685 728 1747 1.
746 1685 846 1768 Lojoa
862 1706 1002 1770 mappar
1018 1686 1051 1748 ds
1065 1684 1188 1771 lenpyel
1208 1685 1334 1769 kirdlpt
1341 1685 1488 1772 felke'ri,

497 1793 578 1878 kopp
592 1791 782 1857 Sicilidnalr
799 1790 1210 1877 intepritdscitfenotortso.
1236 1795 1283 1856 13
1293 1794 1342 1856 71.

467 1950 649 2034 Gregorius
673 1952 857 2037 Episcopus
872 1959 931 2020 etc.
959 1952 1126 2018 carissimo
1142 1951 1176 2016 in
1192 1949 1327 2017 Christo
1341 1950 1409 2016 filio
1426 1952 1489 2017 Lu-

358 2061 471 2126 dorico
486 2059 571 2144 Regi
587 2058 736 2143 Vngarie
761 2060 883 2125 illustri
908 2059 1047 2126 salutem
1071 2067 1130 2126 etc.
1148 2058 1233 2143 Agit
1248 2080 1308 2125 nec
1323 2061 1489 2124 immerito

96 2124 142 2160 rs,
159 2127 169 2146 υ

41 2228 76 2264 ,μ
112 2196 150 2234 ι
263 2191 266 2196 ·
358 2169 471 2234 Mater
487 2167 646 2248 Ecclesia,
671 2168 749 2233 dum
773 2168 917 2233 letanter
943 2166 1013 2233 Tus
1028 2166 1279 2251 Magnificencie
1295 2172 1388 2251 gesta
1404 2187 1489 2232 com-

33 2278 54 2291 ”
77 2258 176 2388 K'b
204 2262 239 2360 [j
360 2281 530 2356 memorat,
556 2273 625 2341 dies
649 2274 762 2357 festos,
786 2275 999 2342 iocunditatis
1024 2283 1056 2341 et
1078 2277 1184 2341 leticie
1199 2274 1327 2341 cantion
1342 2274 1490 2358 replicat,

360 2384 410 2447 tui
428 2381 490 2447 zeli
505 2383 666 2449 fervorem
691 2389 724 2448 et
749 2383 953 2449 strenuitatis
971 2384 1172 2449 maritatam
1188 2381 1381 2460 devotifilii,
1398 2382 1491 2466 quasi

361 2494 508 2555 recenter
533 2490 676 2570 cottidie,
702 2490 943 2558 delectabiliter
973 2490 1180 2574 recensendo,
1206 2492 1334 2557 exultat
1358 2495 1392 2554 et
1408 2488 1490 2555 iubi-

362 2599 460 2664 latin
478 2605 607 2665 tuorum
624 2598 766 2667 felicium
783 2601 1088 2668 commemoratione
1105 2621 1320 2680 successuum,
1336 2619 1396 2683 per
1411 2618 1492 2682 quos

364 2706 404 2772 ad
422 2708 530 2774 Deum
555 2731 594 2774 ac
619 2730 678 2774 nos
694 2715 727 2775 et
743 2707 859 2774 Sedem
886 2707 1112 2794 Apostolioam
1138 2730 1255 2792 gerens
1273 2707 1492 2774 reverenciam

363 2814 505 2894 filialem,
529 2813 630 2898 ipsius
654 2814 803 2880 Romane
829 2814 976 2880 Eoolesie
1001 2816 1074 2881 iura
1098 2820 1198 2898 atque
1222 2814 1308 2880 bona
1324 2812 1431 2896 Regio
1448 2811 1493 2878 Ia-

365 2941 441 2988 vore
456 2920 671 3006 prosequeris,
696 2926 731 2988 et
756 2927 916 3005 quantum
931 2922 964 2987 in
980 2927 1013 2988 te
1029 2928 1088 3003 est,
1104 2920 1164 2987 illa
1187 2921 1346 2987 molestiis
1363 2927 1396 2986 et
1412 2920 1493 2985 inin·

365 3030 423 3097 riis
440 3028 529 3094 affici
553 3051 618 3097 non
642 3029 817 3113 permittis,
841 3031 1006 3096 honorans
1030 3031 1065 3095 in
1081 3030 1142 3095 hoc
1158 3027 1294 3095 eandem
1309 3028 1494 3094 Romanam

366 3135 559 3218 Ecclesiam,
575 3136 608 3201 in
625 3137 717 3202 cuins
732 3138 882 3202 caritatis
907 3136 1087 3202 visceribus
1110 3134 1217 3203 locum
1232 3137 1425 3220 precipuum
1442 3137 1495 3203 olr

368 3244 452 3310 tines
465 3247 552 3311 inter
567 3252 694 3312 ceteros
718 3244 911 3312 Catholicos
929 3245 1099 3329 Principes
1115 3244 1205 3313 orbis
1221 3252 1317 3312 terre.
1334 3243 1423 3312 Sane
1439 3268 1496 3311 nu·

367 3373 425 3435 per
440 3352 652 3436 percepimus,
667 3353 908 3419 Excellenciam
926 3352 1030 3420 Tuam
1047 3353 1213 3420 carissime
1228 3354 1264 3420 in
1279 3351 1413 3419 Christo
1429 3353 1496 3420 filie

368 3469 481 3526 nostre
496 3460 521 3527 J
523 3460 650 3527 ohanne
665 3460 794 3544 Regine
811 3459 922 3527 Sicilie
938 3459 1062 3527 illustri
1081 3461 1258 3545 scripsisse,
1273 3467 1312 3527 ut
1325 3461 1417 3545 nepti
1432 3467 1498 3541 tue,

368 3589 467 3653 qnam
483 3568 650 3633 carissimo
675 3568 709 3632 in
736 3565 869 3634 Christo
894 3567 963 3634 filio
987 3575 1098 3636 nostro
1123 3569 1279 3653 Philippo
1294 3568 1498 3654 Imperatori

370 3675 731 3759 Constantinopolitano
755 3675 789 3741 in
813 3698 948 3742 uxorem
972 3677 1100 3744 dedisse
1125 3676 1252 3759 diceris,
1268 3671 1497 3761 Principatum

370 3782 510 3865 Salerni,
535 3804 592 3849 seu
617 3783 845 3868 Principatum
860 3784 1049 3870 Barensem,
1065 3785 1116 3851 vel
1131 3785 1279 3852 Mentem
1295 3783 1410 3851 Sancti
1426 3783 1498 3851 An-

370 3891 435 3976 geli
451 3913 551 3977 usque
575 3891 618 3958 ad
643 3899 755 3977 partes
779 3900 867 3959 terre
891 3891 1037 3961 Ydronti
1062 3893 1253 3960 concederet
1278 3899 1379 3976 atque
1394 3894 1499 3960 daret.

326 3987 330 4004 ’
372 3997 455 4065 Cum
471 4006 589 4081 autem,
605 4000 652 4068 fili
667 4003 902 4086 procerissime,
916 4023 1021 4087 nuper
1037 4002 1258 4087 quamplures
1269 4000 1500 4085 ordinationes,

372 4107 620 4191 prohibiciones,
636 4116 770 4192 statuta,
786 4111 957 4196 variosque
972 4132 1144 4196 processus
1162 4110 1307 4178 diversas
1322 4111 1499 4177 sententias

372 4221 471 4300 atque
498 4239 598 4302 penas
624 4221 825 4286 continentes
840 4242 899 4305 per
914 4220 1086 4288 nonnullos
1105 4220 1352 4305 predecessores
1368 4224 1499 4287 nostros

373 4322 538 4392 Romanos
554 4327 737 4409 Pontifices,
760 4350 802 4394 ne
826 4337 915 4395 terre
940 4330 1083 4396 demanii
1101 4328 1210 4412 Regni
1226 4326 1348 4409 Sicilie,
1362 4335 1397 4394 et
1412 4334 1499 4394 terre

374 4433 458 4501 oltra
472 4433 606 4524 Rarum,
622 4458 685 4522 que
702 4458 722 4502 a
737 4437 831 4503 nobis
847 4444 880 4504 et
895 4439 1007 4506 eadem
1023 4438 1175 4504 Romana
1190 4436 1340 4504 Ecclesia
1349 4441 1500 4503 tenentur

375 4545 409 4607 in
420 4540 560 4624 feudum,
571 4538 910 4630 alienarentur,factas
920 4546 1106 4614 duxerimus
1116 4543 1500 4630 confirmandas,aoalr'us
