3214 5250
425 343 489 404 602
780 359 1012 406 nienouncznu
1029 345 1196 404 aurnuns.

423 526 584 604 quantum
600 542 659 585 nos
675 527 786 586 tamen
802 520 958 586 arbitrari
969 539 1032 585 non
1043 539 1223 602 possumus,
1240 519 1300 584 hec
1311 519 1420 584 omnia
1435 517 1534 582 nedum

424 633 533 710 preter
558 636 699 694 vestram
727 626 966 710 conscientiam,
1001 626 1057 691 sed
1091 628 1124 692 in
1155 627 1330 692 maximam
1363 625 1537 694 Serenitatis

425 736 545 802 Vestra
571 737 809 823 displicentiam
835 737 1039 822 processisse.
1066 733 1154 801 Caro
1182 734 1313 819 quidem
1339 741 1387 800 est
1403 734 1442 799 de
1458 754 1538 798 carne

424 855 541 927 restra,
558 853 591 911 et
607 869 642 912 os
660 870 698 912 ex
716 846 842 914 ossibus
861 846 993 911 cestris.
1023 843 1106 929 Quis
1123 847 1207 909 enim
1224 845 1355 928 ignorat
1371 865 1410 908 ex
1427 843 1537 908 Karolo

424 955 564 1020 secundo
590 953 664 1019 binc
689 953 850 1021 Karolum
877 951 1070 1018 Martellum
1095 951 1266 1035 Huugarie
1282 950 1416 1033 Regem,
1433 951 1539 1015 etinde

423 1065 447 1130 J
450 1062 611 1128 ohannem
636 1062 763 1127 Ducem
788 1061 951 1146 Dyrachii.
964 1057 1197 1126 descendisse?
1222 1056 1305 1142 Quis
1321 1080 1385 1124 non
1402 1060 1494 1138 novit,
1507 1080 1538 1122 er

424 1171 480 1235 illo
498 1169 660 1235 Karolum
677 1169 871 1235 tssmbertum
888 1189 984 1234 arum
1003 1177 1156 1248 restrum,
1173 1173 1206 1232 et
1221 1189 1261 1232 ex
1276 1168 1338 1233 boc
1354 1167 1538 1234 Ludoricum

424 1277 567 1344 eiusdem
593 1278 684 1342 tertii
711 1277 831 1343 Karoli
858 1278 1037 1361 genitorem
1064 1279 1148 1342 serie
1164 1276 1312 1359 legitima
1327 1273 1538 1360 propagatos?

424 1389 472 1454 l't
488 1388 580 1452 nefas
608 1389 650 1452 sit
675 1392 772 1471 atque
799 1387 1002 1469 sacrilegum,
1018 1385 1116 1451 aliter
1133 1385 1171 1450 de
1188 1385 1417 1451 Humanitatis
1434 1385 1539 1451 Vestre

424 1497 597 1563 clement-ia
624 1497 791 1582 suspicari.
818 1493 966 1560 Accedat
982 1494 1024 1560 ad
1042 1495 1111 1577 boc,
1137 1494 1224 1579 quod
1252 1494 1291 1560 de
1318 1493 1374 1558 illo
1391 1494 1539 1576 gloriosis·

424 1606 503 1670 simo
520 1605 642 1688 cespite
659 1605 746 1670 solus
773 1611 821 1668 est
849 1605 1020 1682 masculus,
1037 1625 1076 1668 ex
1093 1623 1157 1686 quo
1177 1602 1296 1668 debeat-
1315 1609 1405 1670 tante
1421 1623 1538 1668 consan-

422 1713 592 1796 guinitatis
616 1713 742 1778 familia
767 1711 924 1796 protrahi,
944 1713 1099 1794 solusque
1116 1713 1148 1775 in
1165 1717 1214 1775 tot
1230 1710 1425 1793 Regnorum
1442 1710 1540 1775 titulos

423 1820 549 1902 debeat,
566 1841 606 1885 ne
632 1820 673 1886 ad
699 1827 849 1886 externos
870 1825 1049 1899 transeant,
1065 1819 1259 1885 conservari.
1287 1817 1432 1901 'lingant
1449 1818 1501 1882 alii
1516 1827 1540 1881 et

422 1927 613 1993 insimulent
640 1927 794 2011 quicquid
823 1928 943 2010 volunt,
961 1947 1018 1992 nos
1034 1934 1145 1992 autem
1161 1925 1379 1992 infallibiliter
1396 1925 1540 1991 oredimus

422 2037 664 2120 Benignitatem
691 2036 844 2104 Vestram
863 2045 930 2101 tam
946 2036 1086 2102 immane
1102 2035 1228 2101 lacinus
1244 2035 1441 2113 abhorrere,
1468 2055 1540 2099 nunc

422 2153 532 2210 autem
549 2145 654 2212 honor
671 2153 704 2212 et
719 2144 861 2211 officium
889 2145 1074 2230 Majestatis
1100 2145 1218 2213 Vestre
1237 2143 1338 2208 suerit
1353 2143 1466 2210 taliter
1482 2165 1541 2227 pro-

422 2255 541 2334 videre,
558 2255 647 2338 quod
672 2254 757 2320 idem
782 2255 856 2320 Rex
883 2253 1003 2319 nedum
1020 2259 1226 2319 conservetur
1241 2255 1274 2316 in
1291 2253 1369 2334 rita,
1386 2254 1443 2318 sed
1459 2254 1499 2318 ad
1513 2251 1542 2316 li-

423 2361 583 2428 bertatem
600 2365 773 2447 pristinam
799 2363 987 2428 reducatur.
1004 2361 1090 2428 Nam
1107 2362 1254 2446 quamvis
1272 2383 1367 2427 sexus
1386 2361 1541 2428 muliebris

422 2471 583 2554 fragilitas
599 2478 632 2536 et
648 2472 767 2538 aetatis
782 2471 900 2536 tenello
914 2471 1058 2536 conditio
1075 2467 1272 2535 Celsitudiui
1283 2469 1403 2538 Vestre
1420 2469 1542 2554 impedi-

421 2584 529 2644 mento
555 2579 686 2660 luerint,
708 2585 745 2644 ut
770 2599 833 2644 non
858 2580 959 2663 possit
985 2585 1094 2643 restra
1119 2578 1305 2662 benignitas
1322 2583 1450 2644 tantum
1468 2579 1542 2643 furo

422 2709 499 2767 rem,
515 2693 547 2753 et
565 2695 635 2752 tam
651 2687 791 2753 immane
808 2687 943 2768 facinus,
959 2689 992 2752 in
1009 2687 1066 2752 illo
1083 2686 1190 2752 subito
1207 2708 1315 2752 rerum
1330 2688 1470 2753 articulo
1480 2709 1541 2772 pro

422 2794 553 2874 hibere;
577 2802 679 2860 totum
707 2802 814 2860 tamen
840 2817 921 2861 onus
947 2795 1148 2862 liberationis
1165 2801 1198 2860 et
1214 2797 1470 2862 conservationis
1495 2817 1541 2860 sne

422 2925 519 2987 super
535 2904 683 2970 humeros
711 2902 922 2970 Oelsitudiuis
941 2901 1060 2970 Vestre
1076 2903 1242 2969 recumbit.
1268 2903 1375 2970 Totus
1391 2911 1540 2970 terrarum

422 3012 508 3078 orbis
526 3013 788 3095 expectaturum
805 3013 852 3078 rei
869 3011 909 3078 de
926 3034 1023 3078 mauu
1049 3011 1167 3079 Vestre
1185 3012 1376 3095 Majcstatis
1394 3020 1541 3080 eventum.

420 3120 496 3186 Nou
520 3128 658 3204 possunt
682 3119 803 3186 auferri
828 3123 971 3202 vulnera,
998 3142 1060 3186 nou
1086 3125 1194 3205 potest
1225 3123 1466 3187 sacratissimus
1491 3121 1540 3186 ille

421 3228 553 3312 sanguis
570 3229 601 3292 in
620 3229 722 3293 oculis
738 3231 856 3294 vestris
873 3251 936 3295 non
953 3251 1023 3294 esse
1043 3227 1188 3294 diffusus
1205 3229 1345 3294 Fuerint
1362 3229 1422 3296 hec
1439 3231 1541 3313 malig-

419 3337 532 3402 nitatis
549 3359 793 3420 percussornm3
812 3339 867 3403 sed
885 3339 1005 3407 Vestre
1023 3331 1202 3403 Clementia
1219 3341 1263 3403 sit
1279 3341 1412 3422 paterni
1429 3337 1540 3406 sobrini

420 3445 520 3509 sitam
538 3467 609 3510 cum
627 3451 742 3528 optata
758 3446 951 3512 liberatione
968 3445 1196 3529 benignissime
1215 3467 1420 3528 conservare,
1444 3471 1483 3513 ne
1499 3446 1541 3510 de·

419 3554 524 3618 leatur
540 3553 665 3618 culmen
681 3554 905 3637 gloriosissimi
931 3555 1029 3620 vestri
1056 3556 1232 3637 sanguinis,
1249 3563 1282 3620 et
1298 3556 1415 3622 inclita
1433 3553 1539 3621 Karoli

420 3659 522 3724 Primi
538 3663 716 3744 posteritas
739 3669 832 3726 tauta
858 3683 930 3727 cum
956 3663 1135 3745 ignominia
1159 3663 1300 3729 finiatur.
1335 3664 1405 3730 Nos
1431 3673 1541 3740 autem,

419 3768 656 3850 gloriosissima
672 3769 810 3854 Regina,
827 3776 994 3854 tamquam
1012 3792 1084 3836 rere
1096 3771 1276 3837 devotionis
1293 3771 1361 3855 filii,
1377 3775 1482 3838 sacris
1496 3793 1540 3856 pe

420 3875 515 3941 dibus
540 3875 660 3946 Vestre
686 3879 872 3964 Majestatis
898 3878 1003 3958 affusi,
1029 3879 1256 3945 liberationem
1282 3888 1315 3946 et
1341 3883 1442 3950 vitam
1468 3879 1540 3947 tanti

418 3984 582 4069 Principis
609 3987 733 4053 devotis
758 3986 1058 4071 supplicationibus,
1075 3996 1107 4052 et
1123 3989 1226 4053 multo
1252 4009 1323 4054 cum
1341 3989 1540 4056 lacrimarum

418 4091 578 4176 profluvio
595 4094 806 4176 postulamus.
832 4096 955 4160 Pareat
971 4095 1063 4160 nobis
1080 4093 1272 4163 Sublimitas
1288 4096 1420 4180 Vestra,
1438 4105 1472 4162 et
1488 4098 1539 4160 ista

419 4221 481 4282 que
507 4202 678 4269 scribimus
704 4203 736 4266 in
763 4203 880 4268 bonam
907 4207 1035 4286 partem
1061 4205 1213 4288 accipiat,
1238 4227 1362 4289 nosque
1396 4207 1539 4289 dignetur

418 4309 696 4374 recommendatos
723 4332 794 4375 cunr
826 4310 1028 4393 benignitate
1060 4315 1229 4397 suscipere,
1255 4321 1289 4378 et
1315 4321 1442 4382 nostros
1468 4332 1538 4377 mer·

418 4423 545 4482 catores
562 4423 595 4480 et.
620 4419 708 4482 eires
734 4418 794 4482 sub
819 4416 881 4480 alis
906 4424 939 4482 et
964 4419 1078 4484 umbra
1104 4418 1221 4488 Vestro
1246 4419 1459 4488 slolsitudinis
1474 4438 1537 4482 ron·
