3214 5250
567 351 668 454 isso.
1119 384 1181 448 eor

57 556 155 622 rimus
171 558 215 624 ad
231 559 514 643 Magnificentiam
530 567 642 650 Suam,
668 589 725 632 nos
751 565 912 630 offerimus
929 562 970 628 ad
988 562 1182 628 mittendum

57 675 200 734 nostrum
232 669 490 742 Ambaxatorem
522 699 582 761 pro
605 678 853 760 interpositione
882 675 1000 757 qnietis
1024 681 1057 738 et
1082 674 1182 758 pacis,

56 777 183 856 qnando
200 781 356 862 procedat
372 784 412 848 de
429 784 633 868 beneplacito
649 806 706 849 suo
722 791 755 848 et
770 784 985 849 Dominorum
1001 781 1042 846 de
1058 780 1182 847 Gorba-

54 881 105 946 ria
120 885 350 966 predictorum.
367 891 413 957 Elt
430 901 602 976 propterea
618 893 651 956 in
667 893 755 956 dicto
780 912 857 956 casn
873 891 941 973 ipse
958 891 1080 973 poterit
1098 889 1182 953 noti-

54 989 150 1056 ficare
166 996 259 1061 nobis
277 1019 368 1064 suam
384 1001 605 1080 intentionem,
622 1021 688 1084 qna
704 997 827 1080 habita,
843 998 1089 1081 procurabimus
1111 1017 1183 1060 sen·

53 1099 112 1164 tire
129 1101 172 1167 de
187 1103 367 1172 intentione
385 1109 514 1174 illorum
539 1106 755 1173 Domiuorum
780 1102 952 1187 Corbarie,
968 1112 1002 1172 et
1027 1102 1179 1187 procede·

52 1228 121 1275 mus
137 1213 315 1279 secundum
331 1217 420 1299 quod
435 1217 552 1283 honori
577 1223 689 1282 nostro
716 1223 749 1280 et
775 1234 833 1279 sno
859 1213 974 1279 melius
999 1212 1179 1278 ridebimus

53 1336 234 1384 convenne.

159 1425 222 1492 Die
238 1427 358 1498 XVII.
376 1432 543 1499 Obtobris.
570 1431 715 1516 Capta
732 1456 738 1495 :
756 1428 852 1514 Quod
869 1426 1105 1511 respondeatur
1121 1427 1177 1492 isti

51 1529 273 1602 Ambaxatori
284 1544 316 1603 et
325 1541 443 1605 nuncio
457 1533 628 1624 Magnifioi
639 1537 759 1605 domini
770 1535 907 1603 Oomitis
922 1535 947 1601 J
949 1534 1086 1600 ohannis
1103 1533 1182 1618 Seg-

50 1661 89 1706 ne
107 1641 153 1706 ad
170 1647 410 1728 requisitiones,
427 1669 509 1731 quas
526 1649 619 1716 nobis
636 1649 731 1714 modo
749 1648 789 1710 de
805 1667 887 1712 novo
904 1644 990 1709 lecit.

162 1754 207 1819 nt
223 1758 326 1840 primo
343 1759 383 1825 ad
401 1762 541 1845 primam
567 1767 694 1844 partem
720 1757 872 1842 possendi
898 1754 1026 1821 soldare
1053 1758 1181 1819 centum

50 1863 256 1930 ballistarios
282 1867 316 1931 in
332 1865 491 1951 Venetiis,
507 1890 587 1952 quos
613 1867 794 1933 conducere
820 1865 923 1948 possit
947 1862 990 1928 ad
1008 1862 1081 1929 loca
1105 1882 1180 1940 sua;

48 1972 139 2054 quod
158 1971 245 2052 licet,
262 1975 346 2040 sicut
363 1976 425 2061 ipsi
443 1977 572 2043 domino
589 1976 711 2042 Comiti
727 1979 834 2059 potest
859 1971 1043 2056 plenissime
1068 1975 1182 2035 notum

50 2099 130 2160 esse,
149 2087 242 2146 terra
259 2090 372 2148 nostra
391 2093 525 2169 propter
551 2107 687 2168 guerras
704 2088 737 2147 et
760 2081 980 2146 mortalitates
1005 2077 1181 2164 preteritas

46 2189 91 2252 sit
107 2190 252 2255 multum
268 2192 411 2274 spoliata
439 2199 473 2259 et
503 2195 664 2259 diminuta
688 2191 808 2256 talibus
833 2188 1033 2268 ballistariis,
1059 2205 1181 2268 nosque

46 2316 110 2358 non
129 2318 242 2362 sumus
269 2300 359 2364 soliti
384 2299 475 2382 velle,
501 2300 589 2383 quod
615 2297 847 2382 disperdantur
871 2317 929 2379 per
954 2293 1036 2360 alias
1061 2297 1180 2376 partes,

45 2405 126 2483 quia
144 2409 223 2467 sunt
238 2404 376 2470 multum
392 2408 567 2472 necessarii
583 2407 684 2471 statui
701 2410 831 2486 nostro;
847 2411 958 2469 tamen
983 2399 1024 2465 ob
1041 2405 1182 2464 contem·

41 2509 230 2593 plationem
246 2513 347 2596 ipsius
364 2513 486 2579 domini
504 2513 640 2581 Comitis
656 2513 681 2578 J
682 2513 829 2593 ohannis,
846 2517 879 2576 et
895 2517 931 2576 ut
956 2509 1065 2574 videat
1082 2509 1182 2572 since-

41 2639 115 2683 ram
144 2616 392 2700 dispositionem
416 2627 570 2704 nostram,
596 2641 706 2687 sumus
732 2621 886 2700 contenti,
912 2615 1181 2700 quandocumque

41 2723 105 2791 sibi
128 2747 263 2793 necesse
280 2728 388 2812 fuerit,
413 2730 500 2814 qnod
525 2730 629 2813 possit
655 2730 778 2795 soldari
802 2727 910 2792 lacere
937 2724 1180 2809 quinquaginta

40 2835 249 2901 ballistarios
265 2858 323 2919 pro
340 2839 478 2920 pecunia
494 2859 560 2920 sua,
577 2846 610 2903 et
628 2838 808 2903 conducere
833 2835 876 2900 ad
900 2835 973 2900 loca
998 2853 1066 2914 sua,
1092 2831 1176 2896 sicut

40 2945 200 3028 requirit.
1091 3009 1093 3014 ,

156 3049 215 3115 Ad
231 3051 402 3118 secundam
419 3055 594 3136 partemde
611 3052 808 3135 bombardis,
820 3073 900 3135 quas
911 3048 1050 3133 requirit
1059 3050 1173 3110 mutuo

36 3183 58 3226 a
75 3165 196 3225 nostro
213 3157 402 3243 Communi;
419 3161 661 3246 respondeatur,
678 3162 764 3244 quod
782 3161 825 3226 ad
849 3179 982 3244 presens
1000 3154 1179 3222 Commune

37 3273 197 3333 nostrum
213 3275 261 3333 est
276 3270 361 3336 male
376 3268 524 3336 fulcitum
541 3271 636 3336 dictis
652 3269 849 3350 bomdardis,
875 3268 952 3352 quia
967 3266 1069 3332 multe
1085 3263 1179 3331 nobis

35 3377 228 3441 necessarie
245 3375 376 3442 fuerunt
391 3380 424 3443 in
443 3377 631 3458 Terrisana,
657 3399 755 3460 quarn
780 3378 907 3441 noviter
933 3375 1116 3454 habuimus,
1146 3381 1179 3438 et

34 3485 131 3550 omni
150 3481 204 3547 die
221 3482 290 3549 fieri
306 3484 464 3551 faciamus
481 3485 520 3550 de
538 3485 628 3567 allis;
654 3486 711 3550 sed
728 3486 874 3550 dominus
897 3483 1013 3550 Comes
1029 3483 1111 3548 bene
1128 3483 1176 3547 in·

32 3592 153 3656 reniet
170 3591 211 3656 de
228 3592 322 3657 eisin
339 3591 497 3674 Venetiis,
524 3593 565 3658 de
591 3593 708 3676 quibus
734 3593 804 3656 fieri
829 3593 983 3658 faciemus
1005 3590 1175 3672 bulletnm,

32 3708 68 3766 et
86 3699 248 3765 similiter
265 3700 305 3765 de
322 3702 463 3767 ballistis
480 3709 511 3766 et
522 3703 630 3785 armis,
643 3723 704 3784 que
721 3700 783 3765 sibi
798 3701 920 3766 luerint
937 3707 1133 3783 opportuna.

151 3805 364 3873 Adulteram
381 3815 509 3893 partem
526 3808 566 3873 de
582 3810 730 3892 pecunia,
755 3830 853 3890 quam
879 3809 1017 3891 requirit
1033 3828 1053 3871 a
1078 3806 1171 3873 nobis

28 3923 155 3982 mutuo
172 3919 251 3996 etc.;
268 3917 502 3999 respondeatur
512 3918 574 4000 ipsi
585 3913 714 3981 Nunnio
724 3937 797 3980 cnm
812 3916 878 3981 illis
894 3916 1009 4000 verbis,
1026 3937 1088 3999 que
1104 3915 1173 3981 Do-

28 4033 126 4098 mino
147 4027 351 4106 videbuntur,
368 4025 551 4090 excusando
567 4047 601 4091 se
618 4025 657 4090 de
675 4023 736 4088 hoc
752 4031 886 4108 propter
904 4025 1019 4106 longas
1036 4045 1171 4107 guerras
1253 4051 1256 4058 ·

28 4147 174 4206 nostras
191 4142 225 4201 et
240 4135 387 4202 infinitas
403 4155 569 4220 expensas,
586 4155 667 4218 quas
682 4133 770 4218 passi
795 4132 923 4215 luimus
941 4133 989 4198 ita
1005 4131 1094 4214 quod
1109 4152 1173 4198 non

29 4253 164 4338 gravet
181 4267 240 4312 nos
256 4245 296 4311 de
311 4243 382 4311 hoc.

58 4417 66 4426 ·
123 4365 127 4374 ¹
171 4391 205 4454 (A
223 4391 332 4442 »luisti«
349 4391 440 4442 czimlt
452 4390 595 4440 volenczei
608 4388 789 4452 nllamkonyv
804 4387 876 4438 XLI.
890 4388 948 4437 klit.
965 4390 1006 4436 97.
1019 4387 1051 4450 l.)

534 4548 693 4562 m
