3182 5252
553 424 558 432 ·
583 403 678 484 laet.
1130 399 1192 483 559

67 595 122 675 tis3
147 595 209 660 imo
234 596 261 660 si
289 580 347 661 hec
373 600 511 664 tractari
539 620 596 663 seu
620 598 790 680 procurari
817 597 978 678 sciverint,
994 618 1052 680 pro
1069 598 1192 664 viribus

66 702 215 766 resistent
231 709 263 765 et
279 705 478 787 possibiliter
494 705 679 771 obviabunt.
698 706 741 769 Et
757 705 784 769 si
799 705 902 788 aliqui
924 704 1066 785 Ragusci
1098 705 1193 786 cives,

66 806 256 891 habitatore,
272 818 303 874 et
320 811 440 878 subditi
467 812 609 896 predicti
631 817 824 896 poterentur
850 819 909 877 aut
924 813 1128 877 incurrerent
1143 832 1193 875 oc·

67 917 192 983 rasione
210 919 359 1002 predicta
374 921 409 985 in
424 919 557 1004 aliquod
574 921 759 1004 dampnum,
776 942 933 1004 expensas
954 926 1013 984 aut
1029 919 1211 1000 interesse„

65 1024 283 1107 promiserunt
308 1029 370 1111 ipsi
395 1050 507 1094 onmes
533 1028 628 1094 simul
645 1035 677 1092 et
693 1029 832 1111 quilibet
858 1050 968 1094 eorum
985 1030 1019 1093 in
1045 1027 1193 1108 solidum,

64 1152 100 1196 ea
116 1131 301 1218 dampnum,
317 1157 476 1220 expensas
493 1142 526 1201 et
542 1138 698 1202 interesse
723 1134 856 1201 reficere
873 1142 906 1200 et
922 1137 1094 1202 restituere
1111 1132 1193 1197 inte-

5 1263 6 1266 *
65 1240 211 1322 graliter,
226 1247 260 1308 et
277 1245 405 1308 eosdem
432 1242 535 1310 modis
562 1244 710 1309 omnibus
735 1242 924 1326 indempnes
950 1263 1088 1307 servare.
1104 1242 1191 1306 Item

67 1347 205 1429 predicti
230 1348 366 1417 Nobiles
401 1369 511 1416 omnes
538 1357 570 1416 et
594 1351 714 1433 singuli
748 1357 824 1416 ante
851 1357 883 1415 et
913 1355 988 1433 post
1018 1351 1218 1416 relaxatio.

67 1476 136 1520 nem
153 1455 213 1520 sub
230 1456 350 1522 virtute
368 1459 564 1524 sacramenti
583 1459 811 1542 promiserunt,
828 1459 916 1541 quod
931 1479 991 1522 nec
1007 1457 1067 1541 ipsi
1085 1459 1191 1539 simul,
1254 1445 1255 1448 ¹

68 1583 123 1627 nec
139 1563 245 1645 aliqui
271 1585 381 1630 eorum
398 1589 515 1650 perse,
533 1568 565 1631 in
583 1567 694 1648 aliqua
711 1564 814 1631 Ouria
830 1565 994 1650 spirituali
1007 1566 1058 1631 vel
1068 1573 1191 1649 tempo-

68 1670 136 1751 rali,
148 1671 273 1736 scilicet
284 1671 406 1738 domini
422 1674 522 1758 Pape,
540 1674 762 1757 Imperatoris,
779 1673 882 1756 Regis
898 1695 954 1738 seu
971 1673 1109 1756 Regum,
1125 1673 1190 1738 Re·

63 1778 134 1860 gino
153 1777 206 1844 vel
226 1777 434 1862 Reginarum,
451 1803 511 1847 nec
525 1782 663 1865 alicujus
690 1779 943 1846 communitatis
970 1781 1070 1845 totius
1088 1779 1187 1848 Orbis

62 1906 114 1949 seu
131 1886 156 1950 J
158 1885 308 1951 udicibus
324 1890 509 1966 eorundem,
538 1911 596 1972 per
613 1909 645 1953 se
662 1890 711 1953 vel
728 1888 828 1953 alium
845 1909 902 1953 seu
920 1887 1002 1952 alios
1020 1888 1115 1952 modo
1132 1889 1191 1954 ali-

63 2015 123 2076 quo
149 1994 203 2060 vel
229 1996 359 2079 ingenio
389 2017 581 2079 quocunque
607 1996 712 2062 colore
737 2016 793 2060 seu
814 1995 944 2061 cautela
960 1994 1116 2077 possibili,
1133 2003 1192 2061 aut

60 2105 248 2186 exceptione
274 2104 323 2167 vel
349 2105 532 2171 obviatione
558 2124 693 2188 prorsus
719 2103 857 2187 abjectis
883 2125 946 2168 non
967 2105 1192 2187 postulabunt,

60 2231 164 2294 neque
183 2212 436 2295 intemptabunt,
454 2235 510 2277 seu
528 2213 718 2296 intemptari
735 2213 783 2278 vel
800 2211 960 2296 postulari
985 2212 1107 2276 facient
1125 2235 1191 2276 res·

60 2319 246 2384 titutionem
271 2319 320 2384 rel
348 2320 682 2403 recompensationem
707 2320 891 2402 aliquorum
917 2319 1075 2384 bonorum
1093 2326 1125 2383 et
1142 2342 1192 2385 re-

60 2445 137 2510 rum,
153 2449 214 2511 per
229 2446 283 2492 eos
299 2435 354 2492 aut
371 2449 483 2492 eorum
500 2428 640 2493 alterum
655 2428 872 2511 predictorum
889 2427 931 2492 ab
948 2430 995 2493 eis
1012 2429 1062 2492 vel
1079 2450 1189 2493 eorum

60 2534 167 2619 aliquo
184 2534 368 2601 ablatorum
393 2557 452 2618 per
476 2536 619 2619 aliquem
645 2535 834 2619 Raguseum
860 2558 918 2602 seu
934 2537 1117 2618 RaguseoS,
1135 2557 1191 2600 seu

60 2663 116 2724 pro
133 2650 228 2728 parte
245 2667 356 2710 eorum
373 2650 519 2728 tempore
536 2665 592 2708 sue
609 2644 777 2727 captionis,
794 2666 853 2709 nec
869 2648 971 2712 ceiam
992 2651 1114 2727 petent,
1131 2666 1190 2708 nec

58 2757 166 2832 petere
194 2753 414 2835 procurabunt
440 2774 497 2835 per
523 2773 557 2816 se
583 2752 632 2817 vel
657 2753 756 2816 alium
783 2759 851 2831 etc,
869 2760 905 2817 ut
923 2773 1030 2835 supra,
1057 2753 1190 2834 aliquod

60 2857 236 2943 dampnum
252 2862 302 2925 vel
318 2861 475 2926 interesse
502 2882 559 2925 seu
583 2882 759 2943 gravamen
775 2861 822 2924 eis
839 2861 888 2925 vel
905 2881 1014 2925 eorum
1040 2860 1136 2925 alteri
1152 2859 1190 2925 il-

58 2966 134 3048 lata,
159 2975 219 3033 aut
244 2990 306 3053 que
333 2970 378 3034 eis
405 2969 570 3034 evenerint
596 2989 656 3050 pro
682 2977 777 3051 parte
794 2968 1030 3051 Raguseorum.
1059 2967 1115 3032 Ad
1131 2967 1190 3034 hec

58 3080 163 3141 autem
180 3078 289 3142 animo
315 3099 349 3142 se
365 3075 533 3158 obligandi
558 3077 786 3159 promiserunt,
803 3098 838 3140 se
854 3077 900 3140 sic
925 3075 1034 3140 facere
1051 3082 1083 3138 et
1100 3073 1186 3139 ordi-

59 3202 146 3264 nare,
164 3182 253 3266 quod
277 3184 386 3249 nullus
411 3205 523 3248 eorum
549 3182 709 3248 Dominus
735 3185 785 3247 vel
811 3184 895 3249 alius
920 3205 1033 3248 eorum
1058 3185 1186 3248 nomine

58 3291 154 3357 modo
170 3292 282 3375 aliquo
308 3292 491 3376 postulabit
515 3292 699 3374 dampnum,
725 3291 860 3372 aliquod
877 3292 1031 3356 interesse
1047 3290 1098 3356 vel
1114 3312 1189 3373 gra-

39 3418 173 3466 ¹namen
192 3403 358 3467 occasione
383 3401 533 3484 predicta
557 3400 660 3480 illata,
687 3399 736 3463 vel
762 3421 825 3480 que
843 3399 1019 3482 evenerint,
1036 3404 1073 3462 ut
1089 3395 1187 3490 modo

57 3504 179 3572 dictum
197 3515 253 3573 est.
270 3508 452 3574 Nascentes
469 3507 600 3574 indubie
617 3515 650 3572 et
667 3508 846 3573 certissime
863 3509 1010 3588 scientae,
1024 3507 1110 3589 quod
1121 3507 1186 3570 Ra-

57 3615 145 3695 gusei
163 3637 230 3681 non
246 3615 381 3683 luissent
397 3619 478 3682 moti
494 3616 648 3682 adversus
665 3637 728 3694 eos,
746 3616 773 3678 si
790 3636 903 3678 eorum
919 3622 951 3679 et
968 3636 1099 3679 suorum
1115 3635 1188 3698 per·

58 3742 143 3800 sone,
160 3724 292 3809 barche,
309 3748 442 3807 merces,
468 3731 501 3791 et
527 3727 612 3790 bona
628 3745 693 3789 non
710 3723 845 3790 fuissent
861 3745 959 3788 mauu
975 3724 1117 3789 violenta
1134 3745 1188 3806 op·

57 3848 175 3914 presse,
192 3835 354 3918 captivate
380 3841 412 3898 et
438 3833 555 3900 oblate.
581 3833 658 3898 Non
675 3834 759 3896 euim
776 3835 884 3898 animo
902 3831 1032 3898 ledendi
1048 3853 1112 3912 ece,
1128 3852 1187 3895 nec

58 3937 102 4002 eis
121 3940 305 4027 'dampnum
332 3943 464 4025 aliquod
490 3939 660 4020 inferendi,
686 3948 801 4006 contra
828 3963 882 4006 eos
906 3941 985 4005 moti
1012 3946 1104 4019 sunt,
1129 3937 1185 4002 sed

5 4097 7 4108 .
58 4048 163 4113 auimo
180 4056 213 4113 et
230 4051 338 4133 gratia
354 4049 565 4134 recuperandi
582 4070 735 4131 personas
747 4073 878 4117 suorum
889 4051 1005 4113 civium
1016 4047 1184 4113 Nobilium

57 4164 88 4220 et
103 4157 242 4223 aliorum
259 4146 373 4224 contra
399 4181 494 4224 omne
515 4157 600 4242 juris
627 4157 772 4222 debitum
798 4159 987 4241 captivatos,
1005 4165 1037 4221 et
1053 4177 1184 4236 merces,

56 4285 106 4328 res
124 4273 158 4331 et
174 4266 260 4331 bona
285 4271 394 4333 eorum
421 4269 580 4332 violenter
606 4265 727 4346 ablata,
745 4273 778 4330 et
794 4287 857 4329 non
874 4267 940 4330 alia
957 4266 996 4330 de
1012 4285 1112 4329 causa
1128 4284 1183 4328 eos

56 4373 193 4440 insecuti
210 4380 293 4457 sunt,
311 4378 473 4459 capientes
489 4373 619 4439 eosdem
632 4380 663 4438 ct
673 4375 887 4457 captivantes
904 4381 934 4438 et
952 4377 1063 4459 gratia
1077 4373 1180 4436 vitan·

56 4481 87 4545 di
104 4483 247 4566 dampna
264 4490 296 4547 et
313 4481 499 4548 discrimina
515 4481 687 4565 possibilia
703 4479 895 4564 detinentes,
913 4508 1022 4551 eorum
1040 4485 1183 4552 onmium

57 4590 249 4671 precedente
276 4590 380 4673 culpa,
405 4591 548 4671 dampna
563 4589 653 4672 passi
671 4597 753 4654 suut.
780 4588 1006 4662 Promiscrunt
1021 4599 1120 4660 eciam
1133 4593 1183 4678 ju-
