3210 5252
576 397 670 469 1374.

598 714 649 774 ea.
746 673 749 680 ⁴

5 835 7 846 .
73 869 119 934 ll'.
144 870 271 955 Kdroly
296 873 497 934 csdeedrnat·
530 873 588 935 XI.
614 873 751 958 Gerpety
774 876 876 957 pdpa,
901 874 985 958 kopp
1011 895 1050 936 aa
1080 873 1187 938 Attae

5 1013 7 1060 3
72 979 220 1042 curatrici
230 979 370 1062 kerczep,
381 979 414 1041 c's
430 977 604 1042 Violaoczu
621 979 766 1044 Visconti
776 979 970 1044 Galeaznat
981 981 1098 1066 lednya
1115 983 1187 1046 ledet

132 1097 274 1150 teroezctt
291 1089 484 1168 brtzossrtpot
502 1088 772 1174 atmlclyoermnt
789 1087 983 1174 ipyekeeae'lc.
1010 1091 1115 1154 1374,

163 1243 345 1329 Gregorius
371 1245 552 1330 Episcopus
579 1269 690 1313 servus
707 1269 873 1312 serrorum
892 1246 954 1311 Dei
971 1249 1140 1314 carissimo
1157 1251 1189 1313 in

73 1349 186 1418 [bristo
201 1353 268 1418 filio
286 1351 410 1418 Carolo
427 1353 648 1420 Romanorum
667 1355 865 1438 Imperatori
883 1353 1018 1438 Semper
1035 1355 1189 1440 Augusto

5 1497 7 1518 r
73 1461 193 1526 salutem
210 1467 243 1525 et
258 1461 486 1544 Apostolicam
503 1459 770 1528 benedictionem.
794 1459 937 1544 Dudum,
953 1461 998 1526 fili
1016 1465 1189 1540 carissime,

74 1591 131 1634 cum
148 1571 360 1640 sensissemus
386 1569 550 1653 fidedigno
576 1571 692 1652 relatu,
709 1571 796 1654 quod
815 1567 939 1636 Galean
956 1571 995 1636 de
1011 1566 1189 1637 Vicecomi·

5 1717 10 1772 Ξ
73 1677 147 1742 tibus
165 1677 204 1742 de
221 1675 412 1744 Mediolano
440 1677 537 1742 solita
555 1700 614 1744 sua
627 1680 869 1762 presumptione
891 1677 1085 1760 temptabat,
1101 1679 1187 1762 quod

5 1787 7 1822 l
73 1786 128 1849 rins
143 1785 209 1850 filia
226 1784 345 1850 dilecto
361 1785 429 1851 filio
446 1784 547 1850 nobili
573 1787 642 1850 riro
664 1785 804 1851 Alberto
821 1785 906 1850 Duci
924 1783 1061 1850 Austris
1078 1787 1188 1850 matri-

5 1893 6 1912 Ξ
70 1892 240 1957 mentaliter
265 1891 496 1976 copularetur;
521 1891 610 1974 quod
636 1913 695 1956 nec
711 1891 860 1957 Romane
877 1891 1033 1973 Ecclesie,
1050 1913 1108 1956 nec
1124 1892 1188 1957 Im·

71 2000 156 2080 perio,
171 2020 230 2064 nec
247 2000 346 2064 etiam
363 2005 420 2062 tuo
437 1999 553 2082 Regno
570 1999 704 2065 Boemie
721 1999 907 2082 expediret;
931 2019 989 2064 nec
1006 2001 1105 2064 etiam
1116 2021 1188 2083 pos·

5 2121 7 2204 ζ
72 2113 110 2171 set
134 2106 219 2171 licite
244 2106 325 2189 lieri,
350 2127 424 2170 cum
450 2105 654 2190 exigentibus
680 2107 783 2190 culpis
815 2107 1017 2190 grauissimis
1044 2108 1186 2173 eiusdem

5 2207 7 2244 Ξ
72 2210 181 2280 Galeas
207 2221 240 2280 et
264 2212 471 2279 Bernabonis
497 2213 611 2279 fratris
636 2217 695 2298 sui,
721 2217 933 2298 pessimorum
960 2213 1186 2294 Tirannorum,

5 2303 7 2354 3
71 2321 163 2385 omnia
177 2321 389 2386 matrimonia
415 2323 544 2385 snorum
572 2327 722 2386 natorum
740 2329 774 2386 et
790 2329 940 2387 natarum
967 2343 1037 2386 cum
1055 2321 1187 2404 quibus-

73 2447 183 2511 cunque
199 2425 415 2513 Magnetibus
442 2429 506 2493 sint
533 2450 590 2512 por
616 2438 745 2495 nostroe
770 2449 949 2514 processus
967 2451 1045 2511 quos
1063 2427 1182 2494 dudum

5 2563 7 2632 3
70 2536 185 2615 'publice
200 2537 342 2618 lecimus,
359 2537 543 2618 interdicta,
560 2545 591 2602 et
610 2558 674 2603 non
691 2545 776 2603 esset
791 2539 1034 2604 matrimonium
1046 2537 1102 2601 sed
1114 2558 1185 2602 cou-

5 2639 8 2712 Ξ
72 2644 240 2709 tuberninm
266 2643 512 2726 detestandum
534 2646 705 2728 ipsumque
730 2643 857 2710 Ducem
882 2650 948 2710 tam
966 2665 1004 2710 ex
1021 2663 1079 2709 sua
1096 2645 1186 2710 boui-

5 2733 8 2834 Ξ
72 2755 138 2829 tate,
154 2773 248 2834 quam
265 2773 305 2818 ex
320 2760 380 2817 tna
396 2752 584 2819 inductione
611 2755 745 2833 sincera,
762 2760 909 2818 nostrum
926 2760 959 2818 et
975 2751 1058 2816 dicte
1074 2752 1186 2818 Eccle-

5 2853 8 2914 ἑ
72 2859 111 2922 sie
133 2859 226 2925 lilium
253 2860 410 2924 deuotum
437 2865 669 2942 reputaremus,
694 2865 792 2944 prout
817 2865 1026 2943 reputamus;
1058 2861 1184 2942 etipse

5 2971 8 3052 ζ
72 2964 146 3048 Dur,
161 2976 191 3033 et
206 2970 306 3034 etiam
332 2967 470 3033 dilectus
490 2967 575 3032 filius
592 2968 712 3035 nobilis
729 2969 777 3032 vir
794 2967 983 3051 Leupoldus
998 2967 1101 3032 frater
1117 2969 1185 3031 eius

71 3077 162 3156 sepius
184 3075 276 3142 nobis
302 3076 515 3159 scripsissent,
540 3082 572 3140 et
598 3072 734 3141 Nuntiis
760 3078 883 3142 nostris
911 3077 1078 3156 dixissent,
1097 3073 1184 3157 quod

5 3233 7 3252 Ξ
72 3203 217 3266 nunquam
233 3185 385 3251 lacerent
400 3184 553 3250 Tirannis
569 3183 700 3266 eisdem,
724 3207 797 3269 ymo
814 3185 907 3250 nobis
923 3186 1045 3249 seruire
1060 3184 1183 3266 magni-

72 3289 121 3354 fice
135 3294 226 3358 etiem
252 3313 325 3356 cum
351 3311 490 3374 persona
505 3292 639 3356 alterius
656 3312 766 3356 eorum
783 3290 976 3356 obtulissent
991 3289 1183 3374 promptitu-

5 3409 7 3432 ¹
72 3396 135 3462 dine
149 3399 246 3466 filiali.
272 3401 318 3466 Et
345 3405 519 3483 propterea
535 3421 601 3464 non
618 3399 839 3482 credebamus,
858 3399 946 3482 quod
962 3398 1047 3463 idem
1064 3397 1181 3464 Alber-

72 3509 116 3568 tus
130 3506 167 3570 ad
182 3506 261 3572 talia
278 3505 463 3570 indecentia
480 3527 575 3572 aures
593 3527 649 3571 sue
665 3506 822 3589 puritatis
838 3506 1019 3571 inclinaret.
1035 3503 1180 3570 Nichilo·

74 3613 164 3692 ninus
178 3619 296 3696 tamen,
313 3614 391 3698 quie
406 3634 510 3697 praua
525 3621 753 3698 corruptorum
770 3614 904 3679 consilia
912 3634 988 3697 sepe
999 3613 1182 3696 deprauant

73 3726 100 3784 et
112 3743 212 3788 errare
228 3723 352 3789 faciunt
368 3729 491 3787 mentes
508 3744 617 3806 puras,
634 3730 667 3787 et
682 3730 773 3788 tuum
790 3744 905 3788 sanum
916 3722 1085 3787 consilium
1102 3743 1182 3805 erga

71 3827 161 3908 ipsum
176 3829 348 3898 Albertum
365 3831 498 3912 Ducem,
517 3852 610 3913 quem
627 3835 663 3896 ut
679 3833 770 3914 prius
787 3851 897 3896 carum
908 3827 1010 3894 filium
1022 3829 1093 3893 Tuo
1105 3825 1181 3892 Cul-

73 3935 137 4000 mini
159 3939 392 4018 extimauimus,
417 3937 552 4002 multum
578 3939 686 4004 valere
716 3960 781 4004 non
812 3937 945 4020 indigne
976 3937 1181 4020 putauimus3

73 4037 260 4125 Imperialem
277 4043 497 4111 Serenitetem
514 4046 701 4129 rogauimus
717 4045 885 4126 attentius,
901 4043 986 4125 quod
1003 4041 1090 4127 apud
1106 4064 1180 4109 eun·

73 4143 133 4214 (lem
147 4151 275 4236 Ducem,
292 4157 319 4219 si
336 4153 513 4238 expediret,
529 4154 705 4220 efficaciter
720 4153 913 4238 operareris,
928 4151 1012 4235 quod
1030 4152 1056 4216 si
1072 4152 1119 4216 ita
1134 4173 1181 4216 es·

73 4262 121 4336 set,
134 4260 246 4326 talibus
262 4259 536 4344 temptacionibus
552 4262 682 4326 minime
695 4261 925 4344 acquiesceret,
935 4279 1009 4343 ymo
1021 4263 1181 4342 temptan-

73 4367 115 4426 tes
129 4365 237 4434 debitis
252 4369 536 4453 obiurgationibus
561 4369 675 4452 procul
696 4369 843 4452 pelleret,
859 4373 891 4431 et
908 4371 981 4450 post
996 4365 1095 4431 filiam
1112 4368 1180 4449 glo-

72 4468 139 4534 riosi
160 4472 369 4559 Imperatoria
394 4495 457 4540 non
474 4477 635 4560 reciperet
650 4475 690 4542 de
706 4477 792 4541 facto
818 4474 917 4538 filiam
934 4473 1009 4538 talis
1028 4473 1104 4553 viri3
1120 4491 1179 4557 per

72 4572 124 4640 boc
137 4579 236 4648 dando
252 4583 390 4666 gloriam
416 4589 449 4647 et
476 4581 620 4648 fauorem
637 4583 768 4648 inimico
783 4583 867 4648 dicte
882 4580 1027 4645 Ecclesia
1043 4601 1081 4644 ac
1097 4583 1184 4648 melo

111 4713 168 4751 Ιῡῖ.
182 4718 260 4754 susa.
275 4719 343 4754 BlST.
359 4729 403 4741 *-
420 4718 486 4754 ACTA
504 4721 563 4756 BH.
580 4721 619 4755 111.
1051 4691 1070 4750 5
