<?xml version="1.0" encoding="UTF-8"?>
<!DOCTYPE html PUBLIC "-//W3C//DTD XHTML 1.0 Transitional//EN"
    "http://www.w3.org/TR/xhtml1/DTD/xhtml1-transitional.dtd">
<html xmlns="http://www.w3.org/1999/xhtml" xml:lang="en" lang="en">
 <head>
  <title>
</title>
<meta http-equiv="Content-Type" content="text/html;charset=utf-8" />
  <meta name='ocr-system' content='tesseract 3.04.00' />
  <meta name='ocr-capabilities' content='ocr_page ocr_carea ocr_par ocr_line ocrx_word'/>
</head>
<body>
  <div class='ocr_page' id='page_1' title='image "./magyardiplomacz00wenzgoog_0550.png"; bbox 0 0 3182 5252; ppageno 0'>
   <div class='ocr_carea' id='block_1_1' title="bbox 413 381 1185 470">
    <p class='ocr_par' dir='ltr' id='par_1_1' title="bbox 413 381 1185 470">
     <span class='ocr_line' id='line_1_1' title="bbox 413 381 1185 470; baseline 0 -28"><span class='ocrx_word' id='word_1_1' title='bbox 413 381 477 444; x_wconf 84' lang='lat'>530</span> <span class='ocrx_word' id='word_1_2' title='bbox 766 395 1001 444; x_wconf 78' lang='lat' dir='ltr'>announczrnr</span> <span class='ocrx_word' id='word_1_3' title='bbox 1018 383 1185 470; x_wconf 74' lang='lat' dir='ltr'>nmtnnn.</span> 
     </span>
    </p>
   </div>
   <div class='ocr_carea' id='block_1_2' title="bbox 401 555 1590 4624">
    <p class='ocr_par' dir='ltr' id='par_1_2' title="bbox 401 555 1590 4624">
     <span class='ocr_line' id='line_1_2' title="bbox 411 555 1534 643; baseline -0.001 -19"><span class='ocrx_word' id='word_1_4' title='bbox 411 564 444 624; x_wconf 88' lang='lat' dir='ltr'>et</span> <span class='ocrx_word' id='word_1_5' title='bbox 460 559 627 643; x_wconf 80' lang='lat' dir='ltr'>precipere</span> <span class='ocrx_word' id='word_1_6' title='bbox 644 557 859 640; x_wconf 78' lang='lat' dir='ltr'>dignarentur</span> <span class='ocrx_word' id='word_1_7' title='bbox 885 557 1008 622; x_wconf 89' lang='lat' dir='ltr'>eisdem</span> <span class='ocrx_word' id='word_1_8' title='bbox 1023 559 1162 624; x_wconf 89' lang='lat' dir='ltr'>dominis</span> <span class='ocrx_word' id='word_1_9' title='bbox 1180 609 1186 622; x_wconf 95' lang='lat'>.</span> <span class='ocrx_word' id='word_1_10' title='bbox 1204 611 1210 623; x_wconf 93' lang='lat'><strong>.</strong></span> <span class='ocrx_word' id='word_1_11' title='bbox 1228 608 1235 622; x_wconf 89' lang='lat'>.</span> <span class='ocrx_word' id='word_1_12' title='bbox 1253 557 1460 626; x_wconf 86' lang='lat' dir='ltr'>Officialibus</span> <span class='ocrx_word' id='word_1_13' title='bbox 1477 555 1534 623; x_wconf 73' lang='lat' dir='ltr'>Ga</span> 
     </span>
     <span class='ocr_line' id='line_1_3' title="bbox 411 663 1539 750; baseline -0.002 -18"><span class='ocrx_word' id='word_1_14' title='bbox 411 687 499 732; x_wconf 91' lang='lat' dir='ltr'>mere</span> <span class='ocrx_word' id='word_1_15' title='bbox 514 663 698 746; x_wconf 77' lang='lat' dir='ltr'>Frumenti,</span> <span class='ocrx_word' id='word_1_16' title='bbox 712 665 802 749; x_wconf 90' lang='lat' dir='ltr'>quod</span> <span class='ocrx_word' id='word_1_17' title='bbox 816 687 875 749; x_wconf 90' lang='lat' dir='ltr'>pro</span> <span class='ocrx_word' id='word_1_18' title='bbox 892 665 1069 731; x_wconf 75' lang='lat' dir='ltr'>medietate</span> <span class='ocrx_word' id='word_1_19' title='bbox 1081 666 1239 732; x_wconf 89' lang='lat' dir='ltr'>dictorum</span> <span class='ocrx_word' id='word_1_20' title='bbox 1254 672 1399 750; x_wconf 89' lang='lat' dir='ltr'>quatuor</span> <span class='ocrx_word' id='word_1_21' title='bbox 1408 667 1539 732; x_wconf 87' lang='lat' dir='ltr'>millium</span> 
     </span>
     <span class='ocr_line' id='line_1_4' title="bbox 409 773 1538 858; baseline -0.004 -17"><span class='ocrx_word' id='word_1_22' title='bbox 409 775 602 841; x_wconf 76' lang='lat' dir='ltr'>ducatorum</span> <span class='ocrx_word' id='word_1_23' title='bbox 618 779 829 858; x_wconf 88' lang='lat' dir='ltr'>sequutorum</span> <span class='ocrx_word' id='word_1_24' title='bbox 847 773 930 838; x_wconf 83' lang='lat' dir='ltr'>alias</span> <span class='ocrx_word' id='word_1_25' title='bbox 945 773 985 838; x_wconf 91' lang='lat' dir='ltr'>de</span> <span class='ocrx_word' id='word_1_26' title='bbox 1002 774 1104 857; x_wconf 93' lang='lat' dir='ltr'>prode</span> <span class='ocrx_word' id='word_1_27' title='bbox 1114 774 1276 840; x_wconf 90' lang='lat' dir='ltr'>dictorum</span> <span class='ocrx_word' id='word_1_28' title='bbox 1286 777 1398 841; x_wconf 90' lang='lat' dir='ltr'>decem</span> <span class='ocrx_word' id='word_1_29' title='bbox 1408 775 1538 841; x_wconf 89' lang='lat' dir='ltr'>millium</span> 
     </span>
     <span class='ocr_line' id='line_1_5' title="bbox 409 881 1539 968; baseline 0 -19"><span class='ocrx_word' id='word_1_30' title='bbox 409 885 612 966; x_wconf 88' lang='lat' dir='ltr'>ducatorum,</span> <span class='ocrx_word' id='word_1_31' title='bbox 628 888 661 946; x_wconf 89' lang='lat' dir='ltr'>et</span> <span class='ocrx_word' id='word_1_32' title='bbox 671 881 726 964; x_wconf 88' lang='lat' dir='ltr'>qui</span> <span class='ocrx_word' id='word_1_33' title='bbox 736 902 822 945; x_wconf 91' lang='lat' dir='ltr'>nunc</span> <span class='ocrx_word' id='word_1_34' title='bbox 833 881 873 946; x_wconf 90' lang='lat' dir='ltr'>de</span> <span class='ocrx_word' id='word_1_35' title='bbox 883 881 1018 964; x_wconf 86' lang='lat' dir='ltr'>capitali</span> <span class='ocrx_word' id='word_1_36' title='bbox 1030 883 1098 946; x_wconf 92' lang='lat' dir='ltr'>sine</span> <span class='ocrx_word' id='word_1_37' title='bbox 1108 881 1313 948; x_wconf 91' lang='lat' dir='ltr'>condictione</span> <span class='ocrx_word' id='word_1_38' title='bbox 1323 883 1438 968; x_wconf 88' lang='lat' dir='ltr'>prodis</span> <span class='ocrx_word' id='word_1_39' title='bbox 1450 889 1539 962; x_wconf 75' lang='lat' dir='ltr'>sunt</span> 
     </span>
     <span class='ocr_line' id='line_1_6' title="bbox 412 989 1540 1076; baseline -0.004 -20"><span class='ocrx_word' id='word_1_40' title='bbox 412 992 475 1057; x_wconf 88' lang='lat' dir='ltr'>sibi</span> <span class='ocrx_word' id='word_1_41' title='bbox 492 991 635 1057; x_wconf 91' lang='lat' dir='ltr'>debeant</span> <span class='ocrx_word' id='word_1_42' title='bbox 662 991 702 1055; x_wconf 90' lang='lat' dir='ltr'>de</span> <span class='ocrx_word' id='word_1_43' title='bbox 728 989 856 1055; x_wconf 87' lang='lat' dir='ltr'>ducatis</span> <span class='ocrx_word' id='word_1_44' title='bbox 882 989 1009 1055; x_wconf 91' lang='lat' dir='ltr'>duobus</span> <span class='ocrx_word' id='word_1_45' title='bbox 1026 990 1170 1056; x_wconf 90' lang='lat' dir='ltr'>millibus</span> <span class='ocrx_word' id='word_1_46' title='bbox 1195 992 1402 1076; x_wconf 88' lang='lat' dir='ltr'>respondere,</span> <span class='ocrx_word' id='word_1_47' title='bbox 1428 999 1464 1056; x_wconf 90' lang='lat' dir='ltr'>et</span> <span class='ocrx_word' id='word_1_48' title='bbox 1488 1010 1540 1075; x_wconf 91' lang='lat' dir='ltr'>pro</span> 
     </span>
     <span class='ocr_line' id='line_1_7' title="bbox 411 1096 1541 1184; baseline -0.003 -20"><span class='ocrx_word' id='word_1_49' title='bbox 411 1098 588 1165; x_wconf 87' lang='lat' dir='ltr'>medietate</span> <span class='ocrx_word' id='word_1_50' title='bbox 605 1097 718 1181; x_wconf 89' lang='lat' dir='ltr'>prodis</span> <span class='ocrx_word' id='word_1_51' title='bbox 734 1099 864 1181; x_wconf 91' lang='lat' dir='ltr'>sequuti</span> <span class='ocrx_word' id='word_1_52' title='bbox 880 1096 920 1162; x_wconf 92' lang='lat' dir='ltr'>de</span> <span class='ocrx_word' id='word_1_53' title='bbox 936 1097 1032 1164; x_wconf 89' lang='lat' dir='ltr'>dictis</span> <span class='ocrx_word' id='word_1_54' title='bbox 1053 1098 1165 1164; x_wconf 90' lang='lat' dir='ltr'>decem</span> <span class='ocrx_word' id='word_1_55' title='bbox 1181 1100 1325 1166; x_wconf 88' lang='lat' dir='ltr'>millibus</span> <span class='ocrx_word' id='word_1_56' title='bbox 1342 1101 1475 1166; x_wconf 85' lang='lat' dir='ltr'>ducatis</span> <span class='ocrx_word' id='word_1_57' title='bbox 1491 1121 1541 1184; x_wconf 85' lang='lat' dir='ltr'>per</span> 
     </span>
     <span class='ocr_line' id='line_1_8' title="bbox 413 1205 1542 1292; baseline 0 -20"><span class='ocrx_word' id='word_1_58' title='bbox 413 1229 515 1273; x_wconf 91' lang='lat' dir='ltr'>annos</span> <span class='ocrx_word' id='word_1_59' title='bbox 543 1213 667 1292; x_wconf 83' lang='lat' dir='ltr'>septem</span> <span class='ocrx_word' id='word_1_60' title='bbox 698 1205 831 1290; x_wconf 89' lang='lat' dir='ltr'>petebat</span> <span class='ocrx_word' id='word_1_61' title='bbox 862 1205 997 1271; x_wconf 77' lang='lat' dir='ltr'>ducatos</span> <span class='ocrx_word' id='word_1_62' title='bbox 1022 1207 1110 1273; x_wconf 93' lang='lat' dir='ltr'>mille</span> <span class='ocrx_word' id='word_1_63' title='bbox 1136 1209 1360 1292; x_wconf 88' lang='lat' dir='ltr'>septingentos</span> <span class='ocrx_word' id='word_1_64' title='bbox 1386 1210 1542 1292; x_wconf 90' lang='lat' dir='ltr'>quinqua-</span> 
     </span>
     <span class='ocr_line' id='line_1_9' title="bbox 409 1313 1541 1404; baseline -0.002 -25"><span class='ocrx_word' id='word_1_65' title='bbox 409 1315 509 1399; x_wconf 75' lang='lat' dir='ltr'>ginta,</span> <span class='ocrx_word' id='word_1_66' title='bbox 525 1316 615 1382; x_wconf 89' lang='lat' dir='ltr'>salvo</span> <span class='ocrx_word' id='word_1_67' title='bbox 631 1333 740 1380; x_wconf 90' lang='lat' dir='ltr'>errore</span> <span class='ocrx_word' id='word_1_68' title='bbox 756 1313 896 1404; x_wconf 87' lang='lat' dir='ltr'>chalculi</span> <span class='ocrx_word' id='word_1_69' title='bbox 913 1320 946 1378; x_wconf 89' lang='lat' dir='ltr'>et</span> <span class='ocrx_word' id='word_1_70' title='bbox 967 1315 1116 1379; x_wconf 88' lang='lat' dir='ltr'>omnibus</span> <span class='ocrx_word' id='word_1_71' title='bbox 1141 1316 1214 1380; x_wconf 90' lang='lat' dir='ltr'>aliis</span> <span class='ocrx_word' id='word_1_72' title='bbox 1239 1316 1364 1382; x_wconf 88' lang='lat' dir='ltr'>iuribus</span> <span class='ocrx_word' id='word_1_73' title='bbox 1393 1317 1475 1382; x_wconf 90' lang='lat' dir='ltr'>suis.</span> <span class='ocrx_word' id='word_1_74' title='bbox 1491 1314 1541 1381; x_wconf 81' lang='lat' dir='ltr'>Ad</span> 
     </span>
     <span class='ocr_line' id='line_1_10' title="bbox 410 1421 1535 1507; baseline 0 -19"><span class='ocrx_word' id='word_1_75' title='bbox 410 1445 473 1507; x_wconf 91' lang='lat' dir='ltr'>que</span> <span class='ocrx_word' id='word_1_76' title='bbox 488 1425 613 1491; x_wconf 91' lang='lat' dir='ltr'>nobiles</span> <span class='ocrx_word' id='word_1_77' title='bbox 630 1425 691 1488; x_wconf 87' lang='lat' dir='ltr'>viri</span> <span class='ocrx_word' id='word_1_78' title='bbox 708 1423 830 1488; x_wconf 90' lang='lat' dir='ltr'>domini</span> <span class='ocrx_word' id='word_1_79' title='bbox 847 1421 1009 1488; x_wconf 89' lang='lat' dir='ltr'>Renutius</span> <span class='ocrx_word' id='word_1_80' title='bbox 1025 1423 1137 1492; x_wconf 86' lang='lat' dir='ltr'>Vituri</span> <span class='ocrx_word' id='word_1_81' title='bbox 1154 1432 1188 1506; x_wconf 88' lang='lat' dir='ltr'>et</span> <span class='ocrx_word' id='word_1_82' title='bbox 1203 1423 1374 1490; x_wconf 85' lang='lat' dir='ltr'>Johannes</span> <span class='ocrx_word' id='word_1_83' title='bbox 1392 1424 1535 1491; x_wconf 76' lang='lat' dir='ltr'>Seriane</span> 
     </span>
     <span class='ocr_line' id='line_1_11' title="bbox 410 1529 1541 1618; baseline -0.002 -20"><span class='ocrx_word' id='word_1_84' title='bbox 410 1529 576 1598; x_wconf 85' lang='lat' dir='ltr'>Officiales</span> <span class='ocrx_word' id='word_1_85' title='bbox 595 1531 864 1615; x_wconf 83' lang='lat' dir='ltr'>supramemorati</span> <span class='ocrx_word' id='word_1_86' title='bbox 891 1531 935 1596; x_wconf 90' lang='lat' dir='ltr'>ad</span> <span class='ocrx_word' id='word_1_87' title='bbox 961 1530 1134 1597; x_wconf 86' lang='lat' dir='ltr'>Cameram</span> <span class='ocrx_word' id='word_1_88' title='bbox 1166 1531 1342 1614; x_wconf 74' lang='lat' dir='ltr'>Frumenti,</span> <span class='ocrx_word' id='word_1_89' title='bbox 1367 1532 1541 1618; x_wconf 86' lang='lat' dir='ltr'>superinde</span> 
     </span>
     <span class='ocr_line' id='line_1_12' title="bbox 409 1637 1544 1725; baseline -0.001 -20"><span class='ocrx_word' id='word_1_90' title='bbox 409 1639 651 1725; x_wconf 78' lang='lat' dir='ltr'>respondebant</span> <span class='ocrx_word' id='word_1_91' title='bbox 666 1640 788 1723; x_wconf 88' lang='lat' dir='ltr'>aliqua,</span> <span class='ocrx_word' id='word_1_92' title='bbox 803 1661 866 1722; x_wconf 90' lang='lat' dir='ltr'>que</span> <span class='ocrx_word' id='word_1_93' title='bbox 894 1638 1017 1704; x_wconf 91' lang='lat' dir='ltr'>domini</span> <span class='ocrx_word' id='word_1_94' title='bbox 1041 1637 1066 1704; x_wconf 85' lang='lat' dir='ltr'><strong>J</strong></span> <span class='ocrx_word' id='word_1_95' title='bbox 1068 1637 1177 1705; x_wconf 86' lang='lat' dir='ltr'>udices</span> <span class='ocrx_word' id='word_1_96' title='bbox 1193 1641 1275 1705; x_wconf 92' lang='lat' dir='ltr'>bene</span> <span class='ocrx_word' id='word_1_97' title='bbox 1300 1639 1544 1706; x_wconf 77' lang='lat' dir='ltr'>intellexerrmt.</span> 
     </span>
     <span class='ocr_line' id='line_1_13' title="bbox 409 1745 1543 1834; baseline -0.001 -21"><span class='ocrx_word' id='word_1_98' title='bbox 409 1747 507 1814; x_wconf 89' lang='lat' dir='ltr'>Unde</span> <span class='ocrx_word' id='word_1_99' title='bbox 523 1749 643 1834; x_wconf 81' lang='lat' dir='ltr'>prefati</span> <span class='ocrx_word' id='word_1_100' title='bbox 659 1748 782 1814; x_wconf 91' lang='lat' dir='ltr'>domiui</span> <span class='ocrx_word' id='word_1_101' title='bbox 798 1745 935 1812; x_wconf 88' lang='lat' dir='ltr'>Judices</span> <span class='ocrx_word' id='word_1_102' title='bbox 952 1745 1160 1828; x_wconf 89' lang='lat' dir='ltr'>Petitionum,</span> <span class='ocrx_word' id='word_1_103' title='bbox 1176 1748 1263 1832; x_wconf 82' lang='lat' dir='ltr'>visis,</span> <span class='ocrx_word' id='word_1_104' title='bbox 1280 1747 1404 1813; x_wconf 89' lang='lat' dir='ltr'>auditis</span> <span class='ocrx_word' id='word_1_105' title='bbox 1421 1755 1460 1812; x_wconf 83' lang='lat' dir='ltr'>et</span> <span class='ocrx_word' id='word_1_106' title='bbox 1476 1745 1543 1812; x_wconf 91' lang='lat' dir='ltr'>dili·</span> 
     </span>
     <span class='ocr_line' id='line_1_14' title="bbox 408 1855 1543 1938; baseline 0 -18"><span class='ocrx_word' id='word_1_107' title='bbox 408 1862 520 1938; x_wconf 85' lang='lat' dir='ltr'>genter</span> <span class='ocrx_word' id='word_1_108' title='bbox 530 1856 707 1922; x_wconf 89' lang='lat' dir='ltr'>intellectis</span> <span class='ocrx_word' id='word_1_109' title='bbox 717 1855 1352 1938; x_wconf 73' lang='lat' dir='ltr'>petitionibus,responsionibuS,iuribus</span> <span class='ocrx_word' id='word_1_110' title='bbox 1363 1864 1398 1920; x_wconf 90' lang='lat' dir='ltr'>et</span> <span class='ocrx_word' id='word_1_111' title='bbox 1408 1855 1543 1922; x_wconf 88' lang='lat' dir='ltr'>rationi-</span> 
     </span>
     <span class='ocr_line' id='line_1_15' title="bbox 408 1963 1545 2048; baseline 0 -19"><span class='ocrx_word' id='word_1_112' title='bbox 408 1964 468 2029; x_wconf 92' lang='lat' dir='ltr'>bus</span> <span class='ocrx_word' id='word_1_113' title='bbox 483 1967 628 2048; x_wconf 89' lang='lat' dir='ltr'>partium</span> <span class='ocrx_word' id='word_1_114' title='bbox 644 1965 887 2048; x_wconf 69' lang='lat' dir='ltr'>premissam,</span> <span class='ocrx_word' id='word_1_115' title='bbox 906 1969 940 2028; x_wconf 91' lang='lat' dir='ltr'>et</span> <span class='ocrx_word' id='word_1_116' title='bbox 956 1963 1045 2028; x_wconf 90' lang='lat' dir='ltr'>dicto</span> <span class='ocrx_word' id='word_1_117' title='bbox 1061 1965 1301 2047; x_wconf 87' lang='lat' dir='ltr'>procurationis</span> <span class='ocrx_word' id='word_1_118' title='bbox 1312 1964 1545 2042; x_wconf 82' lang='lat' dir='ltr'>instrumento,</span> 
     </span>
     <span class='ocr_line' id='line_1_16' title="bbox 407 2070 1541 2156; baseline -0.003 -18"><span class='ocrx_word' id='word_1_119' title='bbox 407 2094 446 2138; x_wconf 84' lang='lat' dir='ltr'>ac</span> <span class='ocrx_word' id='word_1_120' title='bbox 461 2074 574 2139; x_wconf 85' lang='lat' dir='ltr'>littera</span> <span class='ocrx_word' id='word_1_121' title='bbox 589 2073 745 2156; x_wconf 89' lang='lat' dir='ltr'>Reginali</span> <span class='ocrx_word' id='word_1_122' title='bbox 757 2070 893 2156; x_wconf 87' lang='lat' dir='ltr'>prelata,</span> <span class='ocrx_word' id='word_1_123' title='bbox 910 2093 948 2136; x_wconf 89' lang='lat' dir='ltr'>ac</span> <span class='ocrx_word' id='word_1_124' title='bbox 963 2071 1113 2154; x_wconf 90' lang='lat' dir='ltr'>deposito</span> <span class='ocrx_word' id='word_1_125' title='bbox 1128 2074 1263 2156; x_wconf 88' lang='lat' dir='ltr'>pecunie</span> <span class='ocrx_word' id='word_1_126' title='bbox 1279 2080 1479 2154; x_wconf 83' lang='lat' dir='ltr'>memorate,</span> <span class='ocrx_word' id='word_1_127' title='bbox 1488 2095 1541 2138; x_wconf 92' lang='lat' dir='ltr'>seu</span> 
     </span>
     <span class='ocr_line' id='line_1_17' title="bbox 406 2177 1546 2264; baseline 0.002 -20"><span class='ocrx_word' id='word_1_128' title='bbox 406 2181 508 2264; x_wconf 88' lang='lat' dir='ltr'>ipsius</span> <span class='ocrx_word' id='word_1_129' title='bbox 525 2181 619 2264; x_wconf 91' lang='lat' dir='ltr'>copia</span> <span class='ocrx_word' id='word_1_130' title='bbox 634 2203 693 2264; x_wconf 92' lang='lat' dir='ltr'>per</span> <span class='ocrx_word' id='word_1_131' title='bbox 703 2180 852 2245; x_wconf 90' lang='lat' dir='ltr'>dominos</span> <span class='ocrx_word' id='word_1_132' title='bbox 865 2177 1028 2244; x_wconf 86' lang='lat' dir='ltr'>Offitiales</span> <span class='ocrx_word' id='word_1_133' title='bbox 1041 2179 1208 2263; x_wconf 88' lang='lat' dir='ltr'>predictos</span> <span class='ocrx_word' id='word_1_134' title='bbox 1218 2181 1252 2243; x_wconf 89' lang='lat' dir='ltr'>in</span> <span class='ocrx_word' id='word_1_135' title='bbox 1263 2178 1366 2245; x_wconf 85' lang='lat' dir='ltr'>Curia</span> <span class='ocrx_word' id='word_1_136' title='bbox 1375 2187 1546 2263; x_wconf 85' lang='lat' dir='ltr'>presenta-</span> 
     </span>
     <span class='ocr_line' id='line_1_18' title="bbox 406 2285 1543 2371; baseline 0.002 -18"><span class='ocrx_word' id='word_1_137' title='bbox 406 2294 451 2369; x_wconf 91' lang='lat' dir='ltr'>ta,</span> <span class='ocrx_word' id='word_1_138' title='bbox 467 2295 500 2354; x_wconf 89' lang='lat' dir='ltr'>et</span> <span class='ocrx_word' id='word_1_139' title='bbox 513 2288 780 2354; x_wconf 88' lang='lat' dir='ltr'>determinatione</span> <span class='ocrx_word' id='word_1_140' title='bbox 793 2287 876 2352; x_wconf 90' lang='lat' dir='ltr'>alias</span> <span class='ocrx_word' id='word_1_141' title='bbox 887 2286 956 2351; x_wconf 87' lang='lat' dir='ltr'>lata</span> <span class='ocrx_word' id='word_1_142' title='bbox 966 2307 1025 2371; x_wconf 90' lang='lat' dir='ltr'>per</span> <span class='ocrx_word' id='word_1_143' title='bbox 1035 2285 1182 2353; x_wconf 89' lang='lat' dir='ltr'>dominos</span> <span class='ocrx_word' id='word_1_144' title='bbox 1192 2287 1217 2354; x_wconf 87' lang='lat' dir='ltr'><strong>J</strong></span> <span class='ocrx_word' id='word_1_145' title='bbox 1219 2287 1330 2352; x_wconf 88' lang='lat' dir='ltr'>udices</span> <span class='ocrx_word' id='word_1_146' title='bbox 1341 2287 1543 2355; x_wconf 88' lang='lat' dir='ltr'>Petitionum</span> 
     </span>
     <span class='ocr_line' id='line_1_19' title="bbox 406 2392 1543 2480; baseline 0.004 -20"><span class='ocrx_word' id='word_1_147' title='bbox 406 2403 441 2461; x_wconf 92' lang='lat' dir='ltr'>et</span> <span class='ocrx_word' id='word_1_148' title='bbox 456 2395 656 2461; x_wconf 84' lang='lat' dir='ltr'>confessione</span> <span class='ocrx_word' id='word_1_149' title='bbox 671 2416 730 2479; x_wconf 92' lang='lat' dir='ltr'>per</span> <span class='ocrx_word' id='word_1_150' title='bbox 745 2394 834 2478; x_wconf 90' lang='lat' dir='ltr'>ipsos</span> <span class='ocrx_word' id='word_1_151' title='bbox 844 2392 992 2461; x_wconf 87' lang='lat' dir='ltr'>dominos</span> <span class='ocrx_word' id='word_1_152' title='bbox 1003 2393 1276 2474; x_wconf 83' lang='lat' dir='ltr'>Offitialeslacta,</span> <span class='ocrx_word' id='word_1_153' title='bbox 1286 2395 1444 2462; x_wconf 88' lang='lat' dir='ltr'>videlicet</span> <span class='ocrx_word' id='word_1_154' title='bbox 1457 2399 1543 2480; x_wconf 90' lang='lat' dir='ltr'>quod</span> 
     </span>
     <span class='ocr_line' id='line_1_20' title="bbox 407 2505 1544 2589; baseline 0.002 -19"><span class='ocrx_word' id='word_1_155' title='bbox 407 2506 498 2571; x_wconf 87' lang='lat' dir='ltr'>ultra</span> <span class='ocrx_word' id='word_1_156' title='bbox 514 2506 636 2572; x_wconf 90' lang='lat' dir='ltr'>dictum</span> <span class='ocrx_word' id='word_1_157' title='bbox 653 2505 835 2589; x_wconf 91' lang='lat' dir='ltr'>depositum</span> <span class='ocrx_word' id='word_1_158' title='bbox 851 2505 991 2588; x_wconf 88' lang='lat' dir='ltr'>primum</span> <span class='ocrx_word' id='word_1_159' title='bbox 1003 2505 1113 2571; x_wconf 89' lang='lat' dir='ltr'>decem</span> <span class='ocrx_word' id='word_1_160' title='bbox 1124 2507 1248 2570; x_wconf 90' lang='lat' dir='ltr'>milium</span> <span class='ocrx_word' id='word_1_161' title='bbox 1264 2506 1464 2573; x_wconf 86' lang='lat' dir='ltr'>ducatorum</span> <span class='ocrx_word' id='word_1_162' title='bbox 1483 2509 1544 2574; x_wconf 76' lang='lat' dir='ltr'>die</span> 
     </span>
     <span class='ocr_line' id='line_1_21' title="bbox 406 2613 1543 2697; baseline 0.004 -19"><span class='ocrx_word' id='word_1_163' title='bbox 406 2621 443 2678; x_wconf 91' lang='lat' dir='ltr'>ta</span> <span class='ocrx_word' id='word_1_164' title='bbox 460 2613 600 2680; x_wconf 81' lang='lat' dir='ltr'>Camere</span> <span class='ocrx_word' id='word_1_165' title='bbox 616 2613 678 2679; x_wconf 89' lang='lat' dir='ltr'>sibi</span> <span class='ocrx_word' id='word_1_166' title='bbox 694 2619 820 2679; x_wconf 88' lang='lat' dir='ltr'>teneret</span> <span class='ocrx_word' id='word_1_167' title='bbox 833 2614 867 2677; x_wconf 90' lang='lat' dir='ltr'>in</span> <span class='ocrx_word' id='word_1_168' title='bbox 879 2613 1006 2678; x_wconf 90' lang='lat' dir='ltr'>ducatis</span> <span class='ocrx_word' id='word_1_169' title='bbox 1018 2620 1159 2697; x_wconf 87' lang='lat' dir='ltr'>quatuor</span> <span class='ocrx_word' id='word_1_170' title='bbox 1169 2615 1301 2680; x_wconf 87' lang='lat' dir='ltr'>milibus</span> <span class='ocrx_word' id='word_1_171' title='bbox 1312 2617 1384 2681; x_wconf 88' lang='lat' dir='ltr'>auri</span> <span class='ocrx_word' id='word_1_172' title='bbox 1395 2617 1450 2681; x_wconf 86' lang='lat' dir='ltr'>vel</span> <span class='ocrx_word' id='word_1_173' title='bbox 1461 2621 1543 2683; x_wconf 86' lang='lat' dir='ltr'>circa</span> 
     </span>
     <span class='ocr_line' id='line_1_22' title="bbox 408 2721 1544 2807; baseline 0.002 -21"><span class='ocrx_word' id='word_1_174' title='bbox 408 2721 555 2806; x_wconf 90' lang='lat' dir='ltr'>sequutis</span> <span class='ocrx_word' id='word_1_175' title='bbox 573 2722 614 2788; x_wconf 91' lang='lat' dir='ltr'>de</span> <span class='ocrx_word' id='word_1_176' title='bbox 631 2725 775 2807; x_wconf 91' lang='lat' dir='ltr'>ipsorum</span> <span class='ocrx_word' id='word_1_177' title='bbox 792 2723 902 2788; x_wconf 78' lang='lat' dir='ltr'>decem</span> <span class='ocrx_word' id='word_1_178' title='bbox 929 2721 1054 2787; x_wconf 90' lang='lat' dir='ltr'>milium</span> <span class='ocrx_word' id='word_1_179' title='bbox 1080 2722 1273 2789; x_wconf 86' lang='lat' dir='ltr'>ducatorum</span> <span class='ocrx_word' id='word_1_180' title='bbox 1300 2724 1460 2806; x_wconf 88' lang='lat' dir='ltr'>utilitate,</span> <span class='ocrx_word' id='word_1_181' title='bbox 1488 2725 1544 2807; x_wconf 90' lang='lat' dir='ltr'>qui</span> 
     </span>
     <span class='ocr_line' id='line_1_23' title="bbox 408 2829 1545 2916; baseline 0 -20"><span class='ocrx_word' id='word_1_182' title='bbox 408 2831 455 2896; x_wconf 92' lang='lat' dir='ltr'>ibi</span> <span class='ocrx_word' id='word_1_183' title='bbox 471 2831 528 2896; x_wconf 92' lang='lat' dir='ltr'>diu</span> <span class='ocrx_word' id='word_1_184' title='bbox 554 2831 623 2894; x_wconf 90' lang='lat' dir='ltr'>sine</span> <span class='ocrx_word' id='word_1_185' title='bbox 649 2829 759 2914; x_wconf 88' lang='lat' dir='ltr'>aliquo</span> <span class='ocrx_word' id='word_1_186' title='bbox 784 2830 887 2915; x_wconf 89' lang='lat' dir='ltr'>prode</span> <span class='ocrx_word' id='word_1_187' title='bbox 912 2838 1145 2911; x_wconf 82' lang='lat' dir='ltr'>remanserunt,</span> <span class='ocrx_word' id='word_1_188' title='bbox 1172 2837 1204 2895; x_wconf 94' lang='lat' dir='ltr'>et</span> <span class='ocrx_word' id='word_1_189' title='bbox 1229 2831 1402 2916; x_wconf 87' lang='lat' dir='ltr'>superinde</span> <span class='ocrx_word' id='word_1_190' title='bbox 1429 2833 1545 2898; x_wconf 85' lang='lat' dir='ltr'>habito</span> 
     </span>
     <span class='ocr_line' id='line_1_24' title="bbox 406 2937 1545 3020; baseline 0 -15"><span class='ocrx_word' id='word_1_191' title='bbox 406 2938 540 3005; x_wconf 86' lang='lat' dir='ltr'>consilio</span> <span class='ocrx_word' id='word_1_192' title='bbox 557 2945 590 3003; x_wconf 90' lang='lat' dir='ltr'>et</span> <span class='ocrx_word' id='word_1_193' title='bbox 606 2937 842 3004; x_wconf 87' lang='lat' dir='ltr'>deliberatione</span> <span class='ocrx_word' id='word_1_194' title='bbox 858 2938 1018 3020; x_wconf 85' lang='lat' dir='ltr'>diligenti,</span> <span class='ocrx_word' id='word_1_195' title='bbox 1035 2938 1113 3003; x_wconf 89' lang='lat' dir='ltr'>dato</span> <span class='ocrx_word' id='word_1_196' title='bbox 1130 2945 1334 3004; x_wconf 89' lang='lat' dir='ltr'>sacramento</span> <span class='ocrx_word' id='word_1_197' title='bbox 1361 2938 1454 3005; x_wconf 87' lang='lat' dir='ltr'>dicto</span> <span class='ocrx_word' id='word_1_198' title='bbox 1481 2943 1545 3007; x_wconf 75' lang='lat' dir='ltr'>Fa</span> 
     </span>
     <span class='ocr_line' id='line_1_25' title="bbox 405 3028 1545 3130; baseline 0 -18"><span class='ocrx_word' id='word_1_199' title='bbox 405 3048 503 3113; x_wconf 91' lang='lat' dir='ltr'>biano</span> <span class='ocrx_word' id='word_1_200' title='bbox 519 3028 726 3130; x_wconf 79' lang='lat' dir='ltr'>procuratori</span> <span class='ocrx_word' id='word_1_201' title='bbox 742 3047 827 3112; x_wconf 90' lang='lat' dir='ltr'>dicte</span> <span class='ocrx_word' id='word_1_202' title='bbox 844 3045 983 3123; x_wconf 91' lang='lat' dir='ltr'>domine,</span> <span class='ocrx_word' id='word_1_203' title='bbox 995 3052 1149 3130; x_wconf 89' lang='lat' dir='ltr'>utsupra,</span> <span class='ocrx_word' id='word_1_204' title='bbox 1165 3047 1293 3110; x_wconf 78' lang='lat' dir='ltr'>tetricis</span> <span class='ocrx_word' id='word_1_205' title='bbox 1311 3045 1391 3112; x_wconf 91' lang='lat' dir='ltr'>dicti</span> <span class='ocrx_word' id='word_1_206' title='bbox 1401 3046 1545 3128; x_wconf 85' lang='lat' dir='ltr'>Nicolai,</span> 
     </span>
     <span class='ocr_line' id='line_1_26' title="bbox 406 3155 1547 3240; baseline 0 -19"><span class='ocrx_word' id='word_1_207' title='bbox 406 3163 440 3221; x_wconf 92' lang='lat' dir='ltr'>et</span> <span class='ocrx_word' id='word_1_208' title='bbox 455 3156 526 3240; x_wconf 93' lang='lat' dir='ltr'>ipso</span> <span class='ocrx_word' id='word_1_209' title='bbox 551 3156 586 3221; x_wconf 92' lang='lat' dir='ltr'>in</span> <span class='ocrx_word' id='word_1_210' title='bbox 612 3156 682 3220; x_wconf 90' lang='lat' dir='ltr'>eius</span> <span class='ocrx_word' id='word_1_211' title='bbox 707 3155 851 3220; x_wconf 88' lang='lat' dir='ltr'>animam</span> <span class='ocrx_word' id='word_1_212' title='bbox 876 3156 1019 3238; x_wconf 89' lang='lat' dir='ltr'>iurante,</span> <span class='ocrx_word' id='word_1_213' title='bbox 1042 3155 1201 3238; x_wconf 88' lang='lat' dir='ltr'>premissa</span> <span class='ocrx_word' id='word_1_214' title='bbox 1226 3155 1333 3219; x_wconf 87' lang='lat' dir='ltr'>omnia</span> <span class='ocrx_word' id='word_1_215' title='bbox 1357 3177 1439 3221; x_wconf 80' lang='lat' dir='ltr'>vera</span> <span class='ocrx_word' id='word_1_216' title='bbox 1467 3157 1547 3238; x_wconf 81' lang='lat' dir='ltr'>iore,</span> 
     </span>
     <span class='ocr_line' id='line_1_27' title="bbox 405 3263 1546 3348; baseline 0.001 -19"><span class='ocrx_word' id='word_1_217' title='bbox 405 3285 516 3329; x_wconf 88' lang='lat' dir='ltr'>ornnes</span> <span class='ocrx_word' id='word_1_218' title='bbox 532 3271 599 3329; x_wconf 89' lang='lat' dir='ltr'>tres</span> <span class='ocrx_word' id='word_1_219' title='bbox 616 3264 793 3329; x_wconf 91' lang='lat' dir='ltr'>concordes</span> <span class='ocrx_word' id='word_1_220' title='bbox 809 3285 868 3348; x_wconf 92' lang='lat' dir='ltr'>per</span> <span class='ocrx_word' id='word_1_221' title='bbox 884 3285 995 3328; x_wconf 90' lang='lat' dir='ltr'>eorum</span> <span class='ocrx_word' id='word_1_222' title='bbox 1011 3264 1170 3330; x_wconf 89' lang='lat' dir='ltr'>iustitiam</span> <span class='ocrx_word' id='word_1_223' title='bbox 1187 3285 1246 3348; x_wconf 89' lang='lat' dir='ltr'>per</span> <span class='ocrx_word' id='word_1_224' title='bbox 1261 3263 1476 3331; x_wconf 82' lang='lat' dir='ltr'>diffinitivam</span> <span class='ocrx_word' id='word_1_225' title='bbox 1494 3268 1546 3332; x_wconf 87' lang='lat' dir='ltr'>de·</span> 
     </span>
     <span class='ocr_line' id='line_1_28' title="bbox 405 3371 1545 3454; baseline 0.001 -17"><span class='ocrx_word' id='word_1_226' title='bbox 405 3371 668 3438; x_wconf 89' lang='lat' dir='ltr'>terminationem</span> <span class='ocrx_word' id='word_1_227' title='bbox 684 3372 840 3436; x_wconf 87' lang='lat' dir='ltr'>dixerunt</span> <span class='ocrx_word' id='word_1_228' title='bbox 855 3378 888 3436; x_wconf 90' lang='lat' dir='ltr'>et</span> <span class='ocrx_word' id='word_1_229' title='bbox 904 3371 1210 3454; x_wconf 87' lang='lat' dir='ltr'>determinaverunt,</span> <span class='ocrx_word' id='word_1_230' title='bbox 1230 3394 1269 3438; x_wconf 90' lang='lat' dir='ltr'>ac</span> <span class='ocrx_word' id='word_1_231' title='bbox 1285 3373 1383 3438; x_wconf 85' lang='lat' dir='ltr'>dictis</span> <span class='ocrx_word' id='word_1_232' title='bbox 1400 3373 1545 3440; x_wconf 82' lang='lat' dir='ltr'>dominis</span> 
     </span>
     <span class='ocr_line' id='line_1_29' title="bbox 407 3476 1544 3563; baseline 0.004 -19"><span class='ocrx_word' id='word_1_233' title='bbox 407 3478 610 3544; x_wconf 85' lang='lat' dir='ltr'>Olfitialibus</span> <span class='ocrx_word' id='word_1_234' title='bbox 628 3476 765 3544; x_wconf 81' lang='lat' dir='ltr'>(lamere</span> <span class='ocrx_word' id='word_1_235' title='bbox 785 3479 956 3545; x_wconf 85' lang='lat' dir='ltr'>Frumenti</span> <span class='ocrx_word' id='word_1_236' title='bbox 982 3486 1206 3563; x_wconf 86' lang='lat' dir='ltr'>preceperunt,</span> <span class='ocrx_word' id='word_1_237' title='bbox 1231 3479 1319 3563; x_wconf 90' lang='lat' dir='ltr'>quod</span> <span class='ocrx_word' id='word_1_238' title='bbox 1344 3480 1385 3544; x_wconf 92' lang='lat' dir='ltr'>de</span> <span class='ocrx_word' id='word_1_239' title='bbox 1411 3483 1544 3548; x_wconf 83' lang='lat' dir='ltr'>ducatis</span> 
     </span>
     <span class='ocr_line' id='line_1_30' title="bbox 405 3585 1540 3671; baseline 0.004 -19"><span class='ocrx_word' id='word_1_240' title='bbox 405 3586 531 3652; x_wconf 86' lang='lat' dir='ltr'>duobus</span> <span class='ocrx_word' id='word_1_241' title='bbox 548 3585 678 3667; x_wconf 86' lang='lat' dir='ltr'>milibus</span> <span class='ocrx_word' id='word_1_242' title='bbox 695 3589 766 3652; x_wconf 89' lang='lat' dir='ltr'>auri</span> <span class='ocrx_word' id='word_1_243' title='bbox 783 3609 843 3671; x_wconf 91' lang='lat' dir='ltr'>pro</span> <span class='ocrx_word' id='word_1_244' title='bbox 860 3587 1038 3653; x_wconf 85' lang='lat' dir='ltr'>medietate</span> <span class='ocrx_word' id='word_1_245' title='bbox 1055 3589 1216 3653; x_wconf 89' lang='lat' dir='ltr'>dictorum</span> <span class='ocrx_word' id='word_1_246' title='bbox 1244 3595 1386 3671; x_wconf 86' lang='lat' dir='ltr'>quatuor</span> <span class='ocrx_word' id='word_1_247' title='bbox 1411 3590 1540 3656; x_wconf 88' lang='lat' dir='ltr'>milium</span> 
     </span>
     <span class='ocr_line' id='line_1_31' title="bbox 404 3693 1540 3779; baseline 0.005 -21"><span class='ocrx_word' id='word_1_248' title='bbox 404 3693 607 3776; x_wconf 91' lang='lat' dir='ltr'>ducatorum,</span> <span class='ocrx_word' id='word_1_249' title='bbox 635 3695 691 3777; x_wconf 92' lang='lat' dir='ltr'>qui</span> <span class='ocrx_word' id='word_1_250' title='bbox 716 3693 849 3760; x_wconf 85' lang='lat' dir='ltr'>luerunt</span> <span class='ocrx_word' id='word_1_251' title='bbox 874 3694 915 3759; x_wconf 91' lang='lat' dir='ltr'>de</span> <span class='ocrx_word' id='word_1_252' title='bbox 940 3696 1042 3779; x_wconf 90' lang='lat' dir='ltr'>prode</span> <span class='ocrx_word' id='word_1_253' title='bbox 1075 3695 1236 3761; x_wconf 88' lang='lat' dir='ltr'>dictorum</span> <span class='ocrx_word' id='word_1_254' title='bbox 1268 3695 1380 3760; x_wconf 87' lang='lat' dir='ltr'>decem</span> <span class='ocrx_word' id='word_1_255' title='bbox 1412 3699 1540 3764; x_wconf 89' lang='lat' dir='ltr'>milium</span> 
     </span>
     <span class='ocr_line' id='line_1_32' title="bbox 404 3801 1542 3889; baseline 0.004 -23"><span class='ocrx_word' id='word_1_256' title='bbox 404 3802 600 3866; x_wconf 90' lang='lat' dir='ltr'>ducatorum</span> <span class='ocrx_word' id='word_1_257' title='bbox 616 3801 699 3867; x_wconf 87' lang='lat' dir='ltr'>alias</span> <span class='ocrx_word' id='word_1_258' title='bbox 727 3809 875 3886; x_wconf 89' lang='lat' dir='ltr'>sequuto,</span> <span class='ocrx_word' id='word_1_259' title='bbox 891 3809 924 3867; x_wconf 90' lang='lat' dir='ltr'>et</span> <span class='ocrx_word' id='word_1_260' title='bbox 941 3803 1029 3884; x_wconf 90' lang='lat' dir='ltr'>quod</span> <span class='ocrx_word' id='word_1_261' title='bbox 1050 3809 1211 3868; x_wconf 87' lang='lat' dir='ltr'>steterunt</span> <span class='ocrx_word' id='word_1_262' title='bbox 1226 3803 1273 3868; x_wconf 91' lang='lat' dir='ltr'>ibi</span> <span class='ocrx_word' id='word_1_263' title='bbox 1290 3802 1344 3866; x_wconf 90' lang='lat' dir='ltr'>diu</span> <span class='ocrx_word' id='word_1_264' title='bbox 1371 3804 1446 3868; x_wconf 90' lang='lat' dir='ltr'>sine</span> <span class='ocrx_word' id='word_1_265' title='bbox 1472 3827 1542 3889; x_wconf 78' lang='lat' dir='ltr'>pro</span> 
     </span>
     <span class='ocr_line' id='line_1_33' title="bbox 403 3909 1540 3996; baseline 0.004 -22"><span class='ocrx_word' id='word_1_266' title='bbox 403 3909 454 3974; x_wconf 91' lang='lat' dir='ltr'>dis</span> <span class='ocrx_word' id='word_1_267' title='bbox 471 3909 682 3990; x_wconf 87' lang='lat' dir='ltr'>condictione,</span> <span class='ocrx_word' id='word_1_268' title='bbox 698 3911 786 3975; x_wconf 90' lang='lat' dir='ltr'>etde</span> <span class='ocrx_word' id='word_1_269' title='bbox 803 3909 930 3976; x_wconf 91' lang='lat' dir='ltr'>ducatis</span> <span class='ocrx_word' id='word_1_270' title='bbox 945 3910 1034 3975; x_wconf 90' lang='lat' dir='ltr'>mille</span> <span class='ocrx_word' id='word_1_271' title='bbox 1055 3912 1269 3994; x_wconf 89' lang='lat' dir='ltr'>septingentis</span> <span class='ocrx_word' id='word_1_272' title='bbox 1291 3911 1540 3996; x_wconf 81' lang='lat' dir='ltr'>quinquaginta</span> 
     </span>
     <span class='ocr_line' id='line_1_34' title="bbox 401 4016 1539 4102; baseline 0.004 -21"><span class='ocrx_word' id='word_1_273' title='bbox 401 4039 462 4101; x_wconf 88' lang='lat' dir='ltr'>pro</span> <span class='ocrx_word' id='word_1_274' title='bbox 488 4018 666 4082; x_wconf 89' lang='lat' dir='ltr'>medietate</span> <span class='ocrx_word' id='word_1_275' title='bbox 686 4017 796 4101; x_wconf 90' lang='lat' dir='ltr'>prodis</span> <span class='ocrx_word' id='word_1_276' title='bbox 822 4019 950 4102; x_wconf 87' lang='lat' dir='ltr'>sequuti</span> <span class='ocrx_word' id='word_1_277' title='bbox 976 4039 1079 4101; x_wconf 90' lang='lat' dir='ltr'>usque</span> <span class='ocrx_word' id='word_1_278' title='bbox 1104 4019 1148 4083; x_wconf 89' lang='lat' dir='ltr'>ad</span> <span class='ocrx_word' id='word_1_279' title='bbox 1163 4017 1320 4083; x_wconf 87' lang='lat' dir='ltr'>kalendas</span> <span class='ocrx_word' id='word_1_280' title='bbox 1334 4016 1539 4087; x_wconf 85' lang='lat' dir='ltr'>Nouembris</span> 
     </span>
     <span class='ocr_line' id='line_1_35' title="bbox 402 4125 1538 4210; baseline 0.004 -21"><span class='ocrx_word' id='word_1_281' title='bbox 402 4127 549 4209; x_wconf 87' lang='lat' dir='ltr'>proxime</span> <span class='ocrx_word' id='word_1_282' title='bbox 565 4127 714 4209; x_wconf 90' lang='lat' dir='ltr'>preteriti</span> <span class='ocrx_word' id='word_1_283' title='bbox 732 4129 956 4210; x_wconf 88' lang='lat' dir='ltr'>suprascripto</span> <span class='ocrx_word' id='word_1_284' title='bbox 974 4126 1125 4191; x_wconf 87' lang='lat' dir='ltr'>Fabiano</span> <span class='ocrx_word' id='word_1_285' title='bbox 1141 4125 1347 4208; x_wconf 88' lang='lat' dir='ltr'>procuratori</span> <span class='ocrx_word' id='word_1_286' title='bbox 1374 4125 1470 4192; x_wconf 89' lang='lat' dir='ltr'>dicte</span> <span class='ocrx_word' id='word_1_287' title='bbox 1487 4129 1538 4194; x_wconf 91' lang='lat' dir='ltr'>do·</span> 
     </span>
     <span class='ocr_line' id='line_1_36' title="bbox 402 4231 1540 4316; baseline 0.002 -18"><span class='ocrx_word' id='word_1_288' title='bbox 402 4234 488 4298; x_wconf 91' lang='lat' dir='ltr'>mine</span> <span class='ocrx_word' id='word_1_289' title='bbox 504 4233 631 4298; x_wconf 91' lang='lat' dir='ltr'>Helene</span> <span class='ocrx_word' id='word_1_290' title='bbox 645 4234 760 4299; x_wconf 88' lang='lat' dir='ltr'>matris</span> <span class='ocrx_word' id='word_1_291' title='bbox 777 4240 810 4298; x_wconf 91' lang='lat' dir='ltr'>et</span> <span class='ocrx_word' id='word_1_292' title='bbox 825 4235 954 4299; x_wconf 89' lang='lat' dir='ltr'>tutricis</span> <span class='ocrx_word' id='word_1_293' title='bbox 971 4231 1048 4298; x_wconf 92' lang='lat' dir='ltr'>dicti</span> <span class='ocrx_word' id='word_1_294' title='bbox 1066 4232 1197 4298; x_wconf 86' lang='lat' dir='ltr'>Nicolai</span> <span class='ocrx_word' id='word_1_295' title='bbox 1223 4231 1284 4298; x_wconf 92' lang='lat' dir='ltr'>filii</span> <span class='ocrx_word' id='word_1_296' title='bbox 1311 4233 1484 4316; x_wconf 87' lang='lat' dir='ltr'>qnondam</span> <span class='ocrx_word' id='word_1_297' title='bbox 1508 4245 1540 4299; x_wconf 88' lang='lat' dir='ltr'>et</span> 
     </span>
     <span class='ocr_line' id='line_1_37' title="bbox 402 4339 1590 4424; baseline 0.002 -20"><span class='ocrx_word' id='word_1_298' title='bbox 402 4339 531 4406; x_wconf 89' lang='lat' dir='ltr'>heredis</span> <span class='ocrx_word' id='word_1_299' title='bbox 558 4339 640 4406; x_wconf 90' lang='lat' dir='ltr'>dicti</span> <span class='ocrx_word' id='word_1_300' title='bbox 672 4341 837 4424; x_wconf 90' lang='lat' dir='ltr'>quondam</span> <span class='ocrx_word' id='word_1_301' title='bbox 868 4342 990 4407; x_wconf 91' lang='lat' dir='ltr'>domini</span> <span class='ocrx_word' id='word_1_302' title='bbox 1022 4340 1159 4406; x_wconf 84' lang='lat' dir='ltr'>Comitis</span> <span class='ocrx_word' id='word_1_303' title='bbox 1190 4339 1364 4406; x_wconf 75' lang='lat' dir='ltr'>Budislavi</span> <span class='ocrx_word' id='word_1_304' title='bbox 1394 4341 1539 4408; x_wconf 79' lang='lat' dir='ltr'>debeant</span> <span class='ocrx_word' id='word_1_305' title='bbox 1589 4393 1590 4398; x_wconf 31' lang='lat'>1</span> 
     </span>
     <span class='ocr_line' id='line_1_38' title="bbox 401 4449 1538 4533; baseline 0.002 -19"><span class='ocrx_word' id='word_1_306' title='bbox 401 4449 505 4515; x_wconf 90' lang='lat' dir='ltr'>libere</span> <span class='ocrx_word' id='word_1_307' title='bbox 540 4449 749 4533; x_wconf 90' lang='lat' dir='ltr'>respondere,</span> <span class='ocrx_word' id='word_1_308' title='bbox 784 4471 893 4516; x_wconf 91' lang='lat' dir='ltr'>errore</span> <span class='ocrx_word' id='word_1_309' title='bbox 928 4449 1045 4517; x_wconf 89' lang='lat' dir='ltr'>calculi</span> <span class='ocrx_word' id='word_1_310' title='bbox 1079 4469 1206 4533; x_wconf 87' lang='lat' dir='ltr'>semper</span> <span class='ocrx_word' id='word_1_311' title='bbox 1240 4450 1275 4512; x_wconf 89' lang='lat' dir='ltr'>in</span> <span class='ocrx_word' id='word_1_312' title='bbox 1311 4449 1464 4516; x_wconf 87' lang='lat' dir='ltr'>omnibus</span> <span class='ocrx_word' id='word_1_313' title='bbox 1488 4471 1538 4516; x_wconf 82' lang='lat' dir='ltr'>re-</span> 
     </span>
     <span class='ocr_line' id='line_1_39' title="bbox 402 4562 545 4624; baseline 0.014 -2"><span class='ocrx_word' id='word_1_314' title='bbox 402 4562 545 4624; x_wconf 85' lang='lat' dir='ltr'>servato.</span> 
     </span>
    </p>
   </div>
   <div class='ocr_carea' id='block_1_3' title="bbox 0 0 1596 5252">
    <p class='ocr_par' dir='ltr' id='par_1_3' title="bbox 0 0 1596 5252">
     <span class='ocr_line' id='line_1_40' title="bbox 0 0 1596 5252; baseline 0 2"><span class='ocrx_word' id='word_1_315' title='bbox 0 0 1596 5252; x_wconf 95' lang='lat' dir='ltr'> </span> 
     </span>
    </p>
   </div>
  </div>
 </body>
</html>
