3214 5250
540 439 549 458 „
606 359 700 429 raes.
1150 361 1209 432 sn

87 543 130 608 tis
146 545 272 627 septem
288 541 378 607 milia
403 543 480 608 boni
507 543 579 608 auri
596 548 629 607 et
641 542 722 626 justi
748 540 910 625 ponderis,
926 563 985 624 pro
1002 541 1166 606 solucione
1183 548 1216 606 et

89 650 314 718 satisfaccione
341 651 418 717 anni
444 651 614 718 novissime
641 649 752 733 elapsi,
777 648 936 734 conplecti
952 650 985 714 in
1000 649 1085 716 festo
1101 647 1216 716 Sancti

87 760 187 844 Regis
204 758 373 846 Stephani,
385 761 511 855 ,scilicet
527 761 581 827 die
598 759 680 826 XX.
697 756 839 844 Augusti
858 759 1002 844 proxime
1018 759 1130 843 elapsi,
1143 759 1215 844 jux-

86 877 120 934 ta
136 868 273 936 formam
290 875 477 935 contractus
494 875 527 934 et
543 870 630 954 pacti
648 866 806 935 celebrati
817 865 950 933 Taurini
966 889 1025 952 per
1040 867 1215 934 Excelrum

85 978 210 1044 Ducale
226 975 402 1044 Dominum
420 977 637 1047 checiarum
655 998 728 1042 cum
745 976 972 1042 Illustrissimo
990 977 1141 1061 Principe
1158 975 1214 1044 do-

87 1086 175 1152 miuo
191 1085 359 1152 Ludorico
376 1086 453 1153 olim
478 1086 649 1171 Hungarie
666 1085 776 1171 Rege3
801 1091 834 1151 et
851 1085 894 1151 ad
907 1085 1124 1168 recipiendam
1142 1108 1214 1153 con-

86 1195 260 1260 fessionem
276 1197 475 1279 recepcionis
491 1201 524 1262 et
541 1196 796 1279 dessiguacionis
807 1194 895 1261 dicte
910 1197 1062 1280 pecunie3
1078 1196 1156 1261 item
1171 1195 1214 1262 ad

88 1303 309 1387 recipiendum
324 1304 367 1370 ab
383 1306 453 1389 ipso
464 1305 594 1371 domino
605 1305 768 1388 Episcopo
785 1303 890 1386 finem,
905 1305 1138 1388 remissionem,
1155 1303 1211 1370 ab·

88 1413 296 1497 solucionem,
311 1413 557 1498 quietationem,
573 1419 607 1480 et
623 1418 754 1498 pactum
771 1413 810 1480 de
829 1412 964 1480 ulterius
984 1437 1048 1480 non
1065 1412 1216 1498 petendo,

86 1541 144 1585 nec
172 1541 237 1585 non
253 1517 296 1586 ad
311 1520 531 1604 recipiendum
557 1521 807 1588 instrumentum
833 1527 867 1586 et
892 1527 1000 1587 cartas
1016 1526 1216 1606 opportunas

85 1628 124 1693 de
141 1628 292 1712 predicta
308 1628 483 1715 solucione,
499 1635 533 1696 et
556 1627 618 1695 fine
636 1637 669 1695 et
685 1631 872 1697 remissione
897 1652 969 1695 curn
986 1630 1215 1715 stipulantibus

85 1737 365 1824 promissionibus,
381 1738 653 1824 obligacionibus,
671 1738 772 1825 penis,
789 1738 926 1805 cautelis
943 1745 975 1804 et
990 1738 1145 1805 clausulis
1161 1760 1217 1823 op-

84 1847 256 1931 portunis3
281 1854 313 1912 et
329 1847 528 1930 generaliter
544 1847 586 1912 ad
603 1848 710 1914 omnia
727 1848 793 1914 alia
810 1855 843 1913 et
859 1848 995 1932 singula,
1018 1848 1128 1930 quein
1145 1868 1216 1931 pre·

86 1953 183 2020 dictis
201 1961 234 2020 et
249 1956 336 2022 circa
346 1954 492 2041 predicta
503 1963 535 2021 et
545 1957 579 2022 in
591 1956 849 2041 dependentibus
866 1963 900 2022 et
909 1956 1061 2022 connexis
1077 1962 1109 2021 et
1125 1977 1216 2040 pror-

85 2085 141 2132 sus
152 2065 315 2130 exterueis
327 2063 694 2132 necessariafueruutet
710 2071 892 2151 opportuna
903 2066 974 2146 stb,
986 2063 1083 2150 (mint
1102 2064 1218 2130 szokbs

91 2173 276 2258 amegbizb
293 2174 495 2261 levelelrnel).

86 2303 121 2365 (A
133 2301 340 2366 Synrlicatusolr
350 2301 508 2366 konyvsbtss
518 2304 541 2354 1.
551 2304 610 2354 lrdt.
624 2307 682 2354 160.
697 2304 724 2364 1.,
737 2315 753 2352 a
766 2301 905 2352 veleuczei
927 2315 998 2367 nsgy
1021 2301 1215 2362 levtltdrban.)

197 2409 379 2475 degyzet.
407 2411 482 2459 Ezen
516 2411 627 2462 addnalr
648 2409 780 2461 ovenlrint
813 2410 920 2460 tor-tent
942 2409 1094 2460 fizetestrol
1128 2425 1152 2460 v.
1185 2413 1209 2460 ὃ.

87 2503 169 2550 1847.
184 2499 329 2550 december
343 2501 410 2550 r-iki
423 2499 580 2552 alredemiai
595 2501 791 2562 elbaddsomat,
807 2515 824 2550 a
837 2501 953 2564 Magyar
967 2501 1036 2550 Tud.
1050 2500 1216 2550 Alsademia-

90 2593 148 2642 usk
163 2607 229 2642 ezen
243 2591 286 2641 evi
301 2576 513 2654 Ertesitdjdben.

576 2753 735 2765 m„—

85 3041 291 3110 Aveleaczei
308 3045 521 3133 lsdrtu'rscsu'p
548 3044 665 3110 kdvetet
689 3047 825 3110 baldroz
851 3045 987 3110 kttldcnt'
1012 3049 1125 3114 Maria
1150 3071 1218 3112 ma-

83 3179 177 3242 qyac·
193 3155 349 3242 dindymi
364 3155 396 3218 ds
413 3155 590 3241 Zsiqmoad
616 3153 793 3242 birdlyboz,
818 3157 899 3242 bogy
923 3157 992 3222 olet
1017 3183 1038 3222 a
1064 3156 1220 3222 durandi

388 3270 466 3351 pa'rt
484 3265 648 3353 dolgairdl
665 3266 813 3331 drtesitse.
833 3266 927 3331 1389.

203 3422 302 3490 Anno
318 3422 691 3494 MOCOLXXXVIII.
705 3425 881 3492 indictione
907 3427 990 3492 XII.
1016 3426 1069 3491 dic
1095 3425 1219 3492 XXX.

88 3533 257 3600 Januarii.
282 3531 309 3597 0
319 3539 423 3616 apta
439 3561 447 3599 ε
464 3531 630 3620 Ωυοάιρω
647 3533 814 3600 reddendo
824 3533 1033 3601 informatum
1044 3534 1172 3618 Regem
1188 3540 1221 3598 et

89 3641 257 3707 dominam
274 3640 433 3724 Reginam
451 3642 623 3727 Hungarie
641 3641 680 3706 de
696 3642 746 3708 bis
762 3664 825 3725 que
841 3647 997 3710 sentimus
1012 3645 1052 3711 de
1071 3644 1221 3728 partibus

88 3750 240 3833 Bossine,
252 3756 285 3814 et
294 3752 393 3817 etiam
405 3751 444 3815 de
453 3750 519 3816 illis
531 3750 655 3816 duobus
667 3750 909 3835 Cardinalibus,
925 3757 980 3836 qui
995 3754 1073 3819 ituri
1088 3753 1222 3818 suntad

90 3858 317 3924 coronandum
332 3859 434 3924 filium
453 3860 618 3942 quondum
635 3860 757 3925 domini
772 3861 872 3945 Regis
896 3861 1023 3946 Karoli,
1040 3862 1222 3946 Collegium

88 3965 236 4044 Domini,
253 3963 532 4050 Consiliariorum,
549 3967 705 4052 Oapitum
722 3966 956 4052 etSapientum
967 3968 1136 4034 ambarum
1156 3989 1222 4034 ma-

92 4093 198 4141 nuum
213 4073 334 4142 habeat
348 4075 535 4141 libertatem
552 4076 702 4141 mittendi
718 4097 813 4142 unam
824 4076 1034 4142 sufficientem
1051 4099 1221 4162 personam

90 4182 137 4248 ad
154 4189 266 4266 partes
283 4185 453 4268 Hungarie
469 4185 514 4250 ad
530 4185 777 4268 significandum
794 4186 855 4252 sibi
880 4185 1027 4270 predicta
1052 4209 1111 4270 pro
1137 4187 1222 4254 bono

92 4291 299 4374 agendorum
316 4301 501 4362 nostrorum
518 4315 576 4378 per
601 4295 693 4359 illum
719 4292 859 4374 modurn,
885 4295 940 4377 qui
968 4294 1054 4359 dicto
1073 4293 1221 4381 Collegio

93 4399 187 4465 utilis
205 4402 385 4485 apparebit.

91 4509 129 4573 (A
158 4509 286 4560 »Secreta
310 4511 424 4562 Consilii
450 4513 639 4576 Rogatorumc
669 4511 993 4562 velencaeiallamalrtdk
1018 4515 1049 4564 R.
1076 4513 1217 4564 kdtetebdl

589 4609 631 4653 44.
648 4617 684 4654 sz.
699 4605 734 4664 a.)
