3182 5252
568 368 662 427 1383.
781 375 784 382 '
1109 367 1173 430 499
1252 367 1256 380 '

66 538 211 603 hominum
230 559 333 604 mores
348 547 545 622 vagarentur
560 541 746 608 confusione
762 543 948 626 dampnosa,
958 542 985 606 si
1001 550 1060 608 aut
1076 544 1174 627 culpa

65 643 266 730 formidinem,
283 652 340 712 aut
366 649 467 711 virtus
492 650 616 731 premia
640 672 703 716 non
730 650 872 717 haberet.
888 651 934 715 st
950 656 1129 734 propterea,
1147 653 1174 714 si

64 755 129 820 boni
153 757 242 840 digni
267 761 344 821 sunt
367 758 502 839 premio,
526 757 657 841 reprobi
687 757 851 843 plectendi
882 766 957 824 sunt
987 759 1175 843 penalitatis
1278 785 1280 790 ·

63 862 207 947 exemplo.
232 863 284 927 Ex
309 884 371 946 quo
398 863 586 948 frequenter
610 866 808 949 producitur,
836 865 923 948 qnod
950 865 1026 930 dum
1059 867 1175 931 merita

64 968 272 1055 conferuntur,
288 991 409 1036 merces
425 973 567 1037 muneris
583 974 790 1040 constituitur
802 973 891 1056 justo
907 972 1090 1039 substantia
1104 995 1177 1058 pec·

62 1079 182 1145 catoris.
208 1077 295 1145 Sane
320 1079 459 1144 autentis
484 1082 609 1146 meritis
636 1082 759 1147 sincere
777 1081 958 1147 deuotionis
975 1086 1008 1146 et
1024 1080 1098 1146 fidei
1115 1081 1178 1146 Mi·

60 1183 155 1252 chelis
171 1186 331 1254 Grismali
357 1187 484 1271 Vngarj
511 1187 694 1273 Pelliparij,
709 1187 879 1256 familiaris
895 1196 929 1255 et
942 1188 1048 1254 fidelis
1065 1189 1179 1268 nostri,

60 1297 223 1380 gratisque
240 1294 414 1379 plurimum
429 1294 562 1362 utilibus
581 1303 614 1362 et
629 1299 769 1382 acceptis
788 1297 930 1383 seruitijs
945 1319 1004 1381 per
1019 1319 1090 1362 eum
1108 1297 1179 1363 Ma-

59 1403 160 1467 iestati
179 1401 300 1468 Nostra
315 1401 454 1469 fideliter
465 1404 622 1487 prestitis,
637 1424 742 1488 queue
759 1403 801 1468 ad
817 1425 957 1486 presens,
968 1409 1001 1468 et
1010 1424 1179 1487 speramus

60 1529 125 1574 eum
141 1512 275 1576 inantea
291 1511 330 1575 de
346 1511 431 1576 bono
449 1531 576 1595 semper
590 1512 624 1577 in
639 1513 753 1578 melius
770 1511 1011 1576 continuatione
1020 1509 1179 1576 laudabili

60 1621 265 1699 prestiturum
278 1643 286 1700 ;
301 1626 337 1684 ut
353 1620 454 1702 ipsius
470 1620 733 1703 obsequiositatis
743 1617 939 1703 impendium
956 1616 996 1682 da
1010 1617 1178 1683 rebellium

58 1730 238 1792 nostrorum
270 1726 382 1810 spolijs
412 1733 525 1791 nostra
556 1727 663 1810 Regia
697 1724 898 1811 gratitudine
929 1745 1180 1810 compensemus,

58 1833 159 1900 eidem
189 1833 335 1914 Michali,
360 1855 400 1900 ao
424 1835 524 1918 ipsius
550 1836 718 1918 utriusque
744 1855 839 1900 sexus
865 1834 1040 1900 heredibus
1067 1855 1105 1898 ex
1122 1853 1180 1897 suo

58 1962 189 2026 corpore
205 1943 350 2027 legitime
368 1941 647 2022 descendentibus,
662 1944 750 2009 natis
766 1944 830 2008 iam
847 1949 881 2009 et
897 1943 1026 2008 inantea
1042 1943 1181 2007 nascitu-

57 2051 110 2131 ris,
125 2054 363 2136 imperpetuum
381 2052 566 2137 subscripta
581 2051 675 2132 bona,
692 2073 754 2136 que
770 2049 1181 2136 hrisseponunturNicolai

56 2157 93 2222 (10
109 2156 280 2226 Marmoro
296 2159 427 2223 rebellis
445 2161 564 2239 nostri;
589 2159 737 2225 videlieet
763 2159 892 2224 domum
908 2180 1002 2223 snam
1018 2163 1180 2242 copertam

57 2263 200 2350 dapalis
225 2268 322 2332 sitam
347 2268 379 2330 in
406 2266 484 2332 villa
510 2265 642 2332 Viuiani
668 2269 897 2352 pertinentium
923 2266 1060 2348 Auerse,
1091 2267 1182 2331 iuxta

55 2374 186 2440 domum
213 2374 366 2440 heredum
393 2375 555 2459 quondam
581 2373 1135 2459 11111101Α1110111111(1011011)οῂΙ
1162 2395 1182 2437 1

55 2481 181 2548 duabus
208 2482 359 2566 partibus
384 2484 474 2548 iuxta
499 2482 629 2548 domurn
654 2483 973 2551 MaselliJubinide
990 2481 1180 2562 dintavilla,

54 2592 139 2656 viam
157 2591 323 2676 publicam
349 2596 381 2654 et
407 2590 488 2655 alios
514 2591 661 2673 confines
683 2613 753 2656 cum
772 2597 844 2656 orto
861 2613 922 2656 vno
937 2591 1000 2656 sibi
1019 2592 1181 2675 contiguo,

54 2707 86 2764 at
102 2701 216 2764 modia
240 2697 379 2780 triginta
403 2696 576 2764 arbustata
601 2696 719 2763 ritibus
745 2697 872 2763 Latinis
896 2699 960 2763 sita
976 2697 1008 2762 in
1024 2699 1105 2780 loco,
1128 2698 1184 2762 ubi

53 2805 175 2870 dicitur
192 2827 289 2870 vnum
305 2827 325 2869 a
341 2812 469 2870 centum
487 2805 526 2868 de
542 2805 746 2888 pertinentijs
762 2803 899 2885 Auerse,
913 2825 1015 2889 prope
1032 2805 1185 2870 starciam

53 2909 198 2979 Comitis
226 2913 370 2997 Lauretj‚
395 2921 429 2978 et
454 2914 535 2979 alios
561 2912 711 2995 confines,
731 2914 830 2978 annui
847 2913 974 2996 valoris,
991 2919 1029 2977 ut
1044 2913 1184 2996 ponitur,

52 3025 225 3088 unciarum
241 3020 364 3106 decern,
387 3043 445 3104 per
470 3022 571 3106 ipsius
595 3020 725 3087 Nicolai
751 3020 959 3086 rebellionem
976 3021 1136 3085 notoriam
1153 3025 1186 3084 01

50 3129 115 3195 1000
133 3131 325 3197 Maiestatis
342 3131 472 3210 cumen,
489 3129 676 3195 adherendo
693 3129 768 3195 olim
787 3128 874 3194 Duei
891 3127 1083 3212 Andagauie
1100 3129 1184 3194 hosti

52 3245 180 3320 nostro,
207 3259 246 3304 ao
271 3237 462 3321 sequacibus
487 3246 520 3302 et
537 3240 770 3305 adherentibus
792 3239 866 3320 suis,
884 3239 926 3303 ad
942 3259 1056 3304 manus
1072 3243 1184 3303 nostre

51 3345 155 3411 Curia
173 3351 262 3412 iuste
278 3352 311 3410 et
326 3343 568 3411 rationabiliter
578 3347 740 3426 deuolute,
751 3367 850 3429 vsque
861 3345 1035 3410 scilicetad
1045 3366 1185 3410 annuum

51 3454 201 3522 valorem
227 3453 446 3537 predictarum
473 3456 637 3520 unciarum
665 3453 782 3536 decern,
815 3474 886 3518 cum
899 3453 1038 3537 juribus,
1053 3453 1188 3518 rationi·

51 3563 112 3628 bus
139 3571 177 3628 et
202 3562 412 3646 pertinentiis
437 3563 504 3626 suis
530 3563 689 3643 omnihus,
714 3563 829 3626 damus
855 3561 1013 3627 donamus
1027 3561 1187 3626 tradimus

50 3678 133 3752 etc.;
159 3676 262 3755 prout
288 3675 360 3735 tota
385 3669 490 3734 sorma
515 3671 675 3752 presentis
702 3668 864 3754 priuilegij
892 3671 924 3733 in
950 3670 1015 3735 1110
1031 3677 1188 3752 quaterno

50 3777 156 3843 Ourie
187 3777 432 3860 particulariter
456 3786 488 3843 et
513 3779 553 3843 de
579 3779 678 3843 verbo
705 3778 904 3843 adverbum
930 3779 1036 3862 posita
1053 3782 1109 3858 001,
1126 3776 1187 3842 suh

49 3885 133 3952 data
161 3883 310 3970 Neapolj
337 3905 395 3967 per
420 3905 534 3949 manus
561 3885 619 3949 riri
645 3885 764 3950 nobilis
786 3881 926 3950 Gentilis
953 3884 992 3949 (10
1017 3882 1188 3951 Merolinis

49 3993 90 4057 de
109 3993 277 4060 Sulmone
292 3997 350 4059 etc.
369 3994 467 4059 Anno
482 3991 613 4057 Domini
632 3989 775 4058 M.OOO.
793 3994 1012 4074 octuagesimo
1023 3993 1122 4057 tertio
1137 3990 1189 4056 die

48 4104 164 4184 primo
183 4100 316 4184 Aprilis
332 4107 419 4166 sexte
436 4101 631 4182 indictionis,
648 4101 836 4184 Regnorum
845 4107 1028 4166 nostrorum
1041 4123 1126 4166 anno
1141 4101 1189 4166 II.

47 4248 172 4314 (Ugyan
189 4247 241 4295 111.
256 4247 420 4310 Karonnak
433 4245 553 4296 rous-ihi
566 4246 1133 4312 1011111001160111100111111111268.οῑ
1154 4247 1191 4307 a.)

552 4407 708 4415 ,ιι-μ..-
