3248 5242
412 393 475 456 748
762 411 998 456 orruousczmr
1015 397 1187 457 nucnnnm

408 570 434 634 si
450 569 573 653 poterit
589 568 738 636 obtinere
755 575 901 636 nostram
926 569 1142 638 intentionem
1167 570 1366 655 predictam,
1391 571 1439 634 ita
1454 567 1532 652 quod

408 675 472 762 ipsi
488 675 613 744 nobiles
628 699 701 744 cunr
721 678 815 744 bonis
842 679 907 744 suis
933 679 1086 744 totaliter
1112 679 1302 759 liberentur,
1328 684 1407 744 tunc
1430 679 1533 740 teneat

408 785 546 850 nuncius
561 792 672 853 noster
688 785 827 868 modum,
845 787 933 870 quod
950 788 1101 854 recedere
1118 787 1244 872 possint
1255 785 1371 851 deinde
1388 791 1421 850 et
1433 784 1531 850 venire

409 893 453 960 ad
468 899 580 976 partes
595 894 684 972 istas,
700 892 846 976 rogando
862 896 968 978 ipsum
985 895 1150 961 dominum
1166 896 1191 962 J
1194 893 1366 973 ohannem,
1382 891 1471 976 quod
1487 890 1532 956 det

409 1000 523 1068 taliter
538 1002 572 1066 in
588 999 753 1066 mandatis
769 1001 835 1066 suis
852 1000 994 1068 subditis
1018 1001 1082 1068 loci
1098 1003 1237 1087 predicti
1262 1001 1428 1083 Dalmisii,
1456 997 1531 1086 quod

408 1109 450 1176 de
464 1113 573 1174 cetero
587 1129 622 1172 se
637 1107 854 1175 abstineanta
868 1108 1109 1176 damnificando
1127 1116 1256 1176 nostros
1267 1117 1302 1176 et
1318 1115 1434 1174 nostra
1449 1108 1528 1172 nari·

409 1218 475 1302 gia,
489 1222 523 1282 et
538 1215 688 1280 similiter
703 1237 814 1282 omnes
824 1217 906 1282 alios
918 1219 1084 1283 venientes
1101 1217 1145 1284 ad
1160 1219 1326 1284 civitatem
1337 1223 1491 1297 nostram,
1505 1219 1532 1278 et

410 1324 485 1390 inde
502 1323 688 1391 recedentes
704 1345 776 1390 cum
793 1324 1046 1391 mercationibus
1062 1325 1198 1392 elbonis
1216 1325 1281 1392 suis
1296 1326 1331 1391 in
1347 1323 1469 1390 nostris
1484 1344 1532 1388 uc·

409 1432 504 1518 rigiis
521 1431 571 1498 vel
587 1432 735 1512 aliomm,
752 1432 929 1498 secundum
946 1433 1033 1516 quod
1043 1433 1077 1500 in
1092 1434 1165 1517 ipso
1182 1439 1293 1499 nostro
1309 1431 1425 1498 ordine
1440 1431 1531 1498 conti·

409 1548 515 1606 netur.
531 1539 567 1606 Si
582 1561 658 1608 vero
674 1559 739 1607 non
752 1547 861 1624 posset
871 1538 992 1608 dictam
1004 1548 1150 1607 nostram
1160 1541 1376 1608 intentionem
1384 1539 1530 1616 obtinere,

409 1647 586 1714 tuncsacta
601 1649 689 1713 omni
703 1648 853 1733 possibili
863 1649 1064 1733 experientia
1075 1650 1183 1716 dicere
1195 1649 1313 1715 debeat
1328 1648 1394 1734 ipsi
1410 1647 1531 1713 domino

410 1755 436 1822 J
437 1756 557 1822 ohanni
566 1757 670 1834 Baro,
681 1754 769 1854 quod
779 1779 839 1842 pro
849 1759 972 1825 bonore
982 1766 1094 1825 nostro
1105 1779 1170 1823 nou
1179 1758 1343 1842 potuimus
1360 1757 1455 1823 aliter
1470 1777 1532 1840 per·

411 1866 562 1948 transire,
579 1886 676 1949 quam
692 1866 863 1950 providere
880 1868 1053 1952 superinde
1070 1867 1110 1934 de
1122 1866 1275 1934 remediis
1291 1866 1481 1951 opportunis
1492 1885 1533 1928 sc·

411 1972 551 2040 cundum
566 1973 703 2040 formam
720 1976 823 2040 nostri
839 1974 964 2042 ordinis
990 1976 1159 2058 antedicti,
1177 1978 1233 2060 qui
1251 1982 1311 2058 est,
1326 1981 1470 2041 tractare
1486 1978 1531 2038 ta·

410 2083 457 2150 les
474 2081 721 2148 damnificantes
739 2089 866 2149 nostros
890 2083 940 2149 vel
965 2083 1046 2150 alios
1063 2087 1227 2150 venientes
1254 2085 1298 2150 ad
1323 2091 1443 2150 terram
1468 2099 1534 2146 nos-

411 2195 498 2255 tram
514 2196 572 2255 aut
586 2189 661 2255 inde
678 2189 864 2258 recedentes
879 2199 1047 2276 tamquam
1063 2192 1212 2276 publicos
1228 2193 1365 2276 piratas,
1382 2196 1417 2256 et
1432 2188 1536 2254 simili·
1604 2239 1605 2242 ,

411 2305 463 2368 ter
478 2297 554 2364 loca
568 2299 657 2382 ipsos
673 2302 887 2384 receptantia.
905 2301 951 2366 Et
966 2300 1009 2366 ad
1026 2301 1188 2367 cautelam
1206 2300 1302 2367 detur
1318 2300 1406 2365 dicto
1422 2296 1536 2364 nuncio

412 2406 506 2490 copia
520 2406 624 2490 ipsius
641 2407 746 2473 nostri
763 2408 897 2492 ordinis,
914 2415 950 2474 ut
966 2409 1009 2474 sit
1032 2408 1071 2474 do
1097 2429 1136 2474 eo
1161 2407 1308 2494 plenarie
1332 2405 1536 2472 informatus?

412 2520 446 2580 et
461 2514 648 2598 adimpletis
664 2515 821 2599 predictis
837 2523 972 2600 accepto
983 2523 1166 2584 commeatu
1177 2514 1337 2583 Venetiae
1352 2521 1537 2592 revertatur,

411 2623 519 2689 dando
545 2643 687 2706 operam,
714 2625 741 2686 si
767 2625 934 2690 commode
950 2623 1060 2690 facere
1085 2627 1217 2709 poterit,
1234 2625 1321 2708 quod
1337 2624 1400 2708 ipsi
1415 2621 1534 2688 nobiles

412 2730 502 2814 capti
519 2729 663 2796 habeant
689 2729 729 2796 de
754 2731 820 2797 ista
845 2733 898 2798 via
924 2754 984 2798 sua
1008 2741 1042 2799 et
1066 2734 1298 2817 procuratione
1323 2731 1481 2813 nonnam,
1510 2734 1539 2793 et
1603 2799 1605 2806 Α

413 2837 501 2923 quod
517 2838 663 2904 habeant
679 2839 721 2905 ab
739 2839 785 2904 eis
800 2837 947 2923 linguam
963 2862 1024 2926 pro
1050 2842 1230 2922 sentiendo,
1246 2841 1280 2906 in
1296 2840 1413 2926 quibus
1436 2837 1539 2904 termi-

413 2948 463 3014 nis
479 2953 565 3013 sunt.

519 3052 645 3121 Verum
659 3053 685 3117 si
702 3052 874 3119 Johannes
890 3055 1006 3122 Banns
1022 3077 1086 3122 non
1104 3062 1189 3122 esset
1204 3054 1259 3138 ibi,
1276 3076 1336 3120 nee
1353 3055 1386 3118 in
1400 3053 1482 3133 loco,
1497 3050 1537 3117 ad

413 3182 508 3246 quem
524 3182 634 3226 secure
651 3167 762 3244 posset
777 3169 888 3229 noster
904 3165 1041 3230 nuncius
1054 3165 1118 3246 ire;
1136 3171 1215 3230 tuno
1230 3169 1419 3247 compareat
1434 3181 1540 3227 coram

414 3269 611 3335 Rectoribus
629 3268 707 3334 dicti
723 3268 785 3335 loci
803 3267 964 3351 Dalmisii,
990 3280 1134 3358 exponat
1151 3279 1185 3338 ct
1199 3278 1381 3356 exequatur
1399 3277 1540 3336 nostrum

414 3376 603 3444 mandatum
619 3377 809 3461 predictum,
826 3380 1002 3445 secundum
1019 3381 1108 3465 quod
1118 3380 1267 3466 superius
1284 3386 1335 3446 est
1350 3399 1541 3465 expressum.
1603 3407 1605 3470 3

486 3523 521 3585 (Α
537 3523 645 3574 ›Misti‹
661 3523 750 3574 czlmd
763 3523 900 3574 velensaei
913 3525 1095 3592 tllamlrdnyv
1108 3527 1196 3578 xm.
1211 3527 1356 3578 kotetebdl
1370 3525 1474 3588 371.1.)

945 3835 1020 3898 4662

516 3991 693 4077 Zaipmond
709 3991 894 4078 kirdlyoak
910 4017 932 4057 a
940 3993 1098 4080 florescat
1113 3997 1336 4084 kbztdraaadq.
1363 3997 1457 4062 1394.
1602 3991 1604 4078 l

631 4150 717 4235 Regi
733 4151 916 4237 Hungarie.
1602 4229 1604 4248 ξ

524 4255 735 4326 serenissime
750 4267 784 4324 et
799 4261 1034 4344 gloriosissime
1050 4262 1217 4348 Princeps.
1229 4264 1411 4348 Postquam
1427 4263 1542 4332 Vestre
1603 4301 1604 4304 =

418 4366 605 4450 scripsimus
621 4366 792 4451 Majostati
817 4391 876 4454 pro
904 4369 1014 4438 favore
1041 4371 1236 4457 iusticiaque
1252 4373 1409 4440 nobilium
1425 4377 1540 4436 restro·
1602 4373 1604 4446 l

419 4495 490 4538 rum
505 4475 675 4540 Francisci
693 4476 860 4563 Fedem'gi,
874 4479 1033 4548 Nicholai
1048 4479 1088 4546 de
1105 4479 1221 4549 Uzano
1239 4487 1273 4548 et
1288 4481 1449 4550 Jobaunis
1460 4480 1541 4546 Tho-
1601 4481 1603 4494 '

419 4581 521 4665 masij,
531 4581 814 4650 dilectissiruomm
831 4587 947 4655 civium
958 4593 1154 4672 nostrorum,
1170 4589 1225 4674 qui
1242 4589 1415 4658 notabilem
1431 4597 1465 4658 et
1480 4611 1541 4656 am·
