3172 5254
561 363 655 430 1377.
1113 373 1173 436 143

68 555 130 619 tirus,
146 548 179 604 ut
197 541 300 606 eidem
319 543 464 607 Ecclesie
483 569 520 608 ac
539 544 597 607 tibi
617 546 743 609 mnuine
761 553 872 612 nostro
889 556 1058 631 recepturo
1075 549 1174 615 reliut

67 649 218 714 secuudum
237 673 350 716 eorum
366 652 538 718 facultates
549 654 737 734 liberaliter,
755 657 903 722 celeriter
919 664 951 720 et
968 658 1079 722 taliter
1097 659 1172 724 sufr-

1 777 2 823 t
69 757 163 836 uenire,
190 757 274 838 quod
301 759 348 821 eis
374 763 542 824 teneamur
567 767 676 841 grates
703 761 832 826 debitas
861 762 1004 838 reddere,
1021 764 1174 848 ipsosque

1 925 2 960 ,
68 868 195 948 prosequi
219 867 386 932 tatoribus
418 868 580 949 gratiosis.
606 868 679 934 Nos
703 871 789 935 enim
815 869 876 935 tibi
901 893 959 954 per
986 878 1017 934 te
1043 874 1092 936 vel
1118 894 1175 957 per

69 975 147 1038 alimu
163 997 217 1039 seu
233 976 324 1040 alios.
341 965 570 1059 utprefertur,
588 978 786 1042 convocandi
805 999 864 1060 pro
882 979 1038 1061 predictis
1056 977 1174 1045 Archi·

1 1077 2 1163 j
68 1083 219 1166 episcopos
229 1084 412 1166 Episcopos
428 1104 466 1148 ac
482 1083 644 1164 Preietos,
661 1093 695 1148 et
710 1086 792 1150 alios
809 1087 1063 1169 suprascriptos,
1079 1089 1176 1153 simul

68 1190 104 1253 tel
126 1191 258 1271 divisim,
284 1192 382 1255 semel
409 1197 443 1254 et
469 1179 599 1274 pluries,
615 1193 656 1257 ad
673 1200 763 1258 tuam
781 1201 813 1270 et
829 1217 849 1258 a
866 1203 897 1258 te
914 1194 1175 1276 tlepurtaudorum

1 1291 2 1345 l
67 1301 252 1379 presentiam,
268 1299 304 1362 in
320 1297 401 1362 locis
418 1299 459 1362 de
476 1299 591 1382 quibus
610 1301 728 1365 rideris
740 1303 902 1385 expedire,
914 1323 970 1367 nec
986 1327 1051 1368 non
1068 1305 1175 1370 buius·

1 1475 2 1492 ἶ
65 1406 136 1471 modi
150 1406 328 1472 subsidium
355 1428 411 1471 seu
426 1409 579 1491 pecunias
607 1409 783 1492 recipIeudi
801 1411 930 1474 notitiae
947 1419 1059 1475 uostro
1075 1412 1177 1477 dicte·

1 1494 3 1508 ’
65 1537 113 1596 que
126 1515 268 1580 Romane
294 1513 452 1592 Ecclesie,
468 1519 501 1577 et
517 1513 632 1578 dantes
650 1515 690 1578 de
707 1517 848 1598 receptis
874 1517 1033 1600 quitaudi,
1049 1539 1088 1583 ac
1104 1541 1176 1584 con-

1 1607 2 1658 3
64 1624 240 1688 badictores
265 1622 445 1688 autoritate
478 1629 590 1688 nostra
621 1645 679 1706 per
711 1644 881 1689 censuram
910 1624 1175 1708 ecclesiasticam,

64 1731 263 1814 appellatione
293 1731 477 1815 postposita
507 1730 742 1813 compescendi.
772 1753 838 1796 uon
870 1733 1075 1799 obstantibus
1107 1740 1176 1799 tam

63 1839 150 1903 febris
175 1840 411 1904 recordacionis
436 1837 599 1903 Bonifacii
617 1839 708 1922 Pape
726 1838 757 1904 l'
760 1839 825 1904 III.
852 1842 1088 1924 predecessoris
1105 1865 1176 1906 uos·

63 1948 106 2026 tn',
119 1949 148 2012 in
165 1949 283 2032 quibus
300 1955 483 2026 careturue,
500 1949 601 2030 aliqui
618 1953 678 2011 etc.
695 1948 825 2030 plenam
842 1949 1047 2013 concedimus
1065 1957 1175 2014 tenore

64 2057 245 2136 presentium
272 2056 481 2136 facultatem;
504 2078 541 2120 ae
569 2056 721 2136 voluimus,
755 2056 843 2138 quod
870 2057 909 2120 de
941 2058 1102 2140 hiisque
1138 2079 1176 2123 ex

1 2171 2 2182 ¹
64 2163 202 2243 predictis
228 2165 374 2246 recipere
401 2171 433 2228 te
458 2164 633 2246 continget,
659 2164 722 2228 duo
748 2163 929 2229 consimilia
946 2165 1057 2228 ‹.·0ntiei
1075 2155 1176 2230 facias

63 2271 174 2351 publiea
200 2275 426 2350 instrumenta,
459 2293 595 2354 quorum
621 2293 685 2336 uuo
711 2294 808 2354 penes
825 2281 857 2336 te
875 2279 1011 2353 retento,
1035 2273 1177 2338 alterum

63 2379 97 2440 ad
121 2384 278 2462 prefatam
306 2378 478 2444 Camarum
506 2379 671 2442 (festinare
687 2400 851 2461 procures
869 2379 1094 2462 rescribasque
1111 2381 1176 2447 cito

63 2486 187 2554 uobis-et
203 2489 355 2570 gentibus
382 2487 517 2550 (farrrere.
538 2494 656 2566 nostre,
674 2495 832 2570 (peremtum
851 2489 1015 2572 receperis
1033 2510 1053 2553 a
1070 2487 1177 2570 singu·

62 2593 95 2656 lis
116 2597 339 2677 predictorum,
357 2604 391 2660 ut
409 2595 474 2660 tuis
491 2595 612 2659 litteris
628 2593 794 2659 informati
810 2615 873 2676 eos,
891 2616 971 2678 quos
988 2595 1081 2660 uobis
1097 2596 1176 2661 libe-

62 2702 135 2767 rales
159 2706 373 2770 auxiliatores
399 2703 626 2783 invenerimus
652 2702 772 2767 debitis
788 2703 973 2786 graciarum
992 2703 1176 2769 actionibus

62 2819 87 2872 et
111 2812 213 2895 dignis
245 2811 574 2894 rernuueracionibus,
599 2832 671 2876 cum
695 2811 898 2893 oportunitas
923 2811 1041 2891 aderit,
1067 2835 1175 2894 prose·

64 2941 196 2999 tpuamur.
223 2921 348 2986 Datum
374 2919 478 2985 Rome
504 2917 592 3001 apud
622 2919 778 2984 Sanctum
807 2918 944 2984 Petrum
976 2919 1044 2984 ill.
1078 2942 1179 2986 nouas

65 3024 176 3106 blartii,
192 3028 412 3093 Pontificatus
429 3027 532 3092 nostri
549 3047 634 3091 atino
651 3027 798 3108 septimo.

155 3136 207 3221 Il)
224 3133 410 3218 Gregorius
422 3135 603 3218 Episcopus
620 3140 681 3199 etc.
697 3133 876 3198 venerabili
893 3133 988 3198 fratri
1004 3134 1175 3199 bernardo

60 3240 209 3328 Episcopo
238 3244 449 3324 Bononiensi,
475 3242 664 3326 Apostoliee
692 3241 787 3308 Sedis
813 3241 941 3307 Nuncio
959 3241 1097 3307 salutem
1114 3247 1178 3306 etc.

61 3349 189 3433 Quantis
214 3353 366 3420 Romana
390 3352 539 3417 Ecclesia
567 3357 628 3414 etc.
653 3351 738 3415 utin
756 3353 941 3434 precedenti
968 3372 1069 3434 usque
1086 3373 1177 3434 coge·

60 3468 170 3526 rentur.
195 3461 343 3542 Ideoque
362 3459 456 3524 bodie
473 3459 675 3524 fraternitati
702 3467 755 3522 tue
771 3479 829 3541 per
846 3459 927 3524 alias
948 3465 1078 3524 nostras
1094 3457 1179 3523 litte·

59 3587 104 3630 ras
120 3569 337 3633 commisimus
353 3575 385 3631 et
402 3565 634 3646 nrarrdauimuS,
652 3571 811 3646 (quatenus
822 3587 879 3647 per
896 3571 927 3627 te
943 3565 993 3628 vel
1005 3565 1105 3629 aliurn
1122 3587 1177 3631 seu

58 3673 132 3738 alios
148 3679 246 3742 etiarm
263 3675 326 3740 tide
338 3673 481 3757 preditos
493 3682 526 3737 et
536 3673 710 3755 diIIgencia
727 3673 966 3756 comprobatos,
979 3672 1179 3739 venerabiles

59 3783 169 3848 t'ratrss
197 3791 326 3848 ntistros
352 3782 518 3846 uniuersos
545 3789 574 3845 et
602 3780 747 3862 singulos
774 3779 1050 3864 Archiepiseopos
1068 3788 1128 3845 etc.
1145 3788 1180 3845 ut

57 3891 84 3952 in
108 3894 306 3975 precedenti,
330 3911 449 3972 eosque
477 3913 515 3954 ex
541 3899 634 3974 parte
659 3895 774 3954 nostra
800 3891 938 3974 benigne
964 3890 1178 3972 requiisset

57 4011 170 4079 equanto
182 4001 389 4068 affectuosius
400 4001 499 4064 scires
517 4006 548 4063 et
565 4019 685 4082 posses,
696 4000 916 4064 exhortareris
933 4004 964 4061 et
982 4017 1125 4078 rogares
1143 4017 1179 4059 ae

57 4112 223 4175 secundum
249 4109 455 4192 prudentiam
482 4129 502 4170 a
528 4106 599 4171 Deo
625 4107 685 4171 tibi
712 4107 832 4186 datam,
858 4111 893 4170 nt
923 4107 982 4188 ipsi
1015 4115 1180 4186 tamquam

1 4241 2 4254 *
55 4219 136 4298 grati
163 4219 222 4284 tilii
247 4225 282 4283 et
310 4223 457 4282 creature
484 4216 569 4281 dicte
586 4215 742 4294 Ecclesie,
760 4212 993 4279 corrsiderando
1011 4212 1178 4294 premissa,

55 4326 102 4404 pie
117 4331 383 4411 compaterentur
400 4323 546 4388 Ecclesia
566 4323 726 4406 prelibata
743 4345 781 4389 ac
798 4321 900 4401 nobis,
920 4321 976 4402 qui
994 4318 1036 4382 ad
1053 4341 1181 4384 succur-

53 4434 185 4500 rendum
211 4433 343 4501 cadenti
360 4435 460 4498 statui
477 4431 561 4496 dicte
583 4431 740 4512 Ecclesia,
756 4439 788 4496 et
804 4430 845 4494 ad
863 4426 1059 4496 obviandum
1086 4427 1181 4493 malis

53 4545 218 4618 premissis
236 4551 358 4608 etcum
386 4541 508 4606 auxilio
526 4537 683 4607 Arrctoris
698 4540 806 4621 Paria,
824 4541 912 4602 cuius
939 4537 1025 4601 vices
1043 4534 1118 4600 licet
1135 4535 1180 4600 iu-
