3190 5252
580 373 675 436 1381.
794 344 799 356 '
905 387 912 403 ·
1124 381 1189 442 453

72 549 168 630 possit
192 550 270 632 ipsis
296 548 417 616 talibus
443 550 597 633 gentibus
622 550 793 635 denegari3
818 553 991 622 dummodo
1008 577 1068 639 pro
1085 555 1194 622 huius-

72 658 152 724 modi
167 658 382 742 promissione
399 665 431 725 et
448 659 650 744 obligatione
667 661 792 726 nullam
809 661 950 728 debeant
965 663 1087 730 habere
1098 685 1215 748 pecu·-

71 767 118 832 oie
133 768 359 850 quantitatem.
375 768 461 834 Item
478 768 566 852 quod
583 789 694 835 omnes
710 775 744 834 et
759 770 876 854 singuli
898 772 1112 855 suprascripti
1130 772 1198 840 Ceo.

71 876 193 958 pinosi,
209 875 399 944 Moresculli
416 884 450 943 et
466 876 655 944 Consiliarii
680 885 853 943 teneantur
870 886 902 944 et
918 877 1059 944 debeant
1081 903 1191 948 eorum

70 982 169 1066 sigillo
192 983 327 1050 inferius
343 1007 507 1069 apponere
524 985 566 1051 ad
584 988 687 1052 maius
705 987 804 1053 robur
821 987 1073 1070 promissionum
1090 989 1192 1054 diota-

69 1113 142 1156 rum.
158 1091 229 1177 Que
246 1096 354 1159 omnia
370 1102 403 1160 et
420 1095 548 1178 singule
565 1117 663 1179 supra
679 1101 713 1161 et
728 1095 815 1161 infra
826 1097 951 1180 scripta
971 1099 1192 1180 promiserunt

70 1205 98 1266 et
112 1207 328 1267 convenerunt
354 1202 439 1268 dicte
465 1211 576 1288 partes
603 1204 665 1270 sibi
689 1205 827 1268 invicem
844 1210 876 1268 et
891 1205 1033 1269 vicissim
1059 1206 1192 1289 stipulu-

68 1310 148 1375 tione
173 1311 343 1395 solempni,
369 1312 522 1378 uidelicet
548 1333 613 1378 nna
631 1313 786 1395 olte1·i,et
803 1336 819 1378 ε
837 1333 991 1379 converso
1010 1314 1191 1379 nominibus

68 1418 241 1502 antedictis,
258 1425 415 1503 perpetuo
432 1419 536 1500 firmo,
554 1427 628 1485 rota
644 1426 677 1484 et
693 1428 790 1502 grata
806 1421 936 1502 habere,
951 1427 1073 1504 tenere,
1084 1423 1190 1488 obser·

68 1546 137 1590 vore
153 1533 185 1592 et
202 1527 391 1612 adimplere,
408 1534 442 1591 et
458 1534 573 1594 contra
589 1547 653 1592 non
671 1528 798 1593 dedisse
814 1528 865 1592 vel
881 1528 1005 1610 fecisse,
1021 1551 1080 1594 nec
1096 1530 1190 1595 modo

1 1703 2 1706 Ἴ
68 1635 171 1718 aliquo
197 1635 306 1702 facere
334 1634 381 1701 vel
397 1637 506 1701 venire
522 1656 581 1719 per
598 1657 631 1700 se
647 1635 698 1702 νε]
714 1637 813 1701 elium
830 1644 887 1702 out
904 1637 996 1719 cline,
1014 1638 1125 1720 aliqua
1142 1660 1191 1704 ra-

67 1742 154 1826 tione,
181 1745 361 1825 occasione,
388 1745 495 1824 modo,
516 1745 591 1828 jure
618 1745 668 1810 vel
694 1765 801 1830 causo,
828 1746 955 1830 dejure
971 1747 1020 1811 νε]
1037 1747 1077 1812 ι]ε
1093 1746 1191 1828 iacto,

67 1850 180 1918 directe
198 1852 249 1916 νε]
265 1851 429 1932 indirecte,
448 1852 548 1918 tacite
564 1853 614 1917 vel
631 1860 860 1937 expresserint
872 1855 980 1938 aliquo
992 1856 1100 1920 colore
1117 1877 1191 1938 que·

67 1960 133 2041 sito,
150 1961 210 2027 sub
228 1981 313 2045 pena
339 1965 372 2025 et
396 1962 438 2027 nd
462 1983 579 2044 penam
599 1960 797 2027 florenorum
813 1963 885 2028 euri
902 1962 990 2029 mille
1006 1964 1040 2028 in
1055 1963 1191 2048 singulis

66 2069 214 2151 capitulis
229 2067 326 2134 huius
353 2075 541 2136 contractus
567 2070 600 2134 in
627 2069 767 2135 solidum
793 2072 954 2154 promisse
979 2072 1191 2155 stipulatione

65 2177 227 2262 solempni.
254 2175 325 2260 Quo
350 2199 436 2260 pena
460 2177 558 2244 toties
584 2180 815 2262 committetur,
842 2181 909 2263 peti
926 2184 960 2244 et
975 2179 1062 2263 exigi
1079 2180 1191 2264 possit,

65 2287 210 2366 quotiens
236 2285 336 2351 fuerit
362 2286 396 2350 in
422 2286 534 2368 aliquo
559 2285 813 2369 contrafactum
830 2308 895 2371 qna
911 2309 995 2371 pena
1011 2287 1191 2368 commissa,

65 2393 162 2460 soluta
180 2395 233 2460 νε]
249 2416 323 2472 non,
339 2395 488 2479 predicta
505 2395 614 2462 omnia
629 2394 726 2461 firma
742 2395 931 2478 perdurent.
951 2395 1191 2462 Renuntiantes

1 2538 2 2544 κ
65 2505 95 2568 in
110 2504 269 2590 predictis
285 2503 442 2569 beneficio
468 2509 502 2567 et
528 2503 709 2587 exceptioni
726 2524 789 2569 non
806 2503 852 2568 sio
870 2503 1028 2569 celebrati
1046 2510 1192 2569 contrac-

65 2620 122 2696 tus,
140 2614 324 2697 exceptioni
342 2612 418 2688 doli,
445 2611 624 2677 conditioni
644 2612 713 2676 sine
729 2633 828 2678 causa
845 2617 878 2676 et
894 2635 932 2677 ex
947 2614 1070 2678 iniusta
1085 2635 1192 2697 causa,

64 2721 95 2788 in
118 2721 242 2788 suctum
268 2720 400 2802 notioni,
426 2721 578 2803 omnique
605 2720 661 2784 alii
686 2722 795 2802 legum
812 2725 844 2784 et
857 2719 940 2803 juris
969 2719 1099 2785 auxilio.
1124 2720 1190 2786 Pro

64 2829 176 2913 quibus
193 2829 342 2894 omnibus
368 2834 402 2894 et
427 2827 563 2911 singulis
590 2828 803 2894 observandis
821 2833 853 2893 ot
870 2827 1095 2911 adimplendis,
1112 2830 1191 2894 obli-

63 2946 220 3022 gnrerunt
235 2938 355 3024 prefati
380 2935 564 3022 Capitonei‚
590 2935 780 3002 biarosoulli
798 2946 829 3001 ot
848 2935 1036 3003 Consiliarii
1053 2959 1086 3001 se
1104 2938 1189 3020 ipsos

63 3053 221 3114 eteorum
240 3045 425 3129 quemlibet,
442 3051 475 3110 et
492 3043 690 3110 Societatem
717 3045 905 3129 predictum,
923 3052 956 3110 et
973 3067 1093 3128 omnes
1112 3069 1189 3128 quo-

62 3179 127 3221 rnm
144 3153 330 3222 nominibus
347 3159 459 3238 agunt,
476 3161 637 3219 eteorum
656 3159 688 3218 et
704 3154 860 3237 cuiusque
885 3154 1029 3237 ipsorum
1047 3153 1190 3234 herodes,

1 3245 2 3248 Ἴ
62 3287 167 3349 equos,
186 3285 288 3346 armo,
305 3284 357 3329 res
373 3268 404 3326 et
422 3261 508 3327 bona
524 3260 689 3345 presentie
704 3266 737 3324 et
753 3259 880 3341 futuro3
898 3267 931 3347 et
942 3260 1048 3324 dictus
1065 3259 1189 3342 Spinel·

62 3373 109 3442 lus
125 3373 287 3457 obligavit
304 3369 482 3436 Commune
509 3369 684 3452 Florentio,
702 3370 867 3452 ipsiusque
882 3390 957 3453 Juro
975 3373 1007 3432 et
1023 3369 1109 3434 bono
1127 3391 1189 3434 onr-

62 3479 377 3548 nia.Actniueru11t
401 3476 549 3563 predicto
574 3478 607 3541 iu
635 3475 802 3542 Comitatu
820 3473 950 3557 Assisii‚
964 3477 1036 3542 loco
1054 3478 1140 3542 dicto
1158 3477 1189 3542 in

63 3589 137 3658 Salo
152 3591 367 3671 Romanum,
382 3589 417 3651 in
433 3586 575 3652 claustro
591 3585 740 3651 Ecclesie
757 3584 895 3650 fratrum
908 3585 1073 3650 Minorurn
1093 3584 1190 3649 Beati

64 3697 251 3778 Francisoi3
268 3693 470 3781 presentibus
496 3693 631 3758 testibus
649 3692 749 3758 Petro
766 3691 885 3756 domini
903 3694 928 3758 J
929 3693 1022 3758 acobi
1039 3691 1077 3757 de
1095 3691 1189 3757 rolo-

1 3790 4 3796 ⁵
62 3807 148 3888 meis,
165 3813 198 3872 et
215 3803 392 3870 Francisoo
409 3802 578 3868 Materaze
595 3800 716 3866 civibus
734 3808 766 3865 et
781 3798 1075 3867 Arnbaxiutoribus
1097 3801 1189 3866 [lorn-

7 3967 8 3970 ,
62 3912 164 3980 munis
183 3911 363 3992 Senarum3
379 3910 545 3994 Angelino
563 3909 602 3973 de
620 3909 771 3977 Osterich
783 3907 995 3988 Theutonioo‚
1011 3906 1189 3974 Guillelmo

63 4019 299 4106 Rimbalducoij
317 4017 463 4086 Mazerio
489 4017 693 4083 dominorum
714 4016 867 4082 Priorum
885 4016 1036 4081 Civitatis
1053 4016 1189 4082 Floren-

63 4131 114 4214 tie‚
131 4136 164 4196 et
178 4129 328 4214 pluribus
344 4128 418 4192 eliis
434 4127 476 4192 ad
492 4127 640 4211 predicto
656 4128 788 4203 vocatis,
806 4125 925 4192 habitis
942 4131 975 4192 et
992 4126 1126 4210 rogatis.

598 4235 671 4316 Ego
698 4233 899 4301 Benedictus
924 4234 1008 4299 filius
1036 4232 1112 4298 olim
1137 4255 1189 4298 ser

491 4344 601 4408 Londi
614 4343 782 4428 quondam
792 4343 921 4410 Fortini
939 4343 1016 4408 civis
1027 4342 1189 4406 Florenti-

128 4457 166 4536 (J
167 4458 279 4540 egyzoi
290 4455 391 4541 jegy.)
482 4475 542 4518 nus
568 4453 735 4536 Imperiali
752 4453 949 4518 auctoritate
965 4451 1077 4518 Judex
1093 4449 1190 4518 Ordi-

493 4561 606 4626 narius
625 4583 662 4626 uc
678 4561 838 4627 Notarius
854 4559 1021 4638 Publicus,
1032 4560 1189 4642 predictis
