3182 5252
598 386 693 466 1384.
1134 385 1196 466 tit

79 565 135 640 illo
151 577 254 643 eciam
271 577 460 645 notabiliter
475 578 612 664 adjecto,
629 579 715 662 quod
732 578 817 643 idem
836 579 860 645 J
863 577 1009 644 ohannes
1026 586 1058 643 et
1075 579 1124 644 sni
1142 579 1197 644 ho-
1286 595 1288 601 '

77 685 170 750 urinas
187 686 306 750 nemini
332 686 460 768 penitus
488 707 646 768 gavorram
678 708 805 750 morere
841 684 989 765 debcant,
1014 708 1073 750 nec
1099 687 1201 770 ipsius

75 793 252 858 causatore
269 815 326 859 seu
342 801 492 859 motores.
515 794 643 859 Harum
669 793 787 878 quibus
811 793 955 878 sigillum
981 799 1126 860 nostrum
1152 802 1201 874 est

75 919 246 984 appensum
267 902 450 967 testimonio
466 901 661 968 litterarum.
687 899 811 966 Actum
837 907 869 967 et
893 901 1006 967 datum
1032 903 1067 967 in
1093 901 1199 986 Beyez

72 1006 149 1073 feria
159 1016 364 1095 quartapcst
374 1010 458 1075 diem
471 1009 702 1076 Conversionis
721 1009 819 1074 Beati
839 1009 935 1075 Pauli
945 1008 1099 1094 Apostoli
1114 1033 1200 1077 anno

72 1113 198 1182 Domini
214 1119 388 1184 millesimo
405 1115 611 1185 CCCLXX.
629 1123 729 1184 sexto.
1123 1109 1125 1114 ’

171 1224 242 1291 Nos
258 1231 372 1311 ltaque
386 1225 507 1311 prefati
534 1227 657 1295 domini
683 1225 844 1292 Johannis
869 1222 1046 1291 castellani
1073 1223 1198 1293 Sarido·

70 1330 225 1399 miriensis
242 1334 336 1400 iustis
352 1334 568 1418 peticionibus
586 1334 738 1400 acclinati
769 1333 986 1416 prescriptam
1010 1333 1141 1399 literam
1157 1334 1191 1398 in

69 1441 214 1507 omnibus
231 1444 297 1507 suis
313 1444 450 1527 punctis,
462 1442 624 1526 clausulis,
640 1441 787 1508 articulis
805 1446 839 1506 et
854 1441 1027 1507 sentenciis
1037 1449 1144 1507 ratam
1160 1448 1193 1507 et

67 1555 193 1629 gratam
211 1549 376 1630 habentes,
401 1551 506 1633 ipsam
533 1549 757 1635 approbamus,
784 1547 994 1632 ratificamus,
1019 1554 1052 1614 et
1076 1557 1189 1615 tenore

11 1721 13 1724 .
68 1659 269 1736 presencium
290 1657 525 1738 confirmamus,
557 1659 766 1724 decernentes
801 1655 1023 1739 supradictam
1049 1657 1194 1722 litteram

65 1762 95 1826 in
110 1765 232 1831 eisdem
249 1767 314 1831 suis
330 1768 469 1851 punctio,
487 1764 640 1832 clausulis
658 1772 692 1830 et
708 1764 878 1849 seutentijs
890 1763 1090 1846 omnimodis,
1107 1765 1195 1848 vigo·

64 1891 128 1936 rem
143 1871 309 1938 efficacem
326 1875 481 1958 optinere.
515 1873 654 1955 Harum,
670 1874 786 1956 quibus
804 1871 945 1956 sigillum
963 1879 1111 1939 nostrum
1137 1894 1193 1956 ap·

64 1999 196 2060 pensum
213 1986 272 2061 est,
288 1981 474 2046 testimonio
500 1982 695 2047 litterarum.
728 1980 853 2046 Datum
881 1977 1038 2046 Craoovia
1054 1981 1086 2044 in
1103 2001 1190 2046 cras·

63 2086 127 2150 tino
144 2086 297 2172 Symonis
314 2097 347 2155 et
362 2088 451 2155 Jude
475 2088 713 2173 Apostolorum
741 2088 918 2154 Beatorum
948 2110 1033 2154 anno
1054 2088 1187 2154 Domini

63 2195 234 2262 millesimo
252 2187 505 2264 CCCLXXX.
524 2204 651 2280 quarto.

61 2338 199 2400 (EredetIe
212 2341 389 2406 borhtrrysn
401 2355 418 2392 a
430 2342 558 2406 kil-alyne
573 2343 658 2408 tuggo
672 2343 792 2407 pecsdtje
815 2343 895 2402 alatt,
910 2357 927 2391 a
950 2341 1111 2406 serignano
1131 2341 1194 2391 her·

395 2447 463 2497 ezeg
476 2432 627 2485 csalsdnak
640 2433 852 2492 leveltamtban.)

548 2589 632 2600 ——a-

586 2723 661 2784 300.

58 2879 85 2944 A
116 2881 273 2947 velencaei
304 2882 646 2971 kormdaytandcanalc
678 2879 855 2968 cayede'lye,
882 2879 962 2966 bopy
986 2877 1190 2967 Franqepdn

59 2989 175 3070 Mark,
192 2991 230 3054 kt
248 3015 269 3054 a
280 2991 494 3077 lcdztdrsasdp
509 2991 754 3078 azolqdlatdban
766 2989 1113 3068 Candidbanbarczol‚
1135 2990 1192 3053 Ve-

413 3100 553 3165 leacadbe
562 3101 719 3185 jodassen.
739 3099 834 3162 1384.

161 3255 262 3324 Anno
279 3255 638 3324 MCOOLXXXIIII.
655 3257 831 3323 indictione
849 3264 975 3338 octava,
1001 3257 1052 3322 die
1079 3251 1184 3322 XIII.

56 3365 173 3429 mensis
206 3363 410 3432 Novembris,
449 3365 618 3451 Capta:
652 3364 746 3450 Quod
778 3366 973 3431 concedatur
1003 3364 1043 3428 de
1075 3366 1183 3448 gratia

53 3470 169 3538 Marco
184 3471 253 3538 filio
280 3474 414 3557 Egregii
441 3474 501 3544 riri
526 3471 658 3539 Nicolai
684 3470 822 3538 Comitis
848 3471 963 3555 Vegle,
983 3471 1185 3537 comestabili

52 3585 163 3645 nostro
181 3582 326 3662 equestri
343 3581 376 3644 in
394 3579 553 3665 Candida,
582 3604 641 3666 pro
667 3580 829 3663 aliquibus
855 3580 921 3646 suis
937 3578 1050 3661 agedis
1067 3579 1188 3660 arduis,

52 3688 169 3769 quibus
185 3688 250 3753 sibi
266 3691 395 3754 omnino
412 3689 546 3773 expedit
568 3689 677 3755 venire
692 3689 861 3770 Venetiae,
887 3689 974 3772 quod
1001 3689 1106 3772 possit
1132 3709 1186 3753 re·

52 3795 121 3862 nire
138 3803 173 3862 et
190 3802 280 3862 stare
305 3819 364 3881 per
389 3797 440 3865 VI
466 3820 601 3879 mansee,
617 3797 815 3863 reservando
841 3796 904 3861 sibi
927 3795 1126 3878 banderiam,
1152 3803 1186 3861 et

51 3911 194 3986 ponente
212 3905 283 3989 ipso
299 3904 369 3972 loeo
387 3907 436 3971 sni
451 3927 624 3990 personam
641 3905 865 3986 sufficientem,
883 3926 944 3987 que
970 3905 1100 3988 placeat
1125 3903 1186 3968 Oa-

51 4012 186 4093 pitaneo
203 4018 316 4078 nostro
333 4013 441 4080 Crete.

122 4159 160 4217 (A
179 4156 289 4206 »nisu«
314 4157 404 4208 cztmtt
419 4158 556 4210 vetenczel
571 4158 797 4224 allamkttnyvbttt
811 4158 940 4209 XXXIX.
954 4159 1012 4208 not.
1027 4163 1068 4208 36.
1082 4157 1112 4217 Ι.)
