3190 5252
419 343 485 404 448
774 361 1008 407 uranonaczrar
1029 349 1196 408 suntuna.

417 539 570 600 mumque
596 539 667 584 cum
695 522 782 585 omni
799 543 931 587 suarum
954 521 1068 586 virium
1087 525 1251 604 apparatu
1275 519 1399 585 obsesse
1414 519 1519 602 coniugi

416 625 501 691 ferre
513 626 692 692 subsidium
703 629 899 711 molientem,
909 632 1050 695 maximo
1062 628 1133 694 suso
1144 631 1288 694 exercitu
1308 629 1391 712 cepit
1402 633 1432 692 et
1446 626 1523 712 vicit3

417 743 448 800 et
465 734 611 800 debitum
628 737 780 820 sanguini
797 735 920 803 Vestro
937 737 1088 820 Regnum
1115 739 1288 820 sexaginta
1305 737 1402 802 trium
1419 737 1520 800 dierum

417 843 528 925 spacio
555 845 749 910 mirabiliter
776 845 968 928 acquisivit;
993 850 1031 909 ut
1055 851 1147 910 tanta
1173 853 1336 910 terrarum
1361 845 1471 928 spacia,
1485 848 1524 906 tot

416 956 539 1032 genter,
556 956 606 1014 tot
622 958 738 1032 castra,
754 959 807 1016 tot
822 952 918 1017 urbes
934 952 1109 1036 pugnando
1126 953 1291 1033 devicerit,
1308 953 1396 1034 quod
1411 949 1521 1016 difficile

416 1056 508 1137 soret,
534 1057 631 1123 nullis
658 1060 758 1124 etiam
784 1059 992 1126 obstantibus
1009 1063 1042 1126 in
1059 1083 1170 1126 eorum
1197 1061 1322 1126 dierum
1340 1080 1465 1126 numero
1478 1057 1525 1120 cir·

318 1214 326 1234 .
416 1165 546 1230 cumire.
563 1165 604 1230 Iu
621 1167 749 1248 quibus,
765 1189 837 1233 cum
864 1168 1006 1252 plurima
1027 1171 1112 1234 tanti
1128 1169 1293 1252 Principis
1309 1169 1425 1233 merita
1441 1166 1526 1230 videa-

416 1295 495 1356 mur,
512 1280 623 1357 utpote
641 1276 698 1358 qui
714 1282 843 1340 tantum
868 1275 998 1356 bellum,
1015 1284 1084 1342 tam
1100 1277 1244 1357 dubium,
1261 1283 1392 1359 tamque
1408 1275 1524 1340 arduum

416 1383 583 1464 negocium
602 1384 758 1448 audacter
774 1385 942 1467 inceperit,
958 1385 1135 1468 prudenter
1164 1385 1332 1464 direxerit,
1360 1391 1391 1449 et
1415 1383 1524 1447 sortiter

416 1491 657 1573 consummarit,
668 1497 773 1556 utnec
789 1492 914 1556 animus
924 1493 1074 1558 videatur
1086 1494 1199 1574 eidem,
1217 1516 1276 1559 nec
1293 1492 1467 1574 consilium,
1479 1509 1525 1552 ner

414 1597 545 1681 incepta
561 1598 778 1681 prosequendi
803 1601 990 1666 constantia
1015 1599 1166 1666 defuisse.
1192 1601 1393 1668 Omittamus
1408 1597 1525 1664 felicita-

415 1711 494 1788 tem,
508 1708 614 1790 ipsam
640 1727 700 1789 pro
727 1714 819 1773 certo
844 1707 1044 1772 celeritatem
1070 1709 1151 1774 satis
1176 1731 1241 1774 non
1257 1729 1427 1792 possumus
1442 1705 1525 1770 admi·

416 1813 493 1877 rari.
510 1809 659 1895 Cumque
669 1815 934 1880 manifestissime
945 1837 1188 1899 cognoscamur,
1199 1837 1238 1882 ea
1249 1837 1351 1900 supra
1361 1814 1527 1880 mortalium

416 1923 500 1985 vires
525 1920 612 2000 lore,
637 1924 709 2005 quis
735 1922 886 1988 dubitare
912 1932 1026 2009 potest,
1053 1925 1113 1990 hec
1137 1927 1248 1991 omnia
1264 1949 1284 1990 a
1301 1925 1372 1992 sola
1396 1924 1456 1990 Dei
1478 1921 1527 1984 cle-

416 2031 537 2095 mentia
553 2030 750 2113 provenire?
773 2031 827 2094 Ex
844 2053 907 2114 quo
924 2031 1033 2097 nullus
1044 2031 1151 2114 debet,
1162 2035 1219 2117 qui
1229 2035 1352 2099 rationi
1362 2031 1527 2098 consentire

416 2138 562 2220 voluerit,
588 2138 750 2220 dubitare,
769 2140 911 2204 omniurn
936 2162 1044 2205 rerum
1068 2141 1270 2207 conditorem
1295 2142 1402 2206 Deum
1426 2141 1457 2204 in
1480 2137 1527 2200 hoc

416 2246 466 2309 sui
482 2247 596 2311 vicarii
612 2268 751 2327 causam,
774 2253 980 2330 vestramque
999 2248 1169 2331 repetendi
1185 2249 1296 2332 Regni
1309 2247 1471 2332 justiciam
1486 2244 1529 2307 de·

417 2353 570 2418 clarasse.
588 2356 658 2439 Ipsi
676 2357 786 2438 itaque
803 2354 885 2437 Deo,
902 2357 956 2438 qui
981 2377 1113 2438 gregem
1132 2379 1233 2438 suum,
1251 2358 1424 2441 gregisque
1439 2358 1529 2438 pasto·

416 2484 484 2526 rem
510 2469 543 2528 et
569 2462 838 2546 gloriosissimum
865 2471 1008 2528 vestrum
1034 2467 1222 2548 sanguinem
1248 2486 1314 2528 non
1330 2465 1471 2548 reliquit,
1484 2457 1528 2524 sed

415 2570 501 2636 hunc
518 2571 676 2653 exaltans,
687 2572 779 2634 illum
791 2577 906 2636 contra
916 2573 1155 2638 scismatlrioam
1165 2575 1366 2657 apostasiam
1384 2572 1528 2637 confirma·

417 2681 469 2759 vit,
486 2680 615 2745 sitlans
641 2688 673 2746 et
697 2681 812 2764 gloria,
836 2702 901 2744 non
928 2689 1052 2764 quanta
1068 2691 1178 2764 potest
1194 2705 1211 2747 a
1230 2683 1323 2747 uobis
1341 2681 1471 2764 concipi,
1483 2675 1527 2740 scd

416 2797 570 2871 quantam
595 2792 820 2875 cognoscimus
847 2793 876 2856 ei
903 2790 1023 2856 deberi.
1050 2789 1208 2858 Videmus
1235 2793 1321 2857 enim
1332 2792 1426 2878 intra
1440 2783 1527 2868 Regio

415 2899 526 2981 stirpis
542 2921 652 2982 genua,
668 2921 731 2982 que
756 2921 884 2982 semper
908 2897 971 2964 fuit
987 2900 1092 2964 eterit
1109 2901 1221 2983 populi
1238 2901 1344 2966 nostri
1361 2897 1526 2984 presidium.

415 3006 669 3072 dominationem
694 3013 858 3072 terrarum
884 3007 1030 3072 Ecclesia
1047 3009 1131 3072 citra
1148 3009 1281 3089 Farum,
1308 3009 1394 3073 sicut
1419 3023 1525 3086 semper

416 3115 681 3196 desideravimus,
697 3115 940 3182 confirmatam:
953 3117 1160 3201 videmusque
1176 3118 1262 3183 hunc
1278 3117 1526 3200 gloriosissimum

416 3223 540 3306 Regem
558 3246 674 3289 novum
702 3247 735 3290 se
752 3225 850 3290 talem
876 3223 1047 3290 Communi
1073 3232 1194 3308 nostro,
1210 3227 1399 3310 cunctisque
1415 3223 1527 3288 Floren-

415 3333 503 3412 tinis
519 3331 668 3414 benignis
694 3330 864 3398 affectibus
891 3333 1053 3412 exhibere,
1074 3334 1186 3416 quales
1204 3355 1238 3401 so
1256 3336 1305 3398 sui
1322 3331 1526 3418 progenitores

416 3438 643 3520 gloriosissimi
661 3439 872 3522 prebuerunt.
889 3441 929 3504 In
946 3461 1009 3524 quo
1030 3445 1197 3525 proposito
1215 3441 1368 3525 dignetur
1384 3438 1525 3506 Serenita-

415 3548 458 3610 tis
476 3547 593 3614 Vestre
609 3547 791 3630 clementia,
808 3569 880 3612 cum
891 3549 1169 3614 commendatione
1181 3554 1360 3634 ceptorum,
1378 3555 1410 3614 et
1424 3565 1524 3612 recom-

416 3653 624 3720 mendatione
642 3656 821 3721 devotionis
848 3663 960 3721 nostre
975 3679 1034 3741 per
1050 3665 1175 3724 vestras
1200 3659 1330 3724 litteras
1347 3657 1522 3724 confirma.

416 3762 569 3829 Ceterum
586 3771 736 3849 expectat
760 3765 895 3831 forsitan
921 3765 1042 3833 Vestra
1059 3767 1260 3851 Sublimitas,
1277 3770 1365 3852 quod
1383 3764 1521 3848 degenti·

416 3873 476 3936 bus
493 3895 573 3955 quas
590 3872 786 3957 Magnificus
811 3874 971 3940 Dominus
988 3877 1140 3944 dominus
1156 3877 1326 3944 Johannes
1344 3881 1453 3944 Banus
1467 3875 1521 3940 lla·

416 3983 574 4048 coviensis
601 3983 660 4050 sub
676 3981 795 4050 Vestre
821 3980 1010 4068 Maiestatis
1036 3989 1166 4052 nomine
1183 3990 1402 4072 congregavit,
1417 3978 1519 4068 aliquid

415 4096 599 4156 nostrarum
624 4094 810 4157 litterarum
836 4091 942 4158 officio
968 4093 1156 4162 referamus.
1189 4095 1296 4180 Super
1322 4119 1386 4181 qno
1415 4092 1517 4160 noverit
1585 4119 1586 4156 1

416 4195 538 4265 Vestra
555 4199 733 4283 SerenitaS,
750 4201 837 4285 quod
854 4201 894 4266 ab
913 4201 1024 4268 eodem
1051 4203 1182 4270 domino
1198 4205 1223 4272 J
1225 4205 1353 4271 ohanne
1380 4207 1440 4270 vice
1456 4200 1515 4264 Vos·
1585 4183 1586 4228 3

415 4314 465 4372 tre
492 4307 702 4372 Celsitudinis
728 4309 887 4392 requisiti,
912 4310 990 4375 licet
1014 4314 1119 4376 omnis
1145 4313 1300 4378 adunatio
1325 4315 1458 4397 gentium
1482 4305 1512 4368 sit

415 4417 477 4479 toti
492 4417 599 4498 patrie
625 4417 721 4482 solito
738 4415 945 4499 suspiciosior
962 4424 995 4482 et
1011 4417 1179 4500 damnosa,
1195 4421 1394 4506 sciamusque
1404 4409 1509 4483 conflari

416 4525 576 4589 exercitus
602 4527 726 4590 cunctis
751 4526 1036 4594 circumstantibus
1075 4528 1255 4613 displicere,
1281 4531 1364 4614 quod
1393 4529 1421 4592 iu
1448 4520 1508 4586 urbe
