3182 5252
610 337 704 420 ieet.
1157 333 1220 420 tre

80 526 142 611 ris,
164 525 265 594 Gnidi
292 531 425 596 Domini
451 530 627 612 ff'homosii,
653 541 685 598 ct
714 529 878 598 Gualterii
904 533 1084 599 Portinarii
1111 533 1222 598 fratris

82 635 171 700 dicti
187 659 240 701 sor
255 637 280 702 J
282 638 418 704 chunnis
443 639 626 705 Portiuarii
653 640 850 724 participum
875 649 1123 706 montanearum
1138 665 1157 705 a
1173 663 1223 705 ra-

82 743 176 808 mine
191 743 372 829 Hungarie,
398 753 431 812 et
457 747 600 812 omnium
617 753 650 811 et
666 746 867 829 singulorum
884 769 1021 829 qnorum
1039 749 1174 812 interest
1190 754 1222 812 et

81 849 243 917 interesse
269 861 378 936 posset
402 876 593 939 quocunque
615 855 688 938 jure
715 862 747 918 et
773 854 868 919 modo
885 854 939 938 (ex
956 855 1061 922 attera
1077 862 1172 938 parte
1189 856 1222 918 in

87 959 156 1024 heo
170 968 268 1043 pacta
284 969 317 1027 et
332 963 559 1029 conventiones
573 963 802 1046 derene1·unt):
815 959 911 1045 Quod
928 983 1037 1026 omnes
1055 970 1087 1026 et
1103 961 1222 1044 singuli

81 1068 265 1152 participes
291 1077 537 1136 montanearum
563 1071 709 1153 superius
735 1069 895 1133 nominati
918 1069 971 1134 ‘vel
999 1070 1065 1150 alii,
1084 1090 1222 1150 quorum

86 1176 231 1240 interest
258 1177 307 1242 vel
332 1177 493 1259 intererit,
518 1199 574 1244 seu
601 1177 756 1242 interesse
781 1183 899 1260 posset,
925 1199 990 1242 non
1015 1177 1223 1259 navigabunt,

82 1303 152 1348 nec
166 1285 314 1368 navigari
331 1283 461 1366 facient,
478 1286 626 1368 vendent,
643 1307 703 1350 nec
719 1283 813 1350 vendi
827 1285 1016 1369 sacientpro
1034 1307 1068 1351 se
1085 1287 1134 1350 rel
1147 1283 1222 1350 aliis

84 1390 192 1457 alicui
216 1412 354 1475 persone
380 1391 506 1476 aliquid
534 1392 574 1458 dc
599 1392 777 1458 raminibus
802 1392 963 1457 dictarum
992 1397 1222 1457 montonarum

80 1505 159 1564 tam
174 1495 318 1564 affinatis
333 1521 431 1582 quam
448 1521 513 1565 non
530 1499 682 1582 affluatis,
699 1500 787 1566 salvo
803 1521 903 1584 quam
921 1522 981 1584 pro
1002 1499 1164 1583 portando
1186 1500 1220 1563 in

83 1605 285 1673 Flandriam
301 1630 359 1692 per
375 1615 506 1674 terram.
533 1608 580 1672 Et
596 1630 654 1691 per
672 1614 774 1673 totum
801 1608 882 1672 illud
900 1630 1035 1690 ramum,
1049 1608 1136 1691 quod
1152 1628 1223 1690 pre-

80 1714 172 1785 ‚dicti
189 1714 373 1796 extrahent,
405 1737 462 1781 seu
488 1717 615 1783 extrahi
643 1715 764 1783 facient
790 1715 829 1781 de
858 1715 1041 1781 montaneis
1058 1715 1224 1799 predictis,

86 1829 152 1888 aut
167 1829 275 1889 ement
290 1845 345 1890 seu
362 1825 424 1888 emi
441 1825 573 1906 sacient,
590 1825 677 1890 ultra
693 1825 784 1905 illud,
801 1824 887 1908 quod
904 1823 1061 1890 vendetur
1076 1845 1134 1908 pro
1152 1844 1223 1904 pcr-

84 1928 193 1995 tando
209 1930 243 1994 in
259 1930 452 1996 Flandriam
468 1953 526 2016 per
542 1938 674 2012 terram,
691 1938 727 1996 nt
743 1931 936 2010 dictumest,
949 1931 1084 1997 conduci
1103 1931 1224 1996 facient

89 2037 262 2119 Venetiae,
287 2045 319 2102 et
345 2039 391 2103 sic
416 2039 585 2105 conductis
610 2039 790 2105 raminibus
816 2038 984 2119 Venetiae,
1002 2039 1094 2104 sitin
1112 2059 1223 2103 eorum

85 2145 248 2210 libertate
264 2146 424 2212 vendendi
440 2147 497 2212 illa
513 2147 670 2228 Venetiis‚
688 2155 721 2212 et
737 2146 877 2230 ponendi
893 2147 926 2210 in
942 2154 1052 2230 getum
1063 2145 1218 2213 Venetia·

86 2274 176 2319 rrum.
201 2254 246 2319 nt
271 2255 358 2338 quod
384 2255 507 2321 sacient
534 2254 664 2320 affinari
681 2277 778 2339 quam
795 2255 901 2320 minus
917 2253 1051 2321 reminis
1066 2259 1221 2337 poterunt

87 2364 125 2428 in
156 2362 348 2446 Hungaria3
372 2369 518 2428 attamen
544 2368 657 2445 totum,
683 2364 770 2448 quod
795 2363 993 2444 affinabitur,
1025 2384 1088 2429 non
1120 2362 1223 2446 possit

87 2469 235 2534 transire
252 2493 409 2538 summam
437 2473 502 2539 sire
527 2474 746 2556 quantitatem
771 2471 944 2536 milliarum
960 2469 1173 2535 ducentorum
1190 2470 1224 2532 in

89 2578 243 2645 ducentis
259 2580 498 2664 quinquaginta
514 2582 548 2645 in
564 2601 658 2646 anno.
675 2581 720 2646 Et
738 2579 825 2662 quod
836 2579 875 2643 de
887 2577 1035 2645 omnibus
1046 2577 1223 2642 raminibns

91 2685 264 2771 predictis,
281 2709 342 2770 que
359 2689 499 2771 predicti
510 2689 699 2771 conducent,
710 2709 764 2754 sen
775 2687 911 2753 conduci
928 2686 1049 2752 facient
1065 2684 1223 2752 Venetiae

88 2805 163 2860 tam
181 2793 221 2858 de
238 2796 363 2860 romine
380 2797 421 2862 ab
438 2796 497 2878 .R.,
515 2817 614 2880 quam
631 2797 672 2862 de
689 2795 830 2862 secunda
841 2801 937 2877 sorte,
955 2815 1053 2878 qnam
1069 2795 1168 2859 etiam
1184 2795 1224 2859 de

89 2900 231 2968 asfinato
258 2904 290 2968 in
318 2904 502 2989 Hungaria,
520 2905 744 2970 defalchentnr
762 2910 794 2968 et
811 2903 960 2968 omnibus
986 2901 1224 2986 oneribusque

89 3006 218 3074 habent
243 3010 286 3074 ad
310 3033 442 3095 presens
467 3011 550 3078 libre
568 3020 690 3095 septem
708 3034 780 3077 cum
797 3010 932 3076 dimidia
948 3010 989 3075 ad
1005 3031 1136 3093 grossos
1153 3015 1223 3073 tan-

88 3123 164 3180 tum
181 3138 240 3200 pro
266 3119 410 3202 quolibet
434 3120 590 3186 milliario
607 3120 647 3186 de
664 3117 850 3186 affinatura.
875 3119 919 3184 nt
937 3117 1021 3199 quod
1040 3117 1080 3180 sit
1096 3114 1222 3180 licitum

89 3223 194 3288 dictis
209 3226 423 3311 participibus
439 3250 532 3313 posse
549 3229 701 3311 navigare
727 3233 879 3312 quartum
896 3227 962 3290 sive
980 3232 1130 3308 quartam
1150 3243 1224 3307 par-

88 3341 161 3395 tem
179 3330 337 3399 dictorum
363 3337 523 3401 raminum
550 3336 596 3400 sic
614 3335 771 3404 Venetiae
787 3335 1031 3413 conductorum,
1049 3339 1223 3415 postquam

90 3437 232 3506 asfinata
256 3451 353 3509 erunt
378 3445 410 3508 in
437 3445 535 3528 gotho
561 3442 749 3509 Communis
775 3441 999 3522 Venetiarnm,
1026 3441 1071 3504 sic
1089 3437 1224 3503 asfinata

91 3569 168 3612 curn
187 3551 325 3634 navigiis
341 3557 409 3617 tam
427 3551 564 3617 armatis
581 3573 678 3635 quam
701 3549 886 3615 disan-matis
903 3570 960 3633 per
977 3548 1070 3612 illum
1085 3546 1224 3626 modum,

93 3663 131 3720 et
148 3678 219 3722 cnm
236 3657 302 3724 illis
319 3659 561 3725 conditionibus
578 3666 611 3724 et
627 3658 788 3739 oneribus,
814 3657 932 3741 quibus
950 3656 1105 3736 navigant
1121 3664 1152 3719 et
1169 3676 1224 3719 na-

91 3765 256 3847 vigabunt
271 3766 399 3835 Veneti.
415 3769 461 3833 nt
476 3767 614 3852 predicti
631 3767 805 3850 participes
822 3771 975 3830 tenentur
991 3770 1024 3828 et
1040 3762 1160 3828 debent
1177 3763 1224 3826 in·

92 3875 246 3940 vestitam
274 3883 443 3960 sequutum
468 3899 506 3942 ex
523 3877 620 3942 dictis
652 3873 831 3940 nominibus
863 3872 1048 3937 conducere
1068 3869 1225 3935 Venetiae

94 4003 172 4046 cunr
190 3985 330 4067 navigiis
347 3987 483 4052 armatis
508 3992 540 4050 et
566 3983 753 4049 disarmatis
769 4003 828 4066 per
844 3981 935 4046 illum
957 3979 1087 4045 modum
1105 3985 1224 4043 etcum

88 4091 163 4155 illis
179 4092 420 4160 conditionibus
445 4100 477 4159 et
503 4092 664 4174 oneribus,
681 4089 797 4174 quibus
816 4075 932 4156 Veneti
950 4091 1093 4171 possunt,
1110 4092 1146 4150 ut
1161 4085 1225 4150 dic·

95 4206 168 4264 tum
185 4208 243 4264 est.
259 4202 306 4266 Et
322 4223 384 4266 non
403 4208 510 4286 potest
524 4201 614 4266 dicta
638 4200 789 4264 investita
804 4219 862 4282 per
879 4195 1000 4261 dictum
1016 4195 1145 4258 modum
1162 4190 1227 4261 Ve-

95 4307 205 4372 netiae
231 4309 390 4376 conducta
417 4310 510 4375 rendi
536 4311 569 4374 in
597 4308 765 4387 Venetiis3
789 4305 846 4369 scd
871 4306 963 4369 illam
982 4308 1132 4366 tenentur
1148 4301 1225 4365 dicti

95 4409 274 4501 participes
292 4420 464 4486 extrahere
490 4419 530 4482 de
555 4417 704 4486 Venetiie
721 4410 1176 4494 commodis,conditionibus
1193 4415 1226 4474 ot

88 4527 263 4614 oneribus,
280 4529 398 4610 quibus
414 4528 557 4594 forenses
574 4527 731 4610 perviam
749 4521 864 4606 Segne,
880 4520 1032 4585 Ferrarie
1049 4519 1114 4582 sive
1125 4517 1224 4586 Flou·
