3172 5254
572 279 668 342 1111.
1119 280 1179 344 111
1225 242 1229 252 ’

10 445 12 520 ἶ
84 455 202 535 tellectis,
216 455 401 519 immediate
412 453 664 520 deliberavimus
682 454 765 519 velle
782 474 840 520 nos
857 453 1012 520 reducere
1023 456 1065 520 ad
1077 458 1184 521 locum

83 567 200 626 nostrum
215 560 400 643 Seravallis,
422 570 454 627 et
470 564 591 647 requiri
607 563 742 629 fecimus
759 561 914 646 Vngaros
930 563 1186 666 11111111111111,

10 739 12 764 ζ
81 679 213 753 quatenus
236 675 349 757 vigore
373 674 559 739 litterarum
587 672 835 756 Magnificencie
850 670 972 741 Vestre
988 674 1082 740 nobis
1099 695 1186 740 scor·
1258 723 1259 728 η

10 785 12 844 Ξ
82 785 134 844 111
146 780 280 847 11111111
295 803 400 865 usque
417 782 459 848 ad
475 781 582 848 locum
597 780 788 866 predictum.
806 779 871 865 Qui
882 787 1077 847 recusarunt
1092 783 1183 848 illam

10 871 12 956 l
81 887 144 952 velle
158 889 276 970 lacere,
293 889 447 969 dicentes,
472 890 561 974 quod
586 890 648 956 hoc
672 911 738 954 non
754 888 922 956 habebant
937 891 972 954 in
987 890 1185 957 mandatisa

10 1023 12 1048 τ
81 993 306 1078 Magnificeucia
322 997 455 1066 Vestra.
487 995 558 1065 Nos
575 1019 651 1064 vero
662 998 714 1062 bis
724 996 901 1062 intellectis
914 998 1036 1081 requiri
1051 998 1185 1065 fecimus

80 1104 155 1169 nodo
169 1106 261 1171 simili
278 1106 443 1172 dominum
460 1102 583 1186 Aelius,
599 1111 755 1189 rogantes
772 1103 911 1170 eundem
927 1107 1047 1170 nostris
1056 1106 1185 1188 litteris,

10 1209 11 1220 ’
80 1215 107 1274 ut
118 1211 172 1277 sibi
186 1215 330 1295 placeret
347 1213 425 1279 dare
440 1213 535 1280 nobis
546 1213 585 1278 de
596 1209 747 1296 'gentibus
765 1213 840 1295 suis,
858 1213 978 1279 nostris
994 1214 1186 1297 sumptibus,

10 1347 11 1350 ¹
79 1339 125 1400 pro
138 1341 239 1387 securo
258 1322 421 1388 conductu
445 1329 556 1388 nostro
581 1321 625 1388 ad
641 1320 749 1388 locum
765 1321 967 1405 predictum
992 1323 1049 1405 qui
1075 1322 1185 1389 diceus

77 1427 110 1492 ad
132 1428 186 1494 hoc
209 1452 276 1496 non
303 1428 403 1495 luisse
428 1431 621 1514 deputatum
646 1451 705 1496 nec
725 1430 870 1513 aliquam
886 1431 1115 1497 auctoritatem
1131 1429 1186 1496 111-

10 1533 12 1620 l
77 1533 146 1618 bere,
160 1537 249 1603 uobis
267 1545 409 1604 scortam
425 1537 532 1602 lacera
548 1537 719 1602 recusavit
735 1535 831 1606 Vnde
848 1537 991 1605 volentes
1008 1538 1186 1623 adimplere

10 1669 12 1730 3
75 1643 138 1724 quid
155 1645 275 1711 dictum
301 1653 352 1711 est
377 1645 417 1711 de
438 1645 622 1712 reducendo
638 1665 697 1711 nos
714 1645 756 1710 ad
772 1645 879 1711 locum
894 1647 1088 1730 predictum,
1104 1649 1187 1712 siout

10 1735 13 1810 l
74 1747 129 1830 jam
145 1755 332 1838 scripsimus
349 1755 476 1819 Illustri
502 1754 633 1821 domino
657 1751 787 1819 Karolo
802 1754 959 1837 predicto,
975 1753 1019 1820 ad
1035 1754 1188 1838 Magnifi-

10 1869 12 1914 ἐ
74 1861 195 1924 centiam
211 1858 370 1929 Vestram
395 1863 603 1943 recurrimus,
628 1867 780 1944 rogantes
797 1863 944 1946 eandem,
960 1869 1120 1946 quatenus
1136 1884 1189 1928 vo·

10 1975 13 2058 ζ
75 1963 115 2029 111
127 1967 251 2050 placeat
268 1971 398 2036 mittere
426 1971 519 2036 nobis
546 1991 565 2034 a
590 1968 700 2039 XXV
724 1991 828 2054 usque
853 1970 965 2037 XXX
986 1972 1026 2036 de
1042 1968 1188 2056 Vagaris

73 2079 253 2162 1111111011
271 2081 339 2144 sint
353 2080 406 2146 hic
438 2099 535 2162 quam
552 2077 688 2144 celerius
704 2099 773 2145 esse
788 2080 918 2162 poterit.
942 2080 1029 2146 Nam
1046 2082 1091 2144 eis
1107 2080 1188 2144 bene

10 2171 12 2234 l
72 2186 310 2269 providebimus,
335 2190 385 2253 ita
410 2190 498 2271 quod
524 2194 618 2254 erunt
642 2187 724 2252 bene
741 2190 892 2268 contenti,
908 2193 945 2252 11
960 2189 1120 2272 possimus
1138 2209 1190 2252 11-

10 2291 13 2368 l
72 2291 169 2360 radere
185 2295 227 2362 ad
244 2297 354 2362 locum
370 2295 561 2380 predictum.
578 2294 898 2379 Preterearogamus
909 2295 1188 2380 Magnificentiam

10 2379 13 2496 ἑ
72 2397 213 2468 Vestram
229 2405 406 2487 instanter,
421 2411 583 2488 quatenus
603 2411 739 2488 proptor
754 2405 873 2470 multos
888 2427 992 2486 casus,
1008 2405 1065 2488 qui
1081 2425 1190 2470 occur-

10 2517 11 2524 *
71 2528 131 2573 rere
153 2519 293 2594 possunt
318 2511 537 2595 pendentibus
562 2512 612 2577 his
637 2512 842 2594 tractatibus,
868 2513 901 2578 in
927 2512 1044 2597 quibus
1061 2518 1192 2598 oportet

10 2655 11 2658 =
70 2638 119 2682 uos
142 2621 186 2685 ire
212 2627 246 2686 et
273 2621 408 2687 mittere
436 2617 580 2686 Nuntios
606 2642 678 2686 cum
702 2620 830 2704 litteris,
856 2643 920 2686 101
938 2643 1105 2705 possemus
1122 2622 1191 2685 1111

10 2739 12 2772 l
71 2731 168 2793 110111
182 2729 246 2794 hoc
263 2728 383 2808 facere,
400 2734 433 2794 et
449 2727 567 2813 Nuntij
593 2729 695 2795 nostri
711 2729 808 2794 dubie
825 2729 955 2811 vadunt,
971 2732 1032 2798 niei
1047 2729 1192 2795 habeant

69 2832 197 2916 aliquem
224 2835 401 2921 Vagarum
427 2857 546 2919 secum,
562 2842 595 2901 et
610 2857 674 2902 non
698 2858 867 2921 possumus
894 2839 1046 2903 continue
1063 2839 1192 2903 mittere

10 2947 12 3042 ὲ
68 2939 105 3006 ad
118 2941 399 3027 Magnificentiam
423 2942 579 3013 Vestram
598 2945 689 3010 etad
706 2966 777 3010 eam
794 2965 976 3026 recurrere,
1001 2945 1071 3009 lieri
1086 2944 1193 3010 facere

10 3067 12 3146 3
68 3048 161 3116 velitis
178 3054 277 3120 uobis
295 3074 393 3118 uuam
411 3052 565 3135 litteram,
581 3073 639 3137 per
655 3075 754 3137 quam
768 3053 907 3138 Vagari,
923 3056 978 3138 qui
996 3052 1049 3118 hic
1065 3060 1098 3118 et
1114 3051 1194 3118 alibi

10 3155 12 3206 i
67 3157 123 3224 siut
137 3169 246 3228 restro
281 3163 422 3243 nomine,
439 3161 531 3226 nobis
547 3160 626 3226 dare
642 3160 792 3241 debeant,
807 3183 878 3226 cum
894 3162 1045 3245 requisiti
1060 3181 1119 3244 per
1134 3181 1194 3224 nos

10 3261 11 3338 ζ
59 3262 186 3349 tuerint,
202 3277 351 3337 10011111
369 3267 583 3336 sufficientem
603 3291 701 3334 unum
719 3269 769 3335 vel
786 3269 896 3352 plures
913 3269 968 3352 qui
984 3268 1105 3334 vadant
1121 3289 1194 3332 cum

10 3365 12 3452 ξ
65 3371 192 3463 Nuneijs
210 3379 346 3444 uostris.
372 3376 499 3462 Quibus
516 3397 643 3462 semper
658 3377 909 3462 providebimus,
927 3377 974 3442 ita
992 3374 1080 3458 quod
1096 3381 1195 3442 crunt

10 3469 12 3554 l
67 3479 139 3549 bene
153 3486 317 3552 contenti.
334 3485 436 3551 Sacili
453 3483 558 3552 XIII.
575 3485 729 3570 Augusti.

10 3647 12 3754 l
67 3681 97 3764 9)
127 3667 310 3768 Karoly
350 3685 564 3750 durazzoi
602 3683 881 3768 herczegnek
916 3707 936 3750 a
967 3682 1195 3750 relenczei

530 3791 730 3859 kbvetek

278 3917 424 3984 Domino
440 3917 578 3985 Karolc.

10 4101 11 4114 ἶ
163 4029 319 4095 Illustris
330 4027 498 4112 Princeps.
508 4027 575 4093 Per
584 4024 1087 4093 litterasnostrasherihicdatas
1097 4025 1198 4108 scrip-

10 4209 11 4216 ,
64 4137 157 4204 simus
173 4135 388 4206 Excellentie
412 4135 541 4220 Vestro,
567 4135 655 4220 quod
679 4135 794 4202 habita
819 4141 931 4201 scorta
944 4135 1013 4218 jam
1038 4133 1197 4216 requisita

10 4239 12 4260 ²
64 4264 116 4332 per
130 4267 199 4332 noe,
216 4244 321 4313 hodie
338 4265 464 4310 summo
480 4265 575 4310 mane
598 4245 826 4311 reduceremus
843 4261 904 4308 nos
919 4241 962 4307 ad
978 4240 1085 4306 locum
1103 4238 1198 4307 Sera-

63 4355 159 4423 vallis.
185 4355 293 4422 Nunc
319 4359 430 4420 antem
454 4353 559 4419 eidem
584 4353 788 4420 Excellentie
814 4351 1013 4431 denotamus,
1040 4348 1127 4433 quod
1142 4349 1199 4414 isti

10 4453 11 4500 3
65 4459 197 4550 Vagati,
215 4465 278 4548 qui
297 4463 349 4528 bic
365 4469 441 4530 sunt
466 4464 614 4546 requisiti
631 4483 690 4546 per
707 4483 765 4528 nos
782 4457 985 4526 desfaciendo
1001 4457 1095 4522 nobis
1112 4478 1198 4522 scor-
