3210 5252
407 360 448 419 86
640 357 644 364 '
766 371 1001 418 niruounczmr
1017 357 1184 416 amanus.
1307 431 1312 436 .

406 536 648 613 consueverunt,
673 529 904 596 matrimoniali
930 529 1041 596 federe
1066 529 1286 615 copulandum
1312 527 1483 594 trademus
1510 530 1542 594 in

406 643 589 706 consortem
612 637 795 722 legitimum
812 645 844 702 et
859 638 1031 719 maritum,
1055 638 1104 703 ita
1129 643 1249 720 temen,
1265 636 1354 720 quod
1368 635 1542 721 predictus

406 747 568 813 Dominus
591 743 631 830 (t.
647 744 667 809 i.
693 745 793 830 Lajos
823 742 946 830 liraly)
971 766 1043 811 cum
1069 744 1141 811 aliis
1166 743 1340 811 heredibus
1367 745 1492 809 nostra
1508 745 1541 810 in

405 856 553 921 omnibus
578 853 703 920 iuribus
729 855 794 920 suis
819 853 861 921 ab
886 853 1035 919 omnibus
1061 874 1117 919 eos
1141 850 1336 936 perturbare
1354 851 1540 920 volentibus

404 969 560 1048 protegat
585 971 619 1030 et
646 962 809 1030 defendat.
832 963 878 1029 ut
904 962 1002 1029 modo
1033 961 1194 1028 consimili
1219 962 1443 1046 promittimus
1468 985 1540 1046 prc-

404 1074 494 1140 dieto
509 1071 633 1138 domini
648 1071 734 1156 Regi
747 1071 836 1138 bona
851 1070 916 1136 fide
931 1077 964 1136 et
979 1071 1048 1137 sine
1063 1070 1149 1153 dolo,
1168 1071 1254 1154 quod
1269 1071 1341 1155 ipso
1358 1070 1539 1138 decedente

403 1181 584 1266 predictam
600 1179 703 1246 filiam
717 1201 808 1245 suam
818 1179 1010 1263 Hedwigem
1025 1199 1089 1244 vna
1105 1200 1179 1245 oum
1194 1177 1270 1244 aliis
1285 1177 1455 1244 sororibus
1473 1180 1539 1246 suis

406 1288 554 1354 similiter
578 1289 612 1354 in
637 1285 785 1354 omnibus
812 1285 938 1352 iuribus
954 1287 1030 1370 siris,
1047 1287 1089 1358 ab
1105 1286 1254 1353 omnibns
1270 1307 1325 1353 ees
1343 1287 1539 1370 perturbere

404 1396 588 1464 volentibus
605 1403 813 1481 protegemus
830 1401 862 1462 et
877 1393 1106 1477 defendemus3
1123 1395 1239 1462 harum
1256 1395 1315 1462 sub
1332 1403 1445 1462 nostro
1461 1417 1538 1480 pen·

404 1505 494 1570 denti
519 1502 627 1588 sigillo
651 1505 839 1570 testimonio
864 1504 1042 1586 literarum,
1067 1502 1192 1570 Datum
1217 1503 1392 1589 Erenberg
1407 1504 1538 1588 Augus·

404 1613 506 1682 tensis
532 1611 682 1679 Diocesis
707 1613 759 1679 die
783 1610 920 1680 XVIII.
952 1611 1072 1678 mensis
1103 1610 1247 1695 Augusti
1281 1634 1367 1680 anno
1402 1614 1537 1681 Domini

407 1717 705 1790 MOOOLXXIV.

404 1866 545 1930 (Eredetie
558 1866 733 1932 bbrhdrtytn
746 1881 763 1916 a
776 1867 950 1931 herczegnek
965 1866 1050 1933 sdggd
1073 1865 1192 1932 pecsttje
1205 1867 1285 1930 elett,
1300 1881 1318 1916 a
1329 1865 1404 1916 becci
1417 1865 1537 1916 marani

710 1957 719 1969 '
824 1956 911 2007 titlros
924 1955 1117 2018 levtlmrben.)

949 2263 1001 2327 74.

403 2423 433 2488 Ι.
462 2423 558 2510 Lajos
590 2446 731 2512 mappar
757 2426 790 2490 e'e
814 2425 938 2512 lenpyel
962 2424 1146 2512 kirdlyoak
1176 2449 1264 2513 napy
1291 2426 1535 2513 priuilegium,

404 2532 529 2619 mellped
545 2532 792 2621 Leagpelorezrty
802 2534 836 2598 ἑο
845 2556 867 2598 a
877 2534 1040 2621 leagyelek
1051 2533 1282 2621 ezabadsdpuit
1293 2534 1441 2622 tsjopait
1456 2557 1535 2622 mep-

850 2643 967 2706 crdeiti.
994 2643 1089 2708 1374.

509 2796 551 2863 In
576 2797 705 2866 nomine
730 2799 866 2866 Domini
883 2797 1001 2866 Amen.
1028 2798 1112 2867 (lum
1123 2806 1217 2886 gesta
1233 2799 1427 2884 Principum
1443 2801 1537 2868 debe·

402 2913 459 2973 ant
487 2909 721 2976 inviolabiliter
746 2908 931 2976 futurorum
953 2911 1105 2976 memorie
1129 2911 1273 2992 enodari,
1289 2915 1323 2976 et
1338 2908 1534 2975 confirmati·

401 3036 485 3098 ones,
510 3015 690 3100 libertates,
715 3018 946 3101 immunitates,
972 3019 1155 3104 privilegia,
1181 3019 1409 3103 instrumenta,
1435 3017 1535 3084 ratifi-

401 3125 545 3191 cationes
562 3126 726 3210 perpetuis
752 3127 951 3213 temporibus
967 3128 1159 3213 perennari3
1185 3127 1324 3214 proinde
1339 3126 1413 3194 Nos
1429 3125 1534 3192 Ludo

398 3234 489 3300 vicus
514 3235 577 3302 Dei
602 3237 714 3318 gratia
730 3235 913 3321 Hungarie,
937 3236 1087 3318 Polonie,
1113 3237 1281 3304 Dalmatio
1307 3243 1369 3302 etc.
1396 3235 1468 3302 Rex
1493 3233 1535 3300 ad

399 3341 624 3408 universorum
654 3348 723 3410 tem
762 3345 973 3428 presentium,
1017 3365 1117 3428 quam
1156 3344 1345 3411 futurorum
1384 3345 1533 3410 notitiam

400 3444 547 3512 volumus
564 3448 723 3531 devenire,
740 3449 830 3534 qnod
855 3471 895 3517 ex
920 3473 1004 3536 puro
1035 3451 1144 3518 animo
1169 3458 1202 3517 et
1216 3450 1351 3518 sinceris
1368 3449 1534 3518 affectibus

399 3551 551 3638 Regnum
566 3563 713 3623 nostrnm
739 3557 877 3626 Polonie
891 3559 926 3624 in
942 3559 1030 3626 bono
1061 3565 1149 3624 statu
1166 3565 1200 3627 et
1215 3559 1332 3626 robore
1347 3579 1534 3643 permanere

399 3661 608 3746 anhelantes;
632 3665 707 3731 licet
732 3667 815 3734 elias
840 3668 961 3734 nostris
993 3667 1278 3753 promissionibus
1308 3668 1535 3734 instrumento

398 3790 470 3836 rum
497 3792 554 3838 scu
580 3773 828 3857 privilegiorum
842 3773 1031 3842 Nobilibus
1057 3775 1164 3860 ipsius
1182 3774 1290 3860 Regni
1305 3773 1444 3842 Polonie
1458 3773 1532 3842 fuis·

287 3969 292 3980 ⁸
398 3901 503 3946 semus
528 3882 676 3966 obligati,
701 3883 789 3966 quod
815 3883 1045 3952 decedentibus
1076 3883 1170 3951 nobis
1195 3885 1237 3951 de
1260 3881 1324 3951 hac
1346 3883 1429 3962 luce,
1452 3904 1533 3948 mas·

397 3989 539 4058 culinam
564 3993 688 4077 prolem
714 3997 861 4060 nostram
885 3999 1022 4078 tantum,
1042 3998 1075 4060 et
1091 4015 1156 4060 non
1184 3993 1358 4060 femineam
1379 3991 1531 4061 deberent
1596 4027 1598 4076 3

397 4095 518 4164 habere
545 4105 578 4164 et
602 4099 666 4165 sibi
690 4100 835 4185 recipere
864 4107 1015 4170 nostrum
1044 4101 1076 4168 in
1102 4100 1254 4167 heredem
1270 4107 1303 4166 et
1320 4120 1532 4168 successorem
1596 4087 1598 4114 ³

397 4205 505 4290 Regni
532 4207 693 4291 Polonie;
721 4208 850 4275 demum
870 4208 1051 4292 Beronum,
1067 4210 1224 4291 Militum,
1237 4208 1416 4293 Nobilium,
1433 4216 1466 4275 et
1481 4209 1536 4274 ali·

398 4335 491 4379 orum
506 4315 649 4382 omnium
674 4337 833 4384 consensu
851 4325 883 4385 et
906 4319 1075 4386 voluntate
1091 4317 1273 4398 accedente,
1298 4316 1385 4384 tiliae
1402 4323 1525 4384 nostras

396 4443 461 4488 non
472 4429 602 4490 extante
612 4425 707 4510 prole
715 4427 908 4508 masculine,
924 4426 985 4496 sibi
995 4428 1028 4494 in
1040 4424 1200 4494 Dominos
1216 4433 1250 4492 et
1265 4424 1402 4492 heredes
1420 4424 1532 4508 Regni,

398 4531 536 4617 predicti
555 4541 779 4620 acceptarunt,
793 4537 956 4620 quasfieri
966 4541 1097 4602 nostros
1110 4555 1320 4616 successores,
1329 4541 1363 4600 et
1373 4533 1532 4601 Coronam
