3248 5242
620 383 717 448 1392.
1045 331 1050 334 ’
1168 381 1230 454 721

101 552 221 626 Vestro
239 551 425 643 Serenitati,
445 560 486 624 ad
506 561 575 624 cius
592 581 625 625 se
649 561 817 627 conferens
842 565 1040 648 presentiam
1057 565 1171 649 veniet,
1188 573 1240 633 cst

101 666 276 732 relaturus.
292 665 437 751 Ideoque
455 667 667 751 Imperialem
694 667 917 738 Serenitatem
937 671 1095 741 Vestram
1115 677 1239 740 sincere

108 773 326 841 beniuolentia
342 780 375 839 et
389 775 534 842 fraterne
550 775 733 842 dilectionis
749 777 867 844 affectu
883 801 1062 865 precamur,
1078 788 1239 866 quatenus

1 971 2 975 Ἰ
190 883 330 967 predicti
371 885 539 966 relatibus,
581 906 675 968 quem
706 887 740 951 in
771 888 909 970 agendis
941 892 1063 955 nostris
1093 898 1126 956 et
1160 892 1236 977 alijs

100 991 164 1056 sibi
190 989 440 1076 expedientibus
465 989 664 1057 fiducialiter
690 991 808 1061 Vestre
836 993 1011 1062 Serenitati
1038 1000 1238 1066 recoumicti·

100 1120 183 1178 mus,
200 1097 280 1163 velit
299 1098 412 1163 eadem
439 1097 561 1165 Vestra
587 1097 755 1166 Serenitas
775 1101 871 1166 fidem
887 1109 1054 1188 tamquam
1071 1106 1164 1171 uobis
1181 1106 1238 1173 ad-

104 1207 220 1272 hibere
238 1205 413 1288 credentia
424 1207 559 1290 Nosque
570 1206 610 1272 de
628 1215 716 1274 statu
730 1215 846 1293 vestro,
864 1232 959 1294 quem
974 1213 1161 1297 impellente
1177 1235 1236 1279 nos

101 1317 250 1382 fraterno
267 1314 335 1380 zelo
361 1320 395 1379 et
411 1317 706 1399 consanguinitatis
722 1338 808 1383 nexu
824 1339 887 1402 quo
905 1320 1041 1387 inuicem
1058 1323 1234 1406 iungimur,

98 1445 295 1511 prosperum
322 1423 435 1487 audire
461 1429 495 1487 et
520 1444 592 1489 esse
617 1425 769 1509 cupimus,
795 1428 911 1492 vestris
935 1428 1053 1495 litteris
1070 1428 1112 1496 ad
1128 1433 1233 1496 nostri

101 1533 338 1600 recreationem
356 1533 465 1615 animj,
482 1553 555 1598 cum
570 1531 727 1598 habilitas
744 1535 923 1619 modusque
939 1539 1118 1621 patuerint,
1133 1538 1234 1606 intor-

105 1661 208 1723 mare,
218 1647 340 1706 statum
351 1646 508 1721 nostrum,
525 1661 563 1704 ac
580 1638 789 1706 Serenissime
799 1639 939 1707 Domine
956 1643 1085 1712 domine
1100 1647 1233 1731 Marga-

102 1752 167 1816 rite
184 1748 295 1814 eadem
324 1750 433 1832 gratia
457 1747 619 1813 dictorum
640 1747 828 1831 Regnorum
844 1749 971 1832 Regino
987 1752 1165 1820 reuereude
1180 1775 1233 1838 ge·

98 1857 236 1938 nibisis,
253 1863 286 1921 et
301 1854 440 1921 illustris
456 1854 611 1920 Johanne
629 1858 748 1924 sororis
765 1859 1030 1927 nostrarumsore
1041 1862 1150 1944 gratia
1167 1885 1233 1928 om·
1326 1865 1328 1868 ’

97 1967 189 2032 nium
208 1963 397 2030 Conditoris
424 1963 629 2044 incolumem,
644 1964 707 2046 ipsi
725 1962 845 2030 Vestre
861 1963 1039 2052 Serenitatj
1058 1971 1141 2036 serie
1158 1991 1231 2055 pre·

99 2073 241 2140 sentium
258 2073 456 2136 intimantes.
472 2069 546 2135 Has
565 2077 673 2136 autem
690 2077 819 2136 nostrus
835 2072 964 2140 litteras
980 2076 1095 2143 exinde
1111 2075 1180 2163 fierq'
1199 2084 1233 2145 et

98 2181 212 2264 magni
237 2175 539 2263 nostri'pendenns
565 2178 665 2260 sigilli
689 2178 845 2262 jussimus
876 2183 1073 2264 appensione
1105 2186 1221 2270 munirj
1337 2265 1342 2276 ,

95 2291 190 2356 Data
209 2287 337 2372 Gayete
363 2288 397 2350 in
422 2287 570 2352 absentia
594 2286 777 2369 Logothete
803 2294 836 2352 et
860 2287 1094 2375 Prothonotarj
1120 2290 1230 2376 Regni

94 2399 202 2463 nostri
237 2395 347 2462 Sicilie
381 2395 516 2479 eiusque
550 2394 815 2460 Locnmtenentis
855 2417 913 2479 per
943 2398 1046 2464 virum
1092 2402 1230 2470 nobilem

93 2503 266 2569 Donatum
298 2504 337 2569 de
369 2502 487 2568 Aretio
519 2502 646 2585 Legum
677 2499 855 2566 Ductorem
887 2511 946 2570 etc.
978 2529 1063 2573 anno
1094 2508 1228 2594 Dominj

97 2609 460 2680 MOOOLXXXXII.
472 2610 524 2674 die
542 2608 666 2675 decimo
684 2616 800 2675 octauo
817 2615 938 2678 mensis
956 2612 1110 2680 Octubris
1127 2617 1230 2700 prime

96 2723 298 2803 indictionis,
314 2722 503 2804 Regnorum
520 2725 707 2786 nostrorum
724 2741 810 2784 anno
827 2727 927 2787 sexto.

94 2869 135 2939 (A
152 2869 294 2935 ›Begistri
307 2867 459 2933 Angioini«
478 2871 537 2917 363.
552 2881 586 2915 sz.
606 2882 639 2930 a,
653 2867 719 2931 Reg.
733 2865 855 2916 Ladislai
869 2867 953 2930 Regis
967 2867 1111 2918 kdtetebdl
1127 2872 1187 2920 165.
1201 2873 1219 2922 l.

395 2973 428 3007 aa
442 2957 526 3009 olasz.
542 2959 585 3008 kir
598 2959 712 3022 ntpolyi
734 2956 927 3020 levtltarban.)

582 3119 743 3128 ———-—

625 3281 700 3345 445.

93 3445 214 3515 Lcczlc
228 3445 352 3514 sicilici
377 3445 493 3533 lcirn'ly
519 3449 552 3510 to
576 3469 718 3532 mapyar
740 3443 933 3534 ellenkirctly
949 3471 969 3512 o
985 3449 1077 3513 tdrb‘lc
1094 3449 1225 3514 cadczdr

343 3557 562 3644 fdtiaztjeinek
579 3556 713 3643 ajdnlja
729 3554 857 3623 abacta.
882 3558 977 3622 1392.

203 3717 379 3785 Ladizluus
405 3721 479 3784 Rex
502 3725 561 3784 etc.
587 3717 708 3784 illustri
730 3719 886 3785 Amortas
911 3718 1015 3782 amico
1043 3723 1155 3783 nostro
1172 3737 1223 3782 ca·

89 3827 222 3894 rissimc
238 3828 376 3894 salutem
393 3833 426 3893 et
441 3828 567 3892 sincere
593 3825 774 3893 dilectionis
792 3825 952 3892 affectum.
975 3825 1044 3890 Pro
1061 3825 1223 3907 aliquibus

90 3937 232 4022 agendis
257 3939 376 4003 nostris
402 3937 559 4003 honorem
583 3942 615 4000 et
640 3941 763 4002 statum
788 3941 934 4002 nostrum
954 3933 1222 4000 concernentibus

87 4047 197 4111 virum
229 4043 369 4111 nobilem
487 4043 682 4109 familiarem
713 4049 746 4109 et
775 4042 904 4110 fidelem
944 4047 1089 4112 nostrum
1125 4040 1220 4106 dilec·

88 4162 165 4221 tum
190 4153 234 4218 ad
257 4155 454 4238 presentiam
480 4151 683 4218 serenissimi
704 4151 868 4236 Principis
886 4150 1008 4216 domini
1024 4149 1142 4215 Panait
1157 4147 1222 4214 Im*

88 4263 256 4350 peratoris
282 4263 463 4329 'lurcorum
489 4260 619 4326 maioris
644 4259 758 4325 fratris
783 4259 897 4343 nostri,
921 4263 958 4323 ut
984 4256 1123 4342 quedam
1139 4255 1221 4322 Eius

88 4371 269 4455 Serenitatj
287 4371 393 4437 nostri
401 4375 496 4456 parte
513 4367 642 4450 referat,
653 4368 895 4452 presentialiter
911 4366 1092 4446 mictimus;
1108 4365 1159 4448 cuj
1177 4365 1218 4430 si*

89 4478 214 4545 militer
240 4487 331 4546 certa
355 4477 550 4544 fidntialiter
575 4477 793 4542 commisimus
819 4497 878 4560 per
904 4495 975 4538 eum
1001 4471 1092 4539 vobis
1109 4470 1221 4539 eadem

91 4588 199 4655 nostri
215 4595 310 4673 parte
326 4588 521 4656 verbotenus
537 4584 716 4654 referenda.
733 4583 945 4670 Quapropter
954 4581 1123 4647 Illustrem
1140 4576 1221 4646 Ves·

141 4727 204 4762 nou·
220 4727 301 4762 nonos
317 4727 384 4762 man.
401 4726 470 4761 uren.
487 4733 530 4742 -
547 4723 615 4759 sors
630 4724 690 4758 uxr.
706 4722 744 4756 111.
1070 4692 1111 4753 46
