3214 5250
600 289 693 351 1387.
1145 284 1208 350 635

80 466 155 528 tuta
171 462 283 528 extitit
298 462 435 546 pristine
451 464 604 530 libertati.
629 464 681 530 Da
706 463 941 548 significatione
966 467 1075 528 autem
1100 462 1148 526 rei
1165 461 1210 526 sic

80 578 173 653 geste
190 571 317 654 prefate
334 573 498 639 devotioni
515 573 632 657 dignas
657 573 836 657 gratiarum
863 571 1032 638 referimus
1056 571 1211 636 actiones.

82 676 149 744 Sed
166 700 256 744 exre
273 680 343 764 ipsa
359 679 447 747 aridi
464 686 496 747 et
511 681 649 747 libentes
665 681 926 764 recognoscimus
952 680 1070 746 bonam
1097 685 1130 744 et
1155 699 1213 743 an-

80 787 209 870 tiquam
234 787 480 870 dispositionem
512 796 653 854 vestram
684 790 726 855 ad
752 788 1009 872 beneagendum,
1025 792 1213 870 rectumque

82 893 191 959 zelum
208 899 241 959 et
255 915 314 979 per
330 899 470 962 maiores
486 902 611 962 vestros
625 896 723 962 laude
740 897 911 981 dignorum
922 901 1087 980 gestorum
1105 894 1211 960 imita-

80 1002 207 1066 tionem
231 1004 448 1070 roluntariam
474 1009 507 1069 et
531 1004 731 1088 preclaram]
758 1005 798 1070 de
815 1025 880 1090 quo
895 1024 953 1068 voa
978 1002 1153 1086 plurimum
1177 1003 1212 1067 in

79 1109 224 1175 Domino
240 1111 513 1195 commendamus,
528 1133 584 1177 vos
601 1112 759 1177 attentius
781 1115 978 1194 excitantes,
994 1115 1155 1194 quatenus
1172 1110 1213 1175 si·

80 1225 139 1283 cut
156 1219 297 1304 cepistis,
312 1222 361 1286 ita
376 1221 410 1284 in
425 1218 593 1303 prebendo
604 1219 795 1286 charissimo
812 1220 845 1285 in
862 1216 998 1284 Ohristo
1014 1216 1083 1282 filio
1100 1223 1212 1284 nostro

81 1326 295 1411 Sigiemundo
310 1327 395 1411 Regi
413 1328 559 1412 Vngarie
575 1328 706 1409 illustri,
731 1326 818 1393 dicte
842 1326 969 1408 Regina
995 1326 1149 1406 consorti,
1165 1327 1212 1408 ip·

82 1437 180 1519 sique
196 1431 320 1520 Regino
346 1436 552 1520 expedientia
567 1435 711 1521 presidia
736 1441 767 1500 et
783 1435 909 1500 favores
926 1432 1047 1502 Vestra
1063 1434 1213 1500 continue

79 1543 211 1610 firmius
225 1549 413 1627 perseveret
428 1543 633 1627 Magnitudo.
664 1541 753 1608 Nam
777 1564 816 1609 ex
840 1541 910 1625 hoc,
935 1542 997 1607 etsi
1022 1541 1064 1607 ad
1091 1540 1214 1608 stabili·

80 1657 232 1718 mentum
248 1651 410 1718 dictorum
425 1653 529 1735 Regis
546 1658 580 1718 et
595 1652 724 1734 Regina
740 1671 805 1716 non
821 1642 1082 1735 parnm'acoedat
1099 1649 1214 1714 vestris
1337 1693 1339 1698 -

81 1761 187 1826 etiam
218 1761 383 1844 partibus3
408 1783 448 1826 ex
463 1760 594 1826 illorum
620 1763 839 1844 prosperitate
863 1759 933 1824 vice
959 1757 1127 1842 reciproca
1150 1780 1215 1824 non

81 1869 234 1947 modicus
250 1868 343 1934 favor
358 1870 522 1935 accrescit.
540 1868 606 1935 Sed
622 1875 655 1934 et
670 1867 774 1948 nobis,
784 1865 900 1951 quibus
911 1865 1095 1932 huiusmodi
1105 1887 1214 1932 eorum

80 1980 289 2063 prosperitas
305 1979 441 2044 multum
459 1979 578 2044 insidet
594 1977 695 2061 cordi,
719 1979 752 2045 id
769 1977 856 2044 cedit
880 1974 922 2043 ad
946 1975 1216 2060 complacentiam

80 2085 296 2170 singularem.
312 2087 359 2152 Et
373 2092 410 2152 ut
421 2083 677 2169 Circumspectio
693 2084 816 2153 Vestra
831 2090 977 2150 nostram
992 2084 1079 2149 circa
1094 2084 1155 2148 hec
1170 2081 1217 2148 al-

33 2205 36 2210 “
80 2194 259 2259 factionem
275 2200 450 2277 agnoscat;
468 2193 637 2259 scribimus
662 2191 800 2277 prelatis
815 2192 902 2275 Regi
918 2198 952 2257 et
977 2190 1102 2276 Regina
1127 2191 1218 2258 iuxta

80 2310 232 2367 tenorem
257 2301 462 2385 presentibus
487 2301 707 2368 interclusum.
724 2300 887 2383 Dispositi
903 2320 1032 2385 quoque
1048 2320 1157 2366 sumus
1174 2299 1215 2366 ad

80 2409 312 2477 correervanda
328 2417 362 2475 et
376 2410 527 2494 augenda
550 2410 688 2477 honores
716 2415 748 2474 et
764 2409 934 2474 commoda
959 2415 1066 2475 vestra
1089 2407 1217 2474 favora-

79 2519 209 2598 biliter,
225 2523 382 2601 quantum
399 2542 471 2584 cum
487 2518 560 2586 Deo
576 2519 766 2602 poterimus,
777 2539 940 2603 apponere
950 2522 1062 2603 partes
1075 2521 1216 2582 nostras.

79 2628 213 2694 Datum
230 2626 318 2693 Luce
334 2623 473 2694 XVIII.
489 2625 649 2694 kalendas
665 2628 690 2698 J
691 2627 759 2710 ulii,
775 2625 991 2694 Pontificatus
1007 2624 1112 2693 nostri
1132 2644 1215 2691 anno

80 2735 223 2804 decimo.

82 2884 122 2950 (A
139 2881 244 2950 »Copia
257 2883 291 2932 da
305 2882 546 2936 commemorialir
562 2883 653 2934 czimil
667 2883 805 2936 velenczei
817 2883 995 2947 allamkdnyv
1009 2882 1086 2934 VIII.
1110 2878 1218 2932 kdtetd-

568 2975 623 3026 bol.
638 2977 698 3026 30⁴.
711 2974 742 3036 l.)

574 3140 735 3151 ,ρ--μ-ᾐ

82 3465 218 3549 ,lIarqit
243 3461 372 3528 sicilici
398 3463 566 3548 kirdiyni,
590 3461 638 3526 ΙΙ.
666 3461 791 3547 Keiroly
816 3481 957 3546 mapyur
972 3459 1004 3523 e‘e
1020 3458 1146 3523 sicilici
1170 3457 1219 3522 ki·

81 3571 232 3655 rcilyndlc
256 3580 393 3658 bavepye,
418 3570 654 3657 eqyeaerumind
669 3569 724 3652 fia
750 3568 868 3632 Letazld
892 3566 1018 3631 sicilici
1034 3565 1218 3652 kirdlynalr
1294 3551 1299 3560 ’

82 3681 224 3746 nebeten
240 3679 602 3766 meqbatalmazottakat
628 3700 719 3744 aenea
735 3677 779 3756 ici,
795 3677 853 3739 kile
868 3675 991 3741 Arenae
1005 3680 1111 3740 udroet
1126 3675 1220 3739 diocl-

298 3788 365 3876 jcile
382 3787 567 3876 aflorenczi
583 3784 875 3872 kbztdrsasa'qnak.
901 3787 997 3849 1387.

200 3948 240 4014 ln
266 3949 330 4014 Dei
356 3947 483 4014 nomine
510 3947 624 4014 Amen.
643 3943 744 4012 Anno
759 3945 893 4011 Domini
910 3943 1079 4010 millesimo
1095 3946 1220 4006 trecen·

79 4058 208 4126 tesimo
224 4057 444 4142 octuagesimo
462 4057 612 4140 septimo,
627 4054 800 4120 indictione
815 4052 949 4133 decima,
972 4051 1024 4116 die
1039 4070 1115 4114 vero
1126 4047 1220 4113 Luna

81 4151 359 4251 decimaseptima
374 4167 494 4232 niensis
510 4166 535 4231 J
536 4165 614 4244 unii,
624 4162 840 4230 Pontificatus
857 4160 979 4224 domini
989 4157 1118 4224 Urbani
1128 4157 1220 4240 Papa

81 4280 187 4350 Sexti
202 4277 301 4346 Anno
317 4277 449 4343 decimo.
474 4275 539 4340 Per
555 4274 615 4340 hoc
629 4293 763 4359 presens
789 4270 953 4355 publicum
970 4268 1219 4331 instrumentum

80 4391 135 4456 sit
152 4386 300 4453 omnibus
316 4387 531 4465 manifestum,
557 4382 644 4467 quod
669 4401 719 4445 me
745 4377 888 4444 Notario
913 4380 946 4440 et
971 4373 1106 4439 testibus
1120 4370 1222 4436 inira-

82 4497 226 4581 scriptis
253 4495 469 4582 personaliter
495 4492 679 4559 constitutis
696 4490 729 4554 in
745 4490 920 4572 conspectu
937 4481 1149 4550 serenissime
1166 4478 1222 4548 do-
