3190 5252
780 341 1016 388 orrnonaczur
1038 329 1206 388 runnnnn.

964 631 1038 692 218.

477 789 507 854 A
522 789 645 876 pccuoi
661 790 941 875 kbztdrsosdpnalc
958 813 979 852 a
988 790 1144 878 florenczi
1160 790 1379 878 kbztdrsosdp.
1404 794 1488 856 1381.

646 951 672 1018 J
674 950 880 1017 anuensibus

536 1059 713 1144 Magnifice
731 1065 764 1124 et
778 1057 915 1124 Excelsa
931 1057 1081 1139 Domine,
1096 1057 1201 1124 frater
1217 1067 1249 1125 et
1264 1062 1366 1128 amice
1381 1059 1538 1126 karissime.

430 1168 555 1234 Pacem
579 1174 782 1234 contractam
808 1167 895 1232 inter
919 1164 1166 1233 Serenissimom
1190 1170 1401 1252 Mcjestatem
1425 1169 1537 1236 Domini

429 1279 535 1342 nostri
551 1277 673 1343 domini
690 1278 792 1359 Regis
809 1273 968 1359 Ungarie,
984 1297 1040 1341 vos
1057 1281 1091 1341 et
1106 1275 1278 1360 colligatos
1297 1285 1420 1344 vestros
1437 1299 1472 1342 ex
1484 1298 1536 1341 uno

429 1392 531 1468 parte,
548 1392 580 1450 et
596 1385 790 1470 Magnificos
807 1385 928 1450 fratres
944 1391 1077 1466 nostros,
1095 1382 1274 1451 Commune
1290 1385 1491 1454 Venetiomm
1504 1405 1536 1447 er

435 1493 550 1576 altera,
573 1493 666 1559 nobis
691 1515 751 1577 per
777 1501 900 1559 vestras
935 1491 1063 1559 litteras
1089 1493 1132 1558 ad
1152 1494 1368 1578 jocunditatis
1393 1493 1536 1560 cumulum

432 1604 627 1684 nuntiatam,
652 1609 686 1668 et
706 1603 774 1686 jam
799 1601 935 1686 pridem,
953 1609 985 1667 et
1001 1601 1034 1666 in
1049 1609 1230 1668 vestrarum
1256 1604 1464 1688 scriptionum
1477 1621 1535 1685 pre

433 1711 625 1792 mutatione,
640 1711 706 1775 leta
722 1715 832 1774 mente
857 1710 1069 1792 percepimus,
1085 1710 1168 1775 etin
1184 1731 1223 1775 ea
1239 1712 1402 1777 vobiscum
1417 1710 1536 1776 maxims

434 1818 654 1901 gratulatione
685 1825 870 1883 nostrarum
901 1819 1058 1884 mentium
1088 1820 1283 1885 exultamus.
1325 1819 1396 1905 Qua
1427 1818 1536 1902 quidem

430 1931 523 1990 tanto
539 1926 635 1993 letior
652 1928 798 1994 sensibus
824 1927 942 1992 nostris
969 1929 1116 2008 accessit,
1133 1936 1257 2011 quanto
1275 1929 1439 1994 molestior
1454 1926 1537 1989 nobis.

432 2055 531 2116 quarn
547 2035 619 2100 aliis
636 2044 709 2101 erat
734 2035 791 2101 illa
817 2036 927 2100 feralis
944 2035 1020 2101 belli
1046 2035 1221 2119 discordia,
1236 2059 1299 2121 que
1315 2044 1367 2102 tot
1382 2035 1467 2100 annis
1479 2053 1537 2097 cum

431 2144 531 2208 totius
557 2140 817 2209 Christianitatis
834 2142 1005 2227 dispendio
1021 2164 1077 2208 vos
1093 2144 1234 2210 involvit.
1252 2143 1342 2228 Quid
1358 2151 1427 2210 erat
1440 2141 1537 2218 uidere,

431 2251 551 2316 fratres
566 2252 741 2330 karissimi,
758 2258 809 2316 tot
824 2251 901 2316 hinc
916 2251 992 2317 inde
1008 2257 1183 2318 terrestres
1204 2255 1377 2336 exercitus,
1388 2258 1536 2330 tantosque

433 2381 492 2441 per
507 2367 680 2444 utrumque
705 2381 794 2424 mare
820 2360 972 2424 classium
995 2358 1128 2424 bellicos
1155 2360 1364 2444 apparatus?
1389 2359 1466 2444 Quid
1480 2361 1535 2420 eret

431 2469 575 2551 aspicere
601 2490 656 2533 vos
682 2473 716 2532 et
737 2465 812 2532 illos
829 2467 910 2532 duos
927 2466 1027 2532 Italie
1043 2468 1285 2552 potentissimos
1310 2469 1449 2553 populos,
1463 2472 1535 2529 terra

430 2575 578 2659 marique
593 2577 679 2642 tanti
696 2575 862 2658 sanguinis
884 2576 1041 2658 impensa,
1058 2583 1151 2641 tanto
1167 2578 1380 2660 pecuniarum
1395 2572 1535 2660 profluus,

430 2689 564 2767 tamque
589 2685 764 2751 obstinatis
799 2684 883 2750 odiis
919 2683 1114 2751 decertare?
1141 2685 1203 2751 stb.
1250 2721 1294 2732 —
1342 2723 1384 2733 -
1428 2721 1465 2732 -
1503 2715 1535 2726 -

431 2828 474 2836 -
521 2828 564 2836 —
611 2791 698 2858 Data
723 2792 893 2858 Florentia
909 2794 941 2858 in
959 2794 1142 2859 reversione
1159 2795 1300 2860 cursoris
1318 2795 1370 2860 die
1387 2793 1444 2862 VI.
1458 2791 1536 2858 Octo

430 2900 498 2966 bris
514 2897 556 2969 V.
571 2900 750 2966 indictione
765 2900 1066 2970 MCCCLXXXI.

431 3047 557 3106 (Eredeti
570 3048 785 3112 fogalmazvdny
798 3064 815 3097 a
828 3050 965 3115 »signori
979 3051 1135 3116 Carteggie,
1149 3051 1277 3100 Missivc«
1292 3051 1345 3100 oth.
1365 3051 1437 3100 ΧΙΧ.
1449 3043 1535 3109 holegi-

645 3139 699 3188 ben
716 3143 774 3188 177.
789 3155 827 3189 sz.
841 3155 874 3202 a,
888 3155 905 3188 a
918 3141 1051 3191 florenczi
1065 3156 1139 3206 nsgy
1152 3142 1347 3201 leveltdrbon.)

961 3450 1035 3512 219.

429 3609 459 3668 A
477 3605 631 3692 floreaczi
655 3607 933 3692 lciiztdroasdpoolo
950 3609 1152 3694 cpyczlccddsc
1178 3635 1198 3674 o
1223 3611 1330 3676 Jo'oos
1357 3609 1474 3676 mucidi
1487 3607 1530 3671 ldl

428 3716 720 3801 paranrsooksdpo
737 3716 821 3780 olott
848 3718 1130 3802 Olosrorszdpban
1155 3721 1306 3786 barczold
1321 3743 1455 3808 mapyor
1468 3733 1530 3794 screa

838 3826 1017 3891 vezc'reiucl.
1043 3830 1139 3890 1381.

537 3982 578 4046 In
594 3981 718 4048 Christi
744 3987 871 4050 nomine
898 3983 1015 4054 Amen.
1040 3990 1139 4054 Anno
1155 3987 1290 4054 Domini
1307 3991 1349 4056 ab
1366 3991 1430 4056 eius
1445 3986 1527 4051 [noor-

429 4090 560 4155 natioue
587 4090 759 4158 millesimo
784 4096 1011 4161 trecentesimo
1037 4098 1234 4180 octogesimo
1251 4097 1367 4180 primo,
1382 4092 1526 4162 indictione

428 4199 555 4280 quinta,
585 4197 636 4263 die
653 4200 821 4283 trigesimo
847 4205 967 4269 mensis
994 4203 1158 4286 Octobris,
1184 4205 1399 4272 Pontificatus
1415 4197 1526 4268 Sanctis·

429 4308 501 4370 simi
518 4308 552 4370 iu
569 4305 702 4374 Christo
720 4309 832 4376 Patris
849 4319 881 4376 et
898 4311 1031 4378 Domini
1057 4312 1180 4378 domiui
1200 4313 1333 4379 Urbani
1349 4314 1433 4395 Papa
1446 4303 1524 4372 Sexti·

429 4414 600 4496 Magnifioi
616 4415 751 4499 Milites,
769 4417 916 4486 dominus
942 4421 1112 4488 ‹lolraunes
1130 4421 1254 4504 Augud
1272 4421 1430 4505 Anglious,
1443 4421 1466 4478 et
1481 4410 1522 4474 do-

430 4521 534 4588 minus
551 4524 739 4590 Everardus
765 4525 881 4592 Comes
908 4529 947 4593 da
973 4531 1089 4596 Laudo
1106 4527 1300 4613 capitaneo
1325 4517 1523 4595 HenricnsAl·
