3182 5252
405 359 470 420 588
757 373 991 420 announcanu
1008 359 1178 420 umbrare

403 537 482 602 salis
498 537 700 620 opportunis,
726 541 759 600 et
784 533 983 616 generaliter
1008 533 1051 598 ad
1076 534 1186 598 omnia
1212 531 1280 597 alia
1294 538 1325 594 et
1345 529 1467 614 singula
1479 530 1517 594 la·
1585 549 1587 594 ὲ

404 645 555 711 ciendum
572 653 605 710 et
621 644 861 729 procurandum
880 644 941 709 stb.
1264 652 1268 658 '

522 851 529 858 ε
597 793 632 856 (Α
646 791 850 858 Syrnlimctusck
863 792 1028 856 kiinyvtnek
1042 791 1064 840 Ι.
1078 789 1220 840 lriitetdbttl
1238 794 1297 837 160.
1310 790 1340 849 l.)

889 953 1049 963 ...a—⁷...-

933 1083 1006 1143 326.

405 1239 436 1308 A
467 1243 618 1306 cclercrzei
635 1245 912 1330 kornninytanci'cs
932 1243 1073 1327 polysii-a
1102 1240 1243 1318 Quirino
1259 1239 1522 1304 Jabatkiezata·
1586 1251 1587 1268 ¹

775 1351 896 1416 drrldsa
916 1351 1061 1434 iiqye'ben.
1081 1349 1174 1413 1385.

513 1511 574 1578 Ser
590 1510 788 1575 Desiderato
806 1510 915 1575 Luceo
931 1508 1072 1575 Notario
1089 1516 1210 1574 nostro.

513 1617 720 1682 Desiderate.
737 1618 933 1701 Recepimus
950 1617 1020 1682 beri
1038 1615 1083 1680 X.
1100 1619 1245 1700 Augusti
1260 1616 1377 1682 literas
1394 1623 1462 1680 tuas
1475 1615 1523 1680 ds·

404 1732 455 1791 tas
472 1726 635 1809 Zagrabie
652 1727 792 1792 seeundo
810 1726 956 1809 preteriti
972 1728 1093 1790 mensis
1119 1725 1272 1809 Augusti,
1289 1748 1339 1804 ea,
1364 1747 1427 1808 que
1451 1722 1521 1788 lece

405 1856 460 1898 ras
477 1855 547 1898 cum
567 1833 745 1918 Magnifica
763 1834 893 1900 domino
903 1832 1063 1918 chvoda
1073 1840 1107 1898 et
1117 1833 1203 1899 circa
1214 1833 1354 1899 liberam
1363 1833 1524 1898 relaxatio·

304 1925 307 1936 ¹
406 1963 477 2004 nem
498 1941 558 2006 riri
574 1940 693 2008 nobilis
709 1941 734 2006 J
735 1941 828 2007 acobi
845 1940 983 2025 Quirino
994 1941 1146 2008 seriosius
1156 1941 1381 2018 continentes3
1398 1963 1455 2025 pm
1464 1938 1525 2022 qni·

405 2047 467 2112 bus
485 2053 572 2113 tuam
592 2047 795 2132 diligentiam
812 2057 845 2113 et
860 2047 1096 2114 solicitudinem
1122 2049 1238 2114 meritc
1263 2048 1523 2114 commendamus
1585 2041 1587 2048 ’

407 2154 462 2220 Ad
478 2156 602 2220 factum
630 2164 739 2221 autem
756 2157 853 2222 eundi
870 2157 912 2222 ad
929 2155 1175 2224 serenissimam
1193 2156 1360 2222 dominam
1375 2157 1524 2240 Reginam

407 2263 581 2346 llmgarie
597 2264 815 2347 rescribimus
831 2265 918 2348 quod
936 2265 963 2328 si
983 2264 1106 2347 absque
1131 2264 1275 2347 periculo
1292 2265 1341 2329 ire
1367 2271 1465 2348 potes,
1479 2283 1525 2324 va·

406 2368 466 2435 das
482 2372 515 2452 in
532 2372 661 2436 nomine
678 2372 829 2453 Domini;
854 2375 973 2438 sivero
990 2372 1113 2438 irenen
1129 2371 1264 2455 poteris,
1283 2370 1447 2438 Venecias
1460 2391 1524 2434 cun

407 2487 521 2545 nostra
538 2481 649 2564 gracia
665 2482 852 2548 revertaris
871 2479 936 2546 Sed
953 2488 1028 2546 ante
1043 2485 1134 2546 tuum
1152 2501 1313 2546 recessum
1332 2477 1525 2544 scriberede·

405 2588 484 2657 beas
500 2588 628 2671 prefate
644 2589 774 2654 domine
784 2588 920 2672 Regina,
933 2589 1075 2672 qualiter
1092 2591 1156 2653 iam
1172 2588 1284 2653 multis
1301 2587 1417 2652 diebus
1434 2583 1524 2670 appli-

407 2697 504 2762 cuisti
521 2696 746 2778 Ysagrabiam
762 2718 822 2779 pro
838 2694 944 2762 eundo
961 2696 1002 2760 de
1027 2701 1140 2760 nostro
1168 2695 1325 2760 mandato
1348 2694 1392 2758 ad
1410 2713 1526 2778 presen-

406 2805 484 2874 tiam
503 2801 569 2868 Sue
586 2804 773 2869 Maiestatis
789 2825 848 2887 pru
863 2790 1073 2884 bona'causa²
1090 2808 1123 2868 et
1138 2803 1237 2867 etiam
1252 2823 1312 2885 pro
1339 2799 1526 2867 notificando

407 2911 564 2992 Reginali
580 2909 766 2994 Serenitati,
783 2912 926 2995 qualiter
941 2911 1093 2994 providus
1110 2912 1158 2976 rin
1173 2911 1197 2977 J
1199 2911 1345 2976 ohannes
1372 2907 1526 2974 Plumatic
1543 2943 1545 2948 ·

407 3019 568 3086 Notarius
586 3026 618 3084 et
636 3019 775 3084 Nuntius
802 3027 911 3084 noster
935 3021 1001 3083 iam
1027 3017 1177 3102 pluribus
1203 3017 1317 3083 diebus
1344 3018 1407 3083 fuit
1432 3023 1462 3080 et
1486 3024 1526 3078 est

407 3127 512 3194 Jadre
530 3149 599 3190 curn
618 3128 756 3210 pecunia
780 3148 864 3210 page
889 3128 1053 3210 presentis
1078 3127 1165 3207 anni,
1192 3134 1329 3210 paratus
1351 3125 1394 3190 ad
1410 3143 1526 3208 presen-
1586 3197 1587 3200 Ἴ

407 3236 486 3305 tiam
503 3232 568 3299 Sue
595 3236 783 3300 Maiestatis
800 3235 955 3300 accedere
975 3241 1008 3300 et
1024 3236 1144 3300 dictam
1162 3235 1331 3317 pecuniam
1359 3235 1527 3318 assignare,

407 3341 582 3412 dummodo
600 3343 735 3408 haberet
752 3363 900 3407 securum
916 3343 1111 3407 conductum
1128 3365 1148 3406 a
1164 3340 1272 3406 Jadra
1285 3361 1390 3424 usque
1408 3341 1526 3423 adpre

409 3453 547 3514 sentiam
564 3448 629 3516 Sue
647 3450 843 3516 Maiestatis.
870 3450 910 3514 In
936 3451 1022 3514 omni
1048 3455 1156 3514 autem
1182 3470 1268 3529 casu,
1284 3448 1391 3514 eundo
1418 3456 1450 3514 et
1473 3467 1527 3512 uun

372 3605 375 3608 -
407 3559 521 3638 eundo,
537 3559 685 3642 significa
701 3560 787 3626 dicto
804 3559 950 3625 Johanni
967 3561 1023 3640 qui
1040 3566 1088 3623 est
1103 3557 1218 3637 dedra,
1248 3557 1405 3640 quicquid
1425 3554 1526 3640 egeris

407 3665 571 3731 Mittimus
587 3667 714 3733 litteras
740 3669 823 3733 duas
850 3665 1027 3751 Magnifico
1052 3667 1180 3731 domino
1207 3665 1373 3749 Voyvodq
1398 3682 1525 3751 quarum

408 3775 535 3857 copiam
552 3775 611 3840 tibi
630 3776 788 3842 mittimus
816 3776 1023 3860 presentibus
1047 3773 1255 3840 interclusam
1271 3795 1330 3858 pro
1355 3779 1417 3842 tua
1442 3772 1526 3838 infcr-

408 3884 558 3947 matione.
575 3882 667 3949 Data
684 3884 766 3950 XII.
782 3882 937 3968 Augusti,
955 3881 1052 3948 VIH.
1069 3882 1254 3948 indictione.

455 4027 491 4085 (A
507 4029 608 4080 »hiber
621 4018 811 4079 secretorum«
827 4030 916 4079 czimil
930 4027 1070 4080 velenczei
1082 4027 1311 4092 allamlrbnyvbdl
1326 4031 1386 4104 tlt.
1402 4041 1440 4078 ez.
1453 4027 1486 4088 a.)

894 4297 1051 4316 ·--—·-·r·
