3210 5252
385 379 428 440 58
737 393 972 440 nrrnonncmnr
988 379 1157 440 annnam.

384 553 586 640 temporibus
612 554 849 639 possidendam,
874 554 1058 638 tenendam,
1083 553 1277 639 habendam,
1302 553 1518 634 vendendam,

385 661 604 748 obligandam,
621 661 815 743 donandam,
832 662 1050 750 alienandam,
1067 661 1313 743 immutandam,
1330 661 1422 728 etad
1440 685 1518 728 usus

385 771 605 854 beneplacitos
632 769 895 836 conuertendam.
921 770 995 837 Hoc
1010 777 1120 835 tamen
1136 769 1276 852 excluso,
1293 769 1380 854 quod
1397 771 1520 853 singuli

384 879 572 946 ometbones
587 880 621 944 in
638 879 725 945 dicta
741 878 818 944 villa
833 879 1012 945 residentes
1028 879 1123 945 nobis
1140 886 1174 943 et
1189 880 1309 944 nostris
1325 880 1517 944 successori·

385 989 446 1055 bus
463 987 600 1072 singulis
617 987 709 1053 annis
725 988 768 1053 ad
784 985 903 1053 festum
929 985 1044 1053 Sancti
1061 987 1201 1053 Martini
1225 986 1420 1053 confessoris
1437 985 1519 1053 duos

386 1117 519 1184 grossos
533 1096 620 1162 latos
636 1095 763 1161 soluere
779 1117 839 1178 pro
855 1115 954 1161 censu
970 1101 1083 1162 nostre
1094 1093 1232 1160 Camere
1248 1097 1313 1160 sint
1329 1096 1469 1176 astricti,
1485 1100 1519 1159 et

386 1205 473 1289 quod
498 1206 742 1288 prenominatus
765 1201 902 1271 Obodlro
918 1209 976 1270 aut
992 1205 1043 1269 sui
1058 1224 1259 1270 successores
1278 1202 1319 1268 de
1333 1205 1521 1288 prescripta

385 1313 465 1378 villa
480 1313 572 1378 nobis
590 1317 646 1378 aut
662 1313 784 1379 nostris
800 1311 984 1393 heredibus
1009 1313 1267 1397 quotiescunque
1283 1312 1326 1377 ad
1342 1313 1521 1395 expeditio

386 1443 459 1486 nem
476 1420 660 1505 generalem
675 1421 709 1484 in
725 1419 831 1486 Terra
848 1417 967 1484 Russie
983 1424 1117 1486 vocatus
1127 1418 1236 1501 suerit,
1252 1441 1323 1485 curn
1340 1440 1406 1486 nna
1422 1419 1521 1484 hasta
1598 1483 1604 1494 ,

387 1535 421 1594 et
436 1549 501 1593 uno
517 1527 676 1610 sagitario
700 1549 773 1592 cum
789 1529 889 1592 armis
913 1527 995 1593 bene
1022 1527 1208 1611 preparatis
1224 1528 1257 1592 in
1274 1525 1367 1610 equis
1383 1524 1521 1591 valenti-

388 1635 448 1702 bus
473 1634 637 1700 tenebitur
668 1633 844 1700 deseruire.
870 1635 1099 1701 Promittimns
1129 1637 1261 1718 insuper
1292 1635 1519 1718 prenominato

387 1744 558 1811 Chodkoni
583 1765 621 1810 ac
647 1746 713 1811 suis
731 1727 980 1827 suecessoribus,
996 1745 1127 1829 quodsi
1144 1751 1259 1829 captus
1275 1744 1326 1809 vel
1343 1746 1434 1828 capti
1450 1743 1519 1808 fue-

389 1855 456 1918 rint
483 1854 541 1919 sub
567 1859 679 1918 nostro
705 1853 867 1918 balmario
893 1849 974 1936 (igy)
988 1854 1021 1916 in
1037 1853 1182 1918 exercitu
1198 1859 1318 1936 nostro,
1334 1873 1390 1916 seu
1406 1851 1521 1934 aliqua

388 1959 507 2026 damna
531 1961 565 2025 in
595 1959 687 2043 equis
713 1958 892 2025 interfectis
918 1961 1124 2044 perceperint
1149 1961 1190 2026 ab
1215 1959 1362 2026 hostibus
1386 1960 1521 2041 nostris,

386 2073 491 2154 ipsum
510 2070 560 2134 vel
577 2070 665 2152 ipsos
681 2067 724 2134 ab
739 2066 927 2134 huiusmodi
937 2068 1127 2151 captiuitate
1138 2068 1286 2135 liberare.
1305 2067 1346 2132 In
1364 2069 1456 2134 cuins
1473 2068 1520 2133 rei

387 2175 608 2244 testimonium
623 2182 793 2260 presentes
818 2175 916 2242 scribi
940 2176 1074 2240 fecimus
1091 2183 1124 2240 et
1139 2178 1242 2242 nostri
1262 2177 1363 2260 sigilli
1387 2177 1521 2242 maioris

387 2287 568 2352 munitione
583 2285 732 2352 roborari
756 2285 879 2350 Actum
897 2291 928 2350 et
945 2284 1057 2350 datum
1073 2286 1107 2349 in
1124 2283 1149 2350 J
1150 2287 1288 2352 aroslaw
1306 2285 1388 2351 feria
1404 2286 1520 2371 quinta

389 2400 462 2476 post
478 2392 563 2458 diem
581 2391 700 2459 Sancte
717 2392 818 2458 Lnoie
846 2392 984 2476 virginis
1010 2392 1151 2476 gloriose
1168 2413 1253 2458 anno
1268 2392 1403 2458 Domini
1418 2395 1519 2461 mille

389 2502 470 2566 simo
487 2502 714 2566 trecentesimo
740 2501 979 2585 septuagesimo
1006 2501 1113 2567 tertio.
1139 2500 1355 2567 Prosentibus
1372 2503 1424 2566 his
1440 2508 1521 2568 stre·

388 2612 460 2676 nnis
487 2611 683 2695 Bohynoono
709 2610 874 2693 Magistro
899 2616 1009 2675 nostre
1035 2608 1143 2693 Cur-ie,
1167 2610 1346 2677 Merbatbe
1362 2609 1403 2677 de
1421 2609 1519 2678 Odio-

389 2721 491 2800 wicze,
506 2718 657 2784 Fencone
682 2720 722 2785 de
748 2717 988 2797 Kunozowioze,
1006 2715 1186 2784 Obodkone
1202 2719 1242 2783 de
1258 2718 1395 2799 Riblicz,
1412 2719 1519 2784 Leone

389 2826 430 2892 de
446 2825 673 2908 Duorkowicz,
690 2825 852 2893 Sienlrone
864 2822 1053 2891 Castellauo
1065 2825 1312 2910 hamburgensi,
1323 2825 1518 2893 etdohanne

391 2934 432 3000 de
450 2933 615 3018 Glogouia
630 2942 742 3000 nostro
759 2933 1027 2999 Prothonotario.

392 3080 428 3140 (A
443 3080 561 3143 »Zapisy
575 3079 719 3130 tribunalu
732 3079 947 3142 nubielskiego«
962 3079 1053 3129 czimd
1064 3079 1275 3143 torvenykezosi
1285 3081 1403 3143 copiatis
1415 3082 1518 3144 konyr·

525 3171 572 3220 bol
586 3184 603 3220 a
616 3170 709 3221 varsbi
722 3171 776 3221 kir.
790 3169 902 3234 lengyel
915 3169 1090 3220 levdltstrban
1104 3171 1192 3221 XXX.
1206 3172 1265 3222 koc.
1280 3175 1340 3222 243.
1354 3172 1385 3235 l.)

873 3329 1035 3340 avua—”-

929 3497 980 3558 55.

393 3655 451 3720 XI.
468 3656 603 3743 Gerpely
618 3663 710 3744 po'pa
728 3657 919 3723 Grtillermot
936 3659 1043 3722 aicuor'
1059 3661 1218 3746 pitspdlcbt
1234 3662 1267 3723 o's
1284 3660 1423 3744 apostoli
1440 3683 1517 3725 aua-

390 3764 761 3848 riustmcpbatalmozra
773 3788 869 3845 arro,
885 3768 966 3852 bopy
982 3791 1003 3829 a
1020 3767 1127 3830 romei
1143 3767 1215 3830 szdlc
1232 3768 1364 3831 conchen
1381 3767 1408 3829 I.
1427 3769 1518 3853 Lepos

390 3893 529 3958 maqyor·
549 3873 581 3937 c's
597 3873 719 3960 loopyel
740 3873 921 3958 birdlylyol
937 3877 1119 3960 szbuetsc'qet
1139 3875 1264 3956 ladasca,
1275 3901 1295 3939 a
1311 3876 1476 3942 Viscontilc
1487 3878 1518 3940 c's

608 4005 646 4046 oz
664 3984 782 4068 epyllia
800 3983 893 4068 epyc'b
910 3982 1077 4070 ellcnsdpoi
1093 3983 1183 4048 olleo.
1209 3987 1305 4050 1374.

497 4139 679 4225 Gregorius
704 4142 890 4227 Episcopus
918 4149 970 4208 etc
996 4143 1176 4210 venerabili
1208 4145 1306 4211 fratri
1338 4144 1518 4212 Gnillerno

388 4248 552 4332 Episcopo
580 4247 716 4315 Senensi
742 4248 934 4334 Apostolice
956 4249 1053 4316 Sedis
1070 4250 1200 4318 Nuncio
1217 4261 1274 4318 etc.
1292 4252 1458 4338 Quoniam
1475 4253 1520 4318 sn·

389 4356 514 4422 niculus
529 4357 650 4442 triplex
660 4357 826 4425 difficilius
836 4359 1012 4443 rumpitur,
1028 4365 1061 4425 et
1077 4381 1137 4442 per
1153 4361 1349 4426 strictiorem
1366 4363 1519 4428 unionem

390 4463 535 4529 fidelium
559 4465 809 4550 malignantium
835 4488 933 4533 ausus
965 4469 1194 4551 reprimuntur,
1220 4491 1259 4534 ac
1285 4475 1393 4535 status
1416 4471 1520 4552 reipu-

393 4570 475 4636 blice
501 4573 676 4639 solidatur:
700 4595 759 4640 nos
784 4573 987 4643 intendentes
1003 4575 1046 4642 ad
1062 4582 1183 4643 statum
1207 4575 1359 4644 Romane
1376 4575 1519 4644 Ecclesia
1596 4625 1597 4628 η
