3134 5254
409 417 473 476 268
762 431 995 475 nrruounczrm
1019 417 1185 475 nnrthunrr.

408 591 541 657 ronibus
566 593 641 672 suis,
667 597 701 656 et
726 592 812 675 quod
837 589 938 656 nichil
963 598 1140 676 potuerant
1165 590 1283 656 lacere.
1299 591 1345 654 Et
1358 589 1451 654 adhuc
1465 610 1513 671 pro

408 699 597 784 accipiendo
614 720 708 766 omne
721 701 775 784 jus
792 721 812 765 a
827 699 931 765 latere
942 721 1010 781 sno,
1020 700 1082 784 ipsi
1093 700 1251 765 miserant
1268 699 1424 764 dominum
1437 697 1515 780 Epis·

407 829 524 892 copnm
543 807 943 898 Quinque-Ecclesiarum,
962 810 1018 890 qui
1043 813 1295 891 supervenerat
1320 808 1358 871 de
1382 803 1516 888 Vnguis,

407 918 570 983 dominum
591 917 703 982 Zuder
720 917 868 998 Petrum,
894 916 1059 982 dominum
1084 917 1248 983 Jacobum
1264 917 1416 1000 Ispanum
1430 935 1515 997 usque

410 1025 569 1106 Paduam,
597 1026 640 1090 ad
666 1023 897 1091 notificandum
924 1025 981 1107 eis,
1007 1025 1093 1108 quod
1111 1026 1138 1089 si
1154 1024 1266 1090 volunt
1281 1023 1516 1090 condescendere

411 1133 455 1198 ad
472 1155 594 1217 pacem,
621 1140 655 1198 et
671 1134 713 1197 ad
738 1153 777 1198 ea
794 1153 858 1216 quc
874 1137 950 1198 sunt
964 1132 1177 1199 rationabilia
1192 1137 1226 1196 et
1241 1131 1387 1211 honesta,
1401 1131 1455 1214 ipsi
1469 1153 1516 1213 pro

409 1241 542 1306 domino
559 1239 654 1324 Rege
679 1247 756 1305 sunt
780 1240 929 1324 dispositi
953 1239 1055 1304 nichil
1071 1239 1262 1305 concludere
1278 1245 1311 1304 et
1327 1238 1443 1304 nullum
1457 1259 1517 1302 con·

408 1348 556 1414 cordium
574 1348 683 1414 lacere
700 1350 769 1414 sine
785 1350 873 1433 ipsis,
900 1349 1027 1414 dicente
1043 1349 1112 1432 ipso
1130 1348 1259 1415 domino
1280 1347 1409 1412 Karulo
1425 1367 1516 1411 versus

408 1477 484 1539 nos3
511 1459 631 1524 sivero
656 1456 791 1539 nollent,
819 1477 896 1522 »nos
913 1477 1022 1523 sumus
1048 1457 1196 1540 dispositi
1222 1477 1292 1520 esse
1316 1456 1468 1521 vobiscum
1480 1453 1516 1520 ad

407 1573 543 1633 mortem
569 1573 603 1632 et
620 1567 663 1632 ad
688 1569 796 1649 vitam,
814 1568 841 1630 si
857 1569 976 1635 erimus
991 1569 1026 1632 in
1043 1567 1247 1632 concordio«.
1265 1565 1461 1649 Replicando
1473 1563 1516 1628 bis

408 1674 468 1740 hec
495 1675 603 1752 rerba,
628 1680 661 1739 et
687 1674 930 1741 concludendo:
951 1674 1033 1740 »Isti
1061 1673 1196 1740 Domini
1221 1675 1378 1740 deberent
1393 1673 1517 1738 essehoc

409 1808 480 1852 sero
497 1785 742 1853 rationabiliter
757 1787 822 1868 hic,
839 1786 998 1851 undenos
1015 1787 1153 1868 potestis
1170 1784 1277 1850 redire
1294 1786 1439 1866 domnm3
1458 1803 1518 1847 cnm

408 1899 520 1960 autern
538 1895 694 1977 venerint,
710 1915 769 1959 nos
784 1895 950 1960 mittemus
967 1915 1026 1977 pro
1043 1893 1142 1974 vobis,
1155 1901 1188 1958 et
1198 1895 1318 1958 erimus
1329 1913 1425 1976 super
1439 1889 1518 1956 lactis

409 2023 471 2084 que
488 1989 585 2067 erunt
600 2000 740 2068 fienda«.
767 1999 874 2085 Super
899 2001 986 2066 lacto
1014 2023 1089 2066 vero
1109 2001 1205 2066 liberi
1222 2001 1366 2086 Dominij
1384 2000 1462 2084 quod
1474 2017 1518 2080 pc·

408 2111 533 2194 tebant,
549 2110 665 2176 audita
679 2113 889 2193 responsione
905 2115 1028 2192 nostra,
1044 2116 1252 2176 removerunt
1268 2131 1312 2192 se,
1329 2117 1360 2174 et
1378 2127 1518 2174 remanse-

410 2226 488 2285 runt
502 2219 655 2285 contenti.
671 2217 742 2285 Nos
758 2224 868 2284 autern
892 2217 1014 2284 auditis
1038 2218 1156 2300 verbis,
1173 2219 1352 2284 obtulimus
1368 2239 1424 2284 nos
1439 2237 1517 2300 para-

409 2333 461 2392 tos
479 2347 605 2410 semper
630 2329 741 2393 venire
766 2326 809 2392 ad
835 2327 904 2411 ejus
929 2327 1137 2410 presentiam,
1153 2327 1412 2410 quandocunque
1428 2326 1519 2390 mittet

409 2456 469 2518 pro
493 2434 596 2500 nobis.
623 2435 696 2500 Hec
722 2455 861 2518 namque
887 2437 995 2500 omnia
1022 2435 1110 2500 dicta
1137 2443 1169 2500 et
1193 2437 1402 2518 supracripta
1417 2433 1518 2502 Vestra

409 2542 633 2609 Dominationi
650 2543 803 2609 distincte
829 2548 908 2609 nota
933 2543 1040 2609 facere
1068 2545 1261 2609 curarimus.
1287 2543 1373 2609 Heri
1391 2541 1451 2608 XL
1466 2539 1518 2604 diei
1562 2571 1564 2608 τ

407 2652 590 2736 recepimus
606 2652 736 2717 litteras
751 2651 998 2718 Dominationis
1023 2651 1142 2720 Vestre
1168 2654 1367 2718 mentionem
1383 2651 1518 2718 iacientes

376 2801 378 2806 -
408 2759 449 2823 dc
465 2761 651 2842 receptione
669 2759 806 2824 duarum
823 2759 1010 2825 litterarum
1026 2761 1198 2825 missarum
1214 2758 1438 2825 Dominationi
1451 2755 1519 2822 Ves
1562 2775 1563 2846 j

408 2871 467 2946 tre,
484 2869 574 2932 etde
600 2869 780 2933 retentione
800 2868 896 2932 nnius
912 2889 951 2932 ex
968 2866 1167 2952 caballarijs,
1185 2890 1267 2950 quos
1284 2868 1459 2946 missimus;
1479 2885 1518 2927 re

408 2976 672 3040 commendantes
698 2996 756 3042 nos
781 2976 888 3058 gratie
913 2981 1026 3040 vestre.
1051 2975 1142 3041 Data
1167 2975 1310 3060 Tarvisij
1329 2975 1382 3042 die
1399 2967 1519 3039 XXVI.

411 3080 611 3165 Septembris
628 3083 711 3148 hora
726 3084 828 3147 tercia
845 3089 921 3148 aute
938 3082 1031 3148 diem.

540 3280 597 3366 34)
621 3275 655 3344 A
679 3281 906 3346 velenczei
932 3281 1132 3364 dogenek
1157 3303 1177 3345 a
1200 3281 1402 3346 kbretelr.

517 3406 731 3474 Serenissime
756 3408 896 3474 Domine
921 3416 1041 3475 noster.
1067 3408 1176 3473 Hodie
1201 3409 1234 3472 in
1260 3427 1357 3472 mane
1390 3405 1519 3472 dominns
1560 3415 1562 3420 '

407 3511 554 3578 Karolus
580 3522 612 3580 et
637 3516 693 3601 alij
720 3517 868 3582 Berones
893 3517 1057 3582 miserunt
1083 3515 1224 3581 secutam
1250 3538 1311 3599 pro
1337 3516 1439 3582 nobis.
1461 3513 1519 3593 Ego

411 3626 518 3684 autem
537 3622 716 3689 Zacharias
743 3627 788 3689 ire
814 3646 877 3690 non
896 3626 997 3708 potui,
1013 3626 1091 3708 qnia
1107 3647 1166 3708 per
1181 3625 1421 3708 appositionem
1434 3621 1520 3705 cujus

409 3724 484 3790 dam
501 3729 642 3809 pulveris
657 3731 755 3797 michi
781 3731 902 3797 factam
919 3733 992 3798 beri
1009 3733 1042 3797 in
1060 3731 1171 3814 thihie,
1189 3734 1223 3796 in
1240 3737 1372 3798 tantum
1388 3735 1459 3814 ipsa
1472 3728 1520 3792 tbi·

408 3831 464 3898 bia
481 3843 553 3899 erat
568 3838 740 3921 indignata
758 3839 852 3926 (igy),
869 3863 907 3907 ac
923 3843 1024 3907 etiam
1039 3842 1140 3923 nervi,
1158 3842 1244 3924 qnod
1255 3863 1393 3924 magnos
1409 3840 1519 3906 dolores

408 3941 567 4022 patiebar.
584 3941 708 4010 Ivimns
734 3968 810 4029 ergo
835 3970 894 4013 nos
919 3949 983 4015 duo
1009 3972 1082 4015 cnm
1098 3949 1229 4015 domino
1246 3948 1416 4030 Generali,
1432 3957 1460 4013 et
1474 3943 1520 4010 lni-

409 4069 478 4113 mus
495 4050 537 4115 ad
554 4056 751 4135 presentiam
776 4055 898 4122 domini
924 4057 1045 4122 Karoli
1062 4064 1095 4122 et
1111 4057 1251 4123 aliorum
1267 4057 1446 4123 Baronnm.
1469 4051 1519 4137 Qui

408 4157 557 4225 dominus
576 4162 721 4228 Karalus
737 4161 852 4230 habuit
868 4164 986 4246 dicere,
1003 4165 1144 4248 qualiter
1163 4163 1313 4231 dominus
1329 4167 1353 4232 J
1356 4165 1471 4231 acchus
1483 4162 1520 4227 Is·
1559 4175 1561 4210 ff

408 4285 513 4348 panus
537 4274 571 4332 et
598 4267 706 4336 Suder
730 4271 851 4337 Petrus
875 4273 997 4356 Barrus,
1025 4274 1082 4356 qui
1098 4273 1226 4338 iverunt
1241 4273 1403 4353 Paduam,
1420 4267 1519 4338 sereni

409 4381 513 4456 erant,
529 4381 562 4440 et
578 4378 623 4443 ibi
640 4388 841 4446 remanserat
857 4402 917 4465 pro
935 4381 1099 4466 aliquibus
1116 4382 1258 4466 negotijs
1280 4378 1518 4462 dominusnpie

409 4503 508 4565 copus
535 4484 944 4570 Quinque-Ecclesiarum3
968 4496 1002 4554 et
1018 4491 1105 4574 quod
1128 4490 1191 4573 ipsi
1207 4496 1274 4554 tres
1306 4487 1456 4555 Barones
1470 4504 1519 4550 cm·

410 4590 504 4658 nibus
520 4593 579 4680 vijs
595 4601 628 4660 et
644 4595 747 4663 modis
764 4597 861 4664 dictis
876 4619 936 4685 per
952 4620 1022 4680 nos,
1038 4606 1071 4665 et
1086 4599 1187 4664 etium
1197 4595 1380 4682 majoribus
1397 4607 1431 4664 et
1445 4593 1519 4662 ultio·
