3134 5254
566 417 662 478 1379.
987 413 990 419 ¹
1114 421 1174 484 251

1 615 2 684 3
64 616 132 658 enm.
147 593 209 676 Qui
225 595 376 660 dominus
394 591 567 660 Generalis
588 594 656 658 heri
678 595 758 662 hora
775 616 981 679 vesperorum
1006 596 1046 661 do
1063 619 1177 682 campo

1 765 2 788 i
64 723 193 768 reversus
208 701 302 768 nobis
319 703 443 785 retulit,
463 701 606 784 qualiter
632 703 737 767 dictus
753 703 902 768 domiuus
927 707 1112 789 Episcopus
1129 727 1178 771 os·

1 794 3 872 l
64 813 154 877 tendit
170 812 233 877 sibi
250 831 348 876 unam
366 811 511 876 litteram
527 810 702 892 credentia,
720 830 819 891 quam
830 813 989 876 miserant
1005 813 1179 880 Ambasia·

63 927 137 985 tores
167 920 387 986 Januensium
411 919 542 984 domino
569 917 708 998 Karolo,
740 920 957 986 continentem
990 921 1024 985 in
1050 919 1177 1006 effectu,

1 993 2 1066 l
62 1031 136 1113 quod
151 1031 296 1113 placeret
312 1029 417 1094 eidem
443 1029 523 1094 dare
549 1025 653 1092 fidem.
671 1025 875 1094 credulitatis
901 1029 972 1113 hijs,
999 1053 1062 1114 que
1077 1041 1174 1116 parte

62 1159 159 1202 eorum
174 1137 235 1203 sibi
251 1142 436 1220 exponeret,
446 1135 522 1200 talis
539 1133 759 1202 Cancellarius
770 1157 847 1201 suus
863 1138 929 1203 sire
946 1136 1117 1206 Notarius·
1131 1141 1179 1206 Et

61 1246 131 1312 dixit
145 1248 211 1330 ipse
228 1247 378 1312 dominus
387 1245 570 1328 Episcopus
587 1245 650 1328 ipsi
670 1245 800 1310 domino
817 1243 982 1330 Generali,
994 1247 1081 1331 quod
1109 1250 1178 1332 ipse

63 1353 274 1420 cancellarius
292 1360 444 1420 oretenus
461 1355 494 1417 in
511 1351 710 1419 Ambasiata
726 1375 786 1418 sua
818 1360 1021 1438 exposuerat,
1038 1356 1179 1438 qualiter

62 1463 182 1546 quidam
198 1463 348 1528 dominus
366 1461 488 1545 Symon
504 1459 638 1526 Sturion
664 1460 688 1525 J
690 1462 842 1526 anuensis
859 1463 1006 1546 captivus
1022 1464 1056 1527 in
1073 1462 1181 1532 Vene-

62 1573 109 1655 lijs
124 1578 256 1637 venerat
271 1592 331 1654 pro
357 1578 450 1653 parte
477 1569 722 1636 Dominationis
748 1570 872 1639 Vestra
898 1569 1061 1656 (llugiana
1076 1578 1110 1638 et
1128 1595 1181 1638 ex-

1 1657 2 1748 l
61 1687 205 1762 posuerat
220 1680 513 1745 Ambasiatoribus
529 1680 553 1744 J
557 1679 744 1744 aunensinm
765 1680 927 1764 predictis,
943 1682 1087 1765 qualiter
1114 1681 1181 1748 Do·

1 1794 2 1865 l
62 1789 186 1854 minatio
203 1788 327 1856 Vestra
343 1787 474 1854 volebat
490 1807 602 1871 pacem
628 1809 699 1853 cum
725 1789 781 1869 eir,
810 1795 843 1852 et
868 1797 940 1854 erat
961 1799 1081 1874 parata
1099 1791 1176 1856 dare

62 1897 100 1960 eis
113 1903 177 1961 tam
194 1896 312 1962 bonaur
329 1903 362 1961 et
378 1896 505 1978 largam
529 1915 652 1978 paoem,
677 1895 767 1978 quod
792 1896 951 1963 haberent
975 1899 1089 1965 merito
1107 1921 1180 1964 con·

1 2026 2 2062 ;
60 2006 227 2084 tentari3et
238 2004 325 2088 quod
335 2025 394 2087 pro
405 2005 479 2086 ipsa
488 2024 567 2087 paee
577 2002 907 2087 tractandaplaceret
917 2003 1181 2089 ipsisAmbasia-

1 2163 2 2203 3
61 2113 174 2178 toribus
206 2111 343 2178 affidare
359 2133 414 2178 seu
431 2111 512 2177 dare
522 2132 669 2176 securum
683 2110 875 2178 conductum
900 2114 956 2178 uni
971 2115 1021 2178 vel
1031 2115 1180 2199 pluribus

1 2225 2 2230 ’
60 2217 251 2304 Nuntijsseu
271 2218 562 2286 Ambasiatoribus
582 2219 682 2302 ipsius
699 2218 820 2285 domini
835 2220 937 2286 Ducis
948 2228 981 2286 et
992 2222 1180 2288 Communis

60 2324 274 2410 Veratianum,
300 2333 337 2393 ut
361 2327 423 2411 ipsi
440 2329 473 2392 in
499 2331 588 2392 certo
615 2327 686 2392 loco
711 2326 886 2392 statuendo
914 2350 1026 2396 secure
1044 2335 1179 2414 possent

1 2441 2 2528 l
59 2437 156 2501 venire
172 2437 215 2502 ad
232 2434 440 2500 tractandum
468 2434 508 2499 de
523 2434 597 2517 ipsa
613 2455 693 2516 pace
718 2455 791 2498 oum
816 2435 879 2517 eis3
895 2438 1089 2504 concludens
1106 2441 1178 2523 ipso

61 2542 276 2610 Cancellarius
291 2541 563 2608 Ambasiatorum
581 2541 811 2624 predictorum,
826 2545 861 2608 in
878 2543 967 2610 diota
983 2568 1041 2612 sua
1057 2544 1182 2613 Amba·

1 2652 2 2691 l
62 2651 138 2716 sista
153 2674 211 2735 per
228 2671 301 2715 eum
318 2649 467 2732 exposita
489 2649 552 2732 ipsi
578 2648 708 2714 domino
724 2649 861 2734 Karolo,
878 2652 964 2735 quod
990 2652 1049 2718 heo
1075 2654 1182 2719 notifi-

1 2700 3 2787 l
61 2757 150 2822 cubat
160 2759 189 2822 ei
203 2765 298 2842 parte
315 2757 458 2839 ipsorum
475 2755 691 2828 Dominorum
707 2779 839 2824 suorum
854 2757 1134 2842 Ambasiatorum,
1150 2769 1183 2828 et

1 2873 3 2958 J
60 2866 137 2946 quod
153 2885 253 2948 super
268 2864 330 2930 hoc
347 2884 411 2929 non
436 2862 648 2930 intendebant
672 2864 788 2946 facere,
812 2865 874 2932 nisi
900 2866 1076 2933 secundum
1102 2869 1181 2952 quid

1 2961 2 3042 l
60 2973 121 3056 ipse
137 2976 286 3040 dominus
303 2973 449 3038 Karolus
466 2971 651 3055 ordinaret;
669 2979 701 3038 et
713 2973 802 3056 quod
818 2997 875 3058 per
892 2977 997 3059 ipsum
1013 2977 1180 3042 dominum

1 3081 3 3146 l
60 3082 216 3148 Karolum
232 3082 296 3147 luit
313 3083 342 3145 ei
359 3101 557 3166 responsum,
573 3081 662 3165 quod
677 3082 730 3147 hic
746 3092 840 3150 erant
858 3081 1110 3150 Ambasiatores
1126 3083 1182 3149 do-

1 3218 3 3248 »
62 3191 131 3254 mini
148 3192 251 3257 Ducis
263 3197 295 3255 et
306 3189 493 3255 Communis
509 3188 733 3272 venetiarum,
745 3196 861 3256 etcum
872 3193 918 3256 eis
930 3192 1000 3275 jam
1015 3193 1183 3258 incoactus

1 3283 3 3382 l
60 3306 124 3364 erat
140 3305 303 3364 tractatus
319 3299 427 3382 pacis3
448 3306 483 3362 et
499 3297 586 3382 quod
611 3298 640 3362 ei
655 3298 746 3364 nullo
763 3299 858 3364 modo
885 3298 1064 3380 videbatur,
1092 3301 1182 3382 quod

1 3387 2 3416 l
59 3407 186 3471 daretur
203 3427 262 3489 per
278 3428 333 3470 eos
349 3406 516 3471 audientia
535 3405 646 3488 aliqua
662 3406 717 3486 ibi,
742 3406 798 3470 sed
825 3413 986 3474 tractatus
1011 3407 1178 3493 predictus

1 3537 2 3598 r
61 3512 124 3579 fieri
149 3514 285 3580 deberet
311 3513 374 3578 nisi
401 3515 434 3578 in
459 3514 627 3597 presentia
651 3515 806 3596 ipsorum,
832 3518 886 3598 qui
913 3517 1183 3599 representabant

1 3601 17 3693 l
59 3641 224 3701 personam
247 3621 406 3704 Regiam3
432 3625 464 3685 et
491 3620 647 3704 quodhic
673 3623 845 3687 convenire
870 3620 1026 3688 deberent
1050 3624 1114 3707 ipsi
1147 3635 1181 3692 et

1 3779 2 3813 3
59 3731 108 3816 alij
125 3733 274 3816 colligati
287 3733 383 3816 juxta
399 3731 543 3812 ordinem
570 3731 693 3814 datum,
709 3738 742 3796 et
757 3731 809 3796 hic
825 3731 917 3797 fieret
933 3739 1093 3799 tractatus
1111 3755 1182 3818 pre-

1 3900 3 3914 s
60 3837 159 3904 dictus
176 3847 208 3907 et
224 3863 288 3906 uon
307 3840 386 3905 alibi
404 3840 469 3905 ullo
487 3839 591 3905 modo.
607 3841 651 3904 Et
669 3860 742 3903 oum
751 3840 823 3904 istis
840 3841 945 3906 verbis
961 3842 1096 3906 recessit
1113 3839 1182 3907 No-

1 3947 3 3954 ’
59 3949 155 4012 tarius
171 3970 229 4013 seu
247 3948 472 4016 Canoellarius
491 3947 758 4013 Ambasiatorum
774 3948 992 4015 Januonsium
1008 3949 1182 4033 predictus
1218 3986 1224 3996 ·

1 4051 2 4068 ³
59 4053 146 4119 Licet
160 4056 261 4120 rerba
277 4056 428 4139 predicta
445 4055 616 4122 videantur
648 4055 837 4122 discordare
854 4078 874 4121 a
890 4056 997 4121 uerbis
1015 4058 1107 4123 nobis
1124 4079 1184 4142 per

1 4193 2 4255 3
60 4163 138 4244 ipsos
155 4163 304 4228 Batones
329 4163 380 4228 die
400 4163 495 4229 Joris
520 4165 668 4248 proxime
693 4165 862 4247 preterita,
889 4165 1065 4247 dequibus
1092 4165 1182 4230 diota

61 4268 107 4335 die
121 4271 216 4336 Joris
226 4273 259 4336 in
269 4269 361 4337 horis
377 4273 463 4340 IIII.
480 4275 585 4340 noctis
601 4296 659 4358 por
676 4280 808 4340 nostras
824 4274 952 4340 litteras
968 4276 1060 4360 plene
1077 4275 1177 4360 serip-

1 4401 2 4443 ᾗ
60 4381 150 4444 simus
167 4379 322 4448 Dominio
348 4381 479 4449 Vestro.
505 4382 644 4465 Insuper
669 4382 784 4449 retulit
810 4384 878 4466 ipse
889 4381 1077 4464 ¹Generalis,
1094 4385 1182 4468 quod

1 4496 2 4511 ³
60 4487 125 4568 ipso
141 4491 299 4556 existente
315 4494 349 4558 in
365 4513 478 4558 mensa
495 4493 538 4556 ad
554 4493 728 4575 prandium
743 4514 816 4557 oum
832 4493 903 4576 ipso
919 4493 1084 4576 Episcopo
1100 4491 1182 4558 dau-

1 4581 2 4624 l
61 4595 161 4677 riensi,
192 4606 445 4683 supervenerunt
469 4599 542 4683 duo,
568 4603 623 4686 qui
649 4603 802 4668 dicebant
827 4621 896 4666 esse
923 4601 962 4667 de
989 4599 1182 4689 Compagna
