3226 5254
433 355 495 416 356
783 371 1017 419 menouaczrnr
1037 357 1206 416 uurmuuu.

431 528 477 593 Et
492 528 533 593 ob
550 529 583 595 id
600 527 783 596 duritatem
800 527 954 597 Vestram
970 530 1048 596 totis
1064 528 1234 595 affectibus
1246 529 1440 612 requirimus
1459 532 1489 591 et
1502 548 1541 590 ro-

430 657 554 721 gamus,
571 643 732 722 quatenus
749 637 791 703 ad
807 643 921 703 nostra
946 637 1091 704 subsidia
1116 637 1291 703 cumomni
1317 641 1424 702 vestra
1449 641 1544 720 poten-

431 745 488 828 tia,
505 746 588 811 sieut
603 745 643 812 de
660 746 751 812 vobis
779 768 869 830 spem
895 748 1047 831 gerimus,
1062 747 1254 830 properetis.
1281 747 1329 811 Et
1344 746 1491 829 quoniam
1505 764 1544 808 res

430 853 474 919 ad
490 859 654 920 certamen
679 862 712 920 et
737 853 929 938 sanguinem
952 855 1021 939 jam
1051 853 1188 933 devenit,
1213 851 1457 918 accelerandum
1474 850 1544 918 omni

430 980 502 1025 cum
518 960 725 1028 festinatione
751 983 935 1044 censemus,
960 983 1034 1026 nam
1062 961 1148 1027 sicut
1164 981 1290 1044 semper
1306 961 1415 1027 nocuit
1429 958 1545 1025 differre

429 1069 565 1150 paratis,
582 1069 627 1134 sic
642 1069 676 1134 in
691 1091 726 1135 re
743 1069 859 1137 bellica
875 1070 947 1134 sola
965 1068 1117 1134 celeritas
1143 1069 1307 1134 consuerit
1333 1088 1495 1134 successus
1509 1065 1522 1129 l
1536 1103 1544 1116 -

429 1175 599 1241 licissimos
624 1178 798 1260 parturire.
824 1175 916 1242 Data
941 1177 1111 1243 Florentia
1137 1175 1188 1241 die
1215 1175 1338 1242 XXII.
1355 1173 1542 1260 Septembris

429 1281 495 1349 ΙΙΙ.
512 1282 689 1352 indictione
706 1283 986 1352 MOOOLXXX.

431 1410 555 1472 (Eredeti
568 1411 781 1477 logelmazvany
792 1428 809 1462 a
820 1413 957 1478 »signori
973 1411 1127 1478 Carteggta,
1140 1412 1269 1462 missine«
1281 1414 1334 1461 stb.
1347 1412 1437 1461 czinru
1450 1410 1541 1474 cszttly

549 1503 625 1552 XIX.
645 1503 799 1566 kdtegtben
822 1507 865 1553 49.
880 1517 916 1553 sz.
930 1517 964 1564 a,
980 1518 996 1552 a
1010 1503 1140 1553 florenczi
1151 1516 1227 1567 nagy
1241 1502 1434 1565 lareltdrban.)

964 1775 1036 1836 175.

431 1935 567 2000 Firmia
583 1937 615 2000 ts
632 1936 785 2002 Escolum
802 1933 1008 2000 udrosolcuulc
1025 1956 1046 1997 a
1054 1933 1210 2020 florenos-i
1224 1933 1443 2018 lctiztdrsosctp.
1463 1933 1543 1996 1380.

645 2095 819 2160 Firmanis.
830 2131 872 2142 -
889 2093 1072 2160 Esculanis.

539 2201 647 2268 Amici
663 2203 835 2268 karissimi.
861 2201 952 2268 Gens
977 2202 1222 2285 Hungarorum,
1238 2221 1375 2283 quorum
1394 2199 1467 2265 Dux
1481 2203 1543 2282 post

431 2309 616 2395 Eugubium
636 2307 837 2398 {occupatum
863 2307 1001 2376 Aretine
1027 2307 1180 2376 Civitatis
1206 2309 1396 2374 Domiuium
1412 2312 1542 2390 accepta·

432 2419 486 2497 vit,
512 2423 660 2483 nostrum
686 2419 888 2484 territorium
914 2418 1100 2502 disponitur
1125 2417 1293 2483 insultare.
1320 2415 1443 2482 Contra
1461 2433 1541 2497 quem

429 2525 587 2608 impetum
603 2533 733 2593 nostras
750 2528 845 2610 vires,
870 2531 904 2592 et
929 2527 1073 2592 omnium
1098 2527 1277 2591 amicorum
1302 2534 1541 2605 nostrorumpo·

429 2634 566 2698 tentiam
582 2654 827 2718 congregamus,
838 2639 1007 2719 sperantes
1016 2635 1049 2698 in
1060 2633 1144 2717 Deo,
1166 2633 1251 2718 quod
1268 2653 1400 2698 causam
1416 2637 1541 2696 nostram

430 2741 519 2806 exitu
535 2741 721 2810 felicissimo
737 2743 936 2810 terminabit.
952 2743 1001 2808 Ut
1017 2744 1117 2827 igitur
1134 2743 1204 2808 sitis
1221 2741 1388 2808 uobiscum
1405 2739 1542 2806 defensio·

429 2848 478 2913 nis
494 2855 603 2916 uostre
619 2851 803 2935 participes,
819 2858 853 2917 et
872 2851 950 2916 socii
975 2850 1107 2916 victorie
1124 2855 1193 2916 tam
1213 2850 1345 2928 famose,
1362 2847 1536 2914 Amicitiam

428 2953 584 3023 Vestram
610 2959 802 3043 requirimus
828 2967 861 3025 et
885 2980 1048 3043 rogamus,
1065 2965 1227 3042 quatenus
1243 2958 1284 3022 de
1303 2965 1428 3040 quantu
1443 2953 1540 3022 maiori

428 3085 561 3129 numero
588 3066 733 3147 gentium
758 3073 960 3132 armatarum
985 3068 1124 3150 potestis
1150 3067 1300 3132 celeriter
1321 3064 1494 3148 providere,
1507 3057 1539 3124 ad

428 3177 541 3237 nostra
567 3171 712 3238 subsidia
736 3173 988 3252 transmittatis3
1013 3179 1050 3238 ut
1065 3181 1217 3257 prompta
1242 3172 1475 3238 necessitudine
1488 3189 1539 3232 ser-

427 3279 579 3344 vitiorum
610 3301 704 3345 verus
735 3301 835 3362 amor,
866 3303 930 3365 quo
962 3280 1059 3346 simul
1099 3282 1326 3366 coniungimur
1359 3279 1539 3347 ostendatur.

427 3385 519 3451 Data
559 3384 729 3453 Florentio
771 3387 823 3453 die
862 3386 1003 3455 XXIII.
1043 3387 1246 3473 Septembris
1284 3387 1354 3453 III.
1387 3387 1539 3453 indictione

427 3491 710 3559 MOOOLXXX.

431 3620 556 3682 (Eredeti
570 3620 786 3686 fogalmazvany
799 3637 816 3672 a
828 3623 965 3689 »signori
989 3625 1146 3690 Garteggio,
1160 3623 1287 3674 Nimium
1302 3625 1355 3676 stb.
1369 3623 1474 3684 cszttly
1486 3615 1539 3668 XIX

590 3711 744 3774 kttegtben
759 3716 801 3763 50.
816 3729 852 3765 sz.
866 3729 911 3779 a.;
931 3731 948 3766 a
961 3715 1093 3766 florenczi
1106 3729 1181 3779 nagy
1193 3715 1389 3776 leveltdrban.)

914 3876 1073 3885 *—

467 4169 495 4226 A
513 4162 665 4226 velenczec'
681 4163 961 4250 loiiztrtrsasdqnulc
977 4187 998 4228 a
1006 4161 1162 4250 florcnczi
1179 4163 1402 4252 lstiztdrsosclp.
1427 4161 1510 4227 1330.

644 4323 788 4390 Venetis.

535 4429 713 4512 Magnifice
731 4439 765 4496 ct
780 4431 918 4498 Excelsa
933 4431 1083 4513 Domine,
1099 4431 1202 4498 frater
1218 4438 1252 4497 et
1262 4435 1366 4497 amice
1381 4427 1538 4497 karissime

426 4537 542 4620 Nuper
557 4537 747 4620 accepimus,
773 4539 860 4621 quod
887 4559 959 4603 cum
976 4539 1193 4604 invictissima
1221 4547 1328 4605 vestra
1352 4540 1451 4605 classe
1469 4532 1538 4598 Ciri-
