3214 5250
598 377 692 440 1387.
968 421 972 430 ·
1146 378 1208 442 649

72 554 145 638 bus,
163 559 328 624 canonicis
345 564 378 623 et
395 555 653 641 municipalibus,
670 556 787 639 quibus
803 560 913 637 posset
931 561 1045 622 contra
1061 557 1210 640 predicta

71 665 124 729 rel
143 666 276 748 aliquod
292 666 511 750 predictorum
529 687 562 732 se
577 664 672 728 tueri.
688 662 727 727 In
745 664 975 745 premissorum
993 671 1101 729 autem
1112 664 1208 730 fidem

73 773 324 865 eteridenciam
341 773 518 857 pleniorem
536 769 741 854 supradictus
759 767 973 834 Sereuisimus
999 771 1158 855 Princeps
1176 776 1209 836 et

71 881 325 946 Illustrissimus
342 882 494 946 dominus
510 881 582 945 Rex
598 901 731 963 presens
758 879 1008 944 instrumentum
1034 880 1105 945 fieri
1121 901 1212 944 man·

70 991 175 1070 davit,
192 1011 229 1054 ac
246 988 344 1072 sigilli
363 991 412 1054 sui
431 989 489 1054 sub
507 990 670 1070 stigmate,
688 1008 744 1051 111
768 987 911 1068 imagine
936 987 1034 1070 sigilli
1059 989 1208 1052 munimi-

69 1120 112 1162 ne
131 1098 292 1163 roborari.
312 1099 433 1162 Actum
449 1103 483 1162 et
499 1097 621 1161 sactum
638 1099 670 1159 in
688 1094 782 1159 domo
796 1095 927 1177 hospitii
938 1094 1208 1162 Serenissimido-

70 1206 156 1270 mini
172 1204 272 1288 Regis
298 1204 452 1288 prelibati
479 1205 512 1266 in
538 1200 701 1282 Chiasma,
729 1202 935 1284 presentibus
960 1202 1154 1270 Reverendo
1170 1203 1204 1267 in

69 1311 210 1377 Christo
225 1321 320 1395 patre
341 1312 484 1376 Domino
502 1311 633 1376 domino
660 1311 828 1374 Demetrio
854 1310 1019 1394 Episcopo
1045 1310 1207 1376 Nitriensi

68 1422 203 1500 Electo,
220 1427 252 1484 et
268 1420 409 1485 strenuis
427 1427 459 1483 et
477 1418 616 1501 egregiis
634 1416 792 1481 militibus
817 1417 1014 1482 Leustaohio
1030 1418 1098 1484 filio
1115 1419 1208 1485 Petri

68 1529 112 1594 11
130 1526 268 1592 Hilstua
293 1529 458 1610 Magistro
484 1525 583 1592 Curie
607 1526 722 1609 Regio,
748 1526 882 1590 Detrico
905 1526 1049 1608 Bubech‚
1066 1527 1205 1593 Nicolao

70 1637 143 1700 filio
161 1637 186 1701 J
188 1636 323 1700 ohannis
340 1635 379 1699 de
397 1633 529 1718 Cariga.
545 1641 578 1699 et
594 1634 707 1699 Frank
724 1633 790 1697 filio
808 1633 972 1716 quondam
990 1631 1156 1715 Combani,
1174 1642 1206 1699 et

68 1740 150 1809 aliis
168 1765 266 1826 quam
283 1743 435 1827 pluribus
453 1741 592 1807 testibus
608 1742 651 1806 11
667 1742 825 1824 premissa
841 1741 965 1806 vocatis
982 1742 1166 1824 specialiter
1176 1751 1209 1807 et

71 1852 214 1933 rogatis.

397 1960 470 2042 Ego
488 1957 688 2024 laurencius
708 1957 865 2025 Vulemus
883 1958 1030 2022 Ecclesie
1049 1957 1090 2021 de
1108 1957 1205 2024 qua-

400 2068 473 2132 nich
484 2066 716 2149 Zagrabiensis
727 2065 874 2130 Diocesis
885 2064 1205 2149 PublicusImperia-

69 2174 110 2259 (J
113 2175 227 2258 egyzti
241 2175 344 2259 jegy.)
399 2175 422 2238 li
439 2175 634 2239 auctoritate
655 2173 821 2254 Notarius,
842 2174 1038 2256 supradictis
1054 2173 1203 2239 omnibus

401 2289 433 2347 et
449 2282 586 2364 singulis
603 2303 736 2365 presens
753 2281 809 2363 fui,
827 2302 930 2362 eaque
942 2287 1075 2364 rogatus
1087 2282 1205 2347 scribe-

401 2411 436 2453 re
456 2410 515 2472 per
531 2388 779 2454 Serenissimum
796 2391 960 2454 dominum
977 2389 1103 2474 Regem
1120 2409 1208 2472 sepe-

400 2496 523 2562 dictum
534 2498 567 2562 in
578 2495 660 2562 hanc
670 2497 807 2562 formam
819 2497 983 2581 publicam
993 2497 1117 2580 scripsi,
1123 2518 1209 2562 meo·

399 2627 537 2688 rumque
555 2607 640 2688 signi
657 2613 691 2669 et
707 2607 845 2671 numinis
856 2606 1035 2670 munimine
1046 2606 1207 2670 roboravi.

70 2753 109 2812 (A
127 2750 229 2799 »Liber
242 2750 410 2800 Paetorum«
425 2751 514 2800 ezimu
528 2751 672 2800 1111111111
686 2751 865 2815 aillaurlrbnyv
880 2753 927 2801 VI.
941 2751 1092 2814 keterebol,
1108 2756 1167 2800 297.
1178 2751 1207 2810 l.)

67 3219 103 3285 Α
121 3221 278 3283 velenczei
294 3220 504 3304 beztdrsaea'p
521 3242 559 3282 uz
576 3219 715 3303 apostoli
731 3219 856 3282 11111111
874 3243 893 3280 (ι
912 3243 1012 3304 alapa
1027 3219 1164 3282 re'sze'rb'l
1176 3220 1206 3284 ia

69 3330 258 3414 ta'nwgatju
286 3329 399 3391 Mario
417 3327 640 3412 birrilpne'uulc
657 3328 709 3391 lec't
728 3351 867 3413 mappae·
888 3327 1075 3412 ptr'spb'lcsc'p
1096 3339 1207 3411 postu·

308 3437 427 3520 latirlja
446 3437 584 3522 ttpyc'beu
601 3437 718 3500 tbrteat
733 3436 863 3498 leirc'sc‘t.
882 3437 976 3499 1387.

183 3593 282 3660 Anno
300 3593 653 3660 MCC-CLXXXVII.
671 3595 848 3659 indictione
875 3595 920 3658 X.
946 3595 999 3660 die
1026 3595 1205 3678 penultimo

68 3705 231 3787 Augusti.
248 3705 392 3787 Capta
410 3729 416 3767 :
435 3704 515 3769 llum
534 3705 575 3770 11
591 3703 836 3786 requisitionem
847 3705 1050 3770 amicabilem
1062 3704 1205 3770 Serenis·

69 3813 150 3879 simi
177 3813 297 3878 domini
325 3812 424 3895 Regis
443 3818 475 3876 et
502 3811 713 3876 Serenissime
738 3813 865 3876 domine
881 3813 1008 3897 Regius
1034 3813 1204 3895 Hungario

69 3921 275 3986 auctoritate
294 3921 388 3984 huius
406 3918 541 3985 (¹onsilii
557 3921 711 4002 scriptum
730 3919 829 3983 suerit
845 3918 1059 3985 Sanctissimo
1075 3921 1204 3985 domino

68 4029 167 4112 Pape
185 4037 217 4094 et
235 4029 374 4094 dominis
400 4027 632 4092 Cardinalibus
657 4027 691 4091 in
717 4028 861 4092 savorem
886 4029 1069 4093 Reverendi
1094 4029 1205 4093 Patris

69 4141 197 4206 domini
215 4139 377 4204 Demetrii
393 4137 550 4220 Episcopi
567 4135 744 4202 Nitriensis
760 4159 845 4202 nunc
861 4137 1017 4221 postulati
1027 4139 1061 4202 in
1072 4138 1205 4220 Episco-

68 4269 152 4333 pum
169 4245 444 4329 Vesprimensem,
461 4251 494 4307 et
513 4241 764 4323 Ambaxatores,
781 4246 836 4326 qui
853 4267 956 4327 nuper
981 4250 1138 4308 venerunt
1164 4244 1204 4309 11

69 4355 261 4439 Hungaria,
278 4361 390 4418 euntes
407 4352 450 4416 ad
466 4353 650 4417 Romanam
671 4351 815 4433 Curiam,
842 4354 1090 4436 suplicavorunt,
1118 4360 1204 4437 quod

71 4466 244 4530 scribatur
260 4465 410 4528 similiter
436 4461 569 4526 domino
586 4460 675 4544 Pape
693 4470 725 4526 et
753 4462 984 4529 Cardinalibus
1011 4465 1043 4529 in
1060 4463 1204 4533 favorem

69 4573 263 4644 Reverendi
280 4573 392 4642 Patris
409 4573 530 4639 domini
546 4621 553 4638 .
570 4622 577 4637 .
594 4622 600 4636 .
619 4573 733 4642 fratris
749 4575 844 4642 unius
861 4597 900 4640 ex
916 4576 1013 4645 dictis
1038 4574 1204 4647 1111111-
