3226 5254
416 305 480 366 368
770 323 1004 371 nmaouaozrm
1021 313 1190 372 suntuna.
1214 288 1217 297 ’

416 481 547 545 adictis
574 480 794 547 seneschallis
826 491 858 547 et
883 482 1110 566 Caporalibus,
1137 492 1171 549 et
1196 485 1271 550 aliis
1297 483 1525 566 quibuscunque

416 609 524 654 omnes
549 595 582 655 et
607 590 751 674 singulas
781 593 1021 674 promissiones
1049 594 1226 672 cautiones,
1257 593 1478 658 conventiones
1500 599 1526 656 et

415 705 520 781 pacto,
536 719 617 782 quas
634 705 667 764 et
683 721 740 765 seu
766 719 830 783 quo
847 698 927 766 dicti
954 700 1081 768 Sindici
1108 707 1140 766 et
1165 700 1421 767 Ambaxiatores
1446 701 1525 766 dictis

414 806 597 872 nominibus
613 807 759 890 recipere
776 807 945 873 voluerint.
962 809 1008 873 Et
1024 817 1200 892 propterea
1218 816 1251 874 et
1266 831 1326 892 pro
1344 809 1526 874 observatio-

413 935 454 979 ne
469 915 764 998 promicteudorunn
780 937 840 1000 pro
856 924 949 1002 parte
975 917 1053 982 dicti
1078 917 1265 983 Communis
1291 917 1524 1001 obligandorum

413 1024 509 1089 dictis
525 1023 654 1090 domino
670 1025 798 1090 Karolo
815 1031 849 1090 et
864 1025 995 1090 domino
1006 1025 1159 1107 Johnnni,
1175 1031 1208 1091 et
1224 1026 1358 1092 cuilibet
1374 1027 1424 1091 vel
1440 1025 1522 1090 alteri

413 1154 535 1214 eorum,
551 1132 673 1198 dictum
690 1131 866 1199 Commune
884 1133 1052 1198 Florentie
1072 1143 1105 1198 et
1120 1134 1229 1199 omnia
1244 1134 1331 1200 bona
1348 1134 1427 1199 dioti
1442 1131 1524 1197 Com·

412 1241 527 1322 munis,
543 1240 676 1306 mobilia
693 1246 726 1306 et
742 1241 928 1321 immobilia,
938 1240 1105 1325 presentia
1121 1249 1154 1306 et
1170 1241 1300 1321 futuru3
1316 1248 1350 1307 et
1367 1243 1399 1306 in
1415 1241 1524 1324 predic·

411 1349 503 1414 tinet
519 1349 604 1415 circa
628 1349 784 1433 predicta,
809 1355 843 1414 et
868 1348 1037 1431 quodlibet
1063 1370 1121 1416 seu
1145 1349 1280 1434 aliquod
1304 1348 1520 1433 predictorum,

412 1457 520 1522 omnia
551 1463 582 1522 et
618 1456 747 1540 singula
780 1455 973 1538 faciendum,
998 1439 1211 1522 exercendum
1237 1462 1271 1522 et
1296 1455 1520 1540 procurandum

412 1565 541 1631 nomine
559 1565 639 1630 dicti
655 1561 853 1646 Communis,
870 1571 903 1629 et
917 1584 977 1648 pro
994 1564 1081 1630 dicto
1099 1561 1280 1648 Communi,
1298 1585 1359 1646 que
1376 1565 1453 1630 dicti
1474 1563 1520 1626 do

411 1671 490 1736 mini
506 1671 637 1738 Priores
654 1678 685 1737 et
702 1669 853 1756 Collegia
869 1672 997 1737 nomine
1019 1671 1098 1737 dicti
1117 1668 1305 1738 Communis
1322 1679 1354 1736 et
1374 1693 1432 1755 pro
1448 1671 1521 1735 dicto

411 1777 591 1864 Communi,
616 1787 649 1846 et
674 1801 731 1845 seu
753 1779 877 1846 dictum
906 1777 1088 1845 Commune
1114 1778 1221 1845 lacere
1251 1785 1392 1864 possent,
1418 1786 1522 1861 etque

410 1887 531 1953 fuerint
546 1894 740 1972 opportuna,
757 1887 939 1954 necessaria
956 1895 989 1953 et
1005 1908 1060 1952 seu
1077 1887 1182 1970 utilia,
1193 1893 1227 1953 et
1241 1893 1340 1971 prout
1354 1888 1449 1952 dictis
1464 1883 1522 1951 Sin-

410 1996 491 2061 dicis
507 2001 541 2061 et
556 1994 851 2062 Ambaxiatoribus
868 1997 900 2060 iu
910 1996 1067 2078 predictis
1078 2001 1111 2060 et
1121 1996 1208 2061 circa
1217 1994 1366 2079 predicta
1376 1992 1522 2060 uidebitur

410 2105 587 2170 convenire.
603 2104 689 2169 Item
706 2102 749 2168 ad
766 2102 1007 2185 conficiendum,
1023 2110 1056 2168 et
1071 2103 1186 2169 confici
1196 2109 1228 2168 et
1243 2104 1356 2188 rogari
1367 2100 1522 2168 videndum

408 2217 441 2276 et
456 2211 640 2276 faciendum
658 2212 692 2276 in
717 2209 872 2294 predictis
889 2216 921 2274 et
947 2211 1032 2276 circa
1057 2211 1216 2294 predicta,
1233 2217 1266 2274 et
1282 2210 1450 2293 quodlibet
1473 2227 1520 2272 seu

407 2316 540 2401 aliquod
555 2318 787 2402 predictorum,
804 2317 902 2384 semel
917 2323 950 2382 et
965 2339 1022 2384 seu
1032 2317 1164 2402 pluries
1174 2317 1425 2382 instrumentum
1440 2321 1469 2380 et
1482 2316 1521 2378 iu·

408 2432 592 2492 strumenta
607 2447 707 2492 uuum
732 2432 766 2491 et
780 2425 878 2510 plura
896 2425 992 2490 simul
1017 2433 1049 2491 et
1065 2446 1120 2491 seu
1145 2426 1273 2491 divisim
1299 2424 1480 2492 vellendum
1494 2425 1519 2484 et

407 2533 628 2599 roborandum
653 2532 801 2612 omnibus
826 2537 859 2598 et
885 2532 1022 2616 siugulis
1049 2532 1210 2617 capitulis,
1225 2531 1481 2599 solemnitatibus
1495 2535 1521 2594 et

407 2648 508 2724 prout
524 2642 621 2708 dictis
639 2640 780 2708 Sindicis
796 2647 828 2706 et
843 2637 1140 2706 Ambaxiatoribus
1156 2640 1318 2724 placuerit
1327 2649 1362 2708 et
1373 2639 1520 2706 videbitur

406 2749 586 2816 convenire
601 2750 730 2816 Dentes
747 2756 781 2815 et
796 2749 1010 2815 concedentes
1026 2748 1106 2812 dieti
1125 2749 1247 2814 domini
1264 2748 1395 2815 Priores
1412 2756 1442 2813 et
1458 2744 1519 2812 Col·

406 2854 493 2940 legia
514 2856 609 2924 dictis
634 2856 817 2924 nominibus
843 2858 938 2923 dictis
964 2855 1104 2923 Sindicis
1129 2862 1163 2922 et
1190 2855 1480 2924 Ambaxietoribus
1493 2860 1520 2918 et

406 2963 540 3030 cuilibet
567 2985 679 3032 eorum
704 2964 900 3031 insolidum
926 2967 959 3030 in
985 2965 1143 3048 predictis
1170 2970 1203 3029 11
1230 2965 1318 3031 circa
1333 2966 1475 3049 predicta
1490 2969 1517 3026 et

406 3071 578 3156 quodlibet
594 3093 650 3139 seu
666 3073 799 3158 aliquod
816 3072 1039 3157 predictorum
1056 3074 1188 3156 plenum
1213 3073 1351 3140 liberum
1377 3079 1410 3140 et
1436 3093 1517 3156 gene-

405 3183 475 3247 rale
491 3203 529 3246 ac
546 3183 684 3265 speciale
711 3182 912 3264 mandatum,
936 3203 1008 3247 cum
1024 3182 1128 3265 plene,
1154 3181 1259 3248 libera
1275 3188 1309 3246 et
1324 3182 1464 3266 generali
1486 3199 1518 3244 ae

404 3292 538 3372 speciali
559 3291 847 3358 administratione.
884 3292 1121 3358 Promicteutes
1146 3298 1178 3358 et
1201 3294 1425 3360 convenientes
1453 3288 1522 3355 dicti
1593 3333 1594 3340 1

404 3399 528 3465 domini
554 3400 685 3468 Priores
711 3409 744 3468 et
768 3399 919 3486 Collegia
950 3402 1056 3466 modis
1089 3407 1123 3466 et
1155 3400 1338 3467 nominibus
1363 3398 1521 3468 antedictis

404 3507 502 3573 michi
518 3508 650 3574 Ristoro
670 3508 810 3577 Notario
836 3509 1053 3592 infrascripto,
1075 3516 1112 3574 ut
1136 3509 1266 3593 publice
1281 3531 1417 3593 persone
1432 3507 1521 3590 stipu-

403 3618 485 3686 lanti
501 3623 536 3685 et
550 3617 718 3701 recipienti
728 3640 789 3701 pro
806 3616 901 3683 dictis
918 3616 1049 3683 domiuo
1060 3617 1152 3701 Rege
1167 3623 1200 3683 et
1215 3617 1347 3683 domino
1357 3615 1480 3683 Karolo
1495 3617 1522 3676 et

404 3727 533 3793 domino
549 3727 575 3793 J
577 3725 713 3808 ohanne,
739 3732 772 3791 et
788 3725 936 3809 quolibet
960 3725 1025 3791 alio
1042 3731 1074 3790 et
1089 3747 1145 3791 seu
1162 3726 1244 3807 eliis,
1270 3727 1360 3791 cuius
1385 3747 1438 3792 seu
1455 3742 1522 3804 quo-

403 3857 476 3901 rum
493 3836 628 3901 interest
643 3834 693 3899 vel
707 3834 863 3899 interesse
879 3840 998 3917 posset,
1014 3834 1137 3900 dictum
1153 3833 1332 3904 Commune
1357 3832 1522 3906 Florentio,

402 3950 435 4010 et
451 3944 554 4010 dictos
582 3943 729 4008 dominos
755 3941 887 4008 Priores
912 3947 945 4006 et
971 3939 1120 4027 Collegia
1145 3943 1215 4008 vice
1242 3948 1276 4008 et
1301 3944 1428 4008 nomine
1452 3935 1521 4005 dieti

404 4050 593 4118 Communis
618 4049 747 4115 firmum
772 4057 805 4115 11
830 4057 938 4116 ratum
965 4049 1094 4135 habere,
1119 4058 1231 4118 tenere
1251 4058 1285 4116 et
1309 4051 1479 4118 observare
1493 4049 1521 4110 et

403 4159 579 4242 adimplere
597 4178 692 4222 omne
708 4159 742 4223 id
758 4162 864 4224 totum
880 4164 913 4223 11
929 4157 1098 4242 quidquid,
1113 4164 1146 4224 et
1161 4179 1201 4224 ea
1217 4159 1326 4224 omnia
1342 4165 1376 4223 et
1392 4155 1517 4240 singule,

402 4266 488 4349 quod
505 4273 538 4332 et
554 4285 611 4332 seu
627 4287 690 4350 que
709 4286 768 4350 per
784 4264 888 4332 dictos
899 4263 1049 4332 Sindicos
1060 4272 1093 4331 et
1105 4263 1372 4349 Ambaxiatores‚
1382 4272 1414 4334 et
1424 4281 1519 4348 quem·

401 4373 482 4438 libet
498 4380 531 4440 et
546 4395 603 4439 seu
618 4374 758 4440 alterum
775 4394 896 4455 eorum,
913 4372 1098 4439 nominibus
1115 4373 1233 4456 quibus
1243 4396 1341 4458 supra
1351 4376 1385 4439 in
1401 4370 1518 4458 predic·

400 4483 443 4552 tis
460 4487 494 4546 et
510 4483 596 4548 circe.
613 4483 759 4567 predicta
784 4490 817 4547 et
834 4480 1002 4565 quodlibet
1018 4501 1074 4546 seu
1091 4482 1228 4547 alterum
1245 4483 1460 4566 predictorum
1475 4497 1519 4542 nc·
