3210 5252
383 262 428 322 88
740 277 975 322 urruouseaur
992 263 1161 321 aurelian.

384 459 454 501 mus
481 457 550 500 esse
573 409 732 516 mutanti,
756 434 843 518 qnod
868 435 932 501 duo
958 438 1063 520 grossi
1079 437 1200 504 usualis
1217 443 1355 516 monete,
1372 437 1406 502 in
1423 436 1516 504 dicto

383 543 500 628 Regno
526 545 697 628 currentis,
723 565 861 628 quorum
887 545 1108 628 quadraginta
1133 551 1207 611 octo
1232 566 1378 610 marcam
1396 544 1523 610 faciunt

387 651 619 731 Polonicalem,
636 651 676 718 de
693 650 838 736 quolibet
853 672 966 718 manso
983 651 1035 718 vel
1052 659 1137 718 sorte
1153 653 1268 718 locatis
1284 653 1334 717 vel
1350 652 1523 736 possessis,

386 759 523 843 singulis
548 757 652 840 annis,
677 756 782 824 Nobis
808 767 841 824 et
865 761 985 826 nostris
1001 758 1253 843 successoribus,
1270 761 1306 825 in
1320 759 1404 826 festo
1421 758 1522 824 Beati

385 866 525 933 Martini
551 865 745 932 confessoris
761 869 795 933 in
815 868 944 952 signum
962 868 1086 936 Summi
1103 860 1257 953 D'ominij,
1274 873 1308 934 et
1322 866 1521 952 recognitio-

385 999 460 1042 nem
477 974 607 1042 Corone
623 975 734 1059 Regni
758 974 897 1042 Polonie
922 976 1131 1057 exolvantur3
1155 997 1193 1043 eo
1209 997 1372 1061 expresso,
1388 974 1521 1060 quodsi

388 1083 529 1150 insultus
555 1084 695 1149 hostium
721 1085 755 1149 in
772 1083 895 1150 dictum
915 1084 1067 1170 Regnum
1083 1086 1306 1166 invalesceret,
1323 1091 1403 1150 tuns
1420 1083 1522 1150 Nobi·

384 1191 432 1258 les
458 1192 561 1275 ipsius
585 1190 695 1276 Regni
720 1191 764 1258 ad
789 1192 1011 1276 repellendam
1036 1214 1149 1260 eorum
1175 1193 1325 1258 sevitiam
1340 1198 1522 1263 occurrant
1595 1185 1596 1188 '

389 1323 460 1366 cum
487 1299 673 1366 omnimoda
697 1321 808 1366 eorum
825 1305 997 1384 potestate.
1021 1300 1154 1366 Demus
1169 1301 1197 1366 si
1212 1306 1324 1367 nostro
1340 1305 1374 1366 et
1389 1306 1522 1367 nostro-

385 1430 458 1472 rum
482 1425 704 1472 successorum
733 1407 902 1491 regiminis
927 1414 1073 1492 tempore
1098 1429 1158 1490 pro
1184 1408 1296 1492 aliqua
1313 1407 1522 1492 expeditione

385 1514 535 1581 facienda
558 1514 647 1579 ultra
673 1513 752 1579 fines
768 1515 871 1598 ipsius
887 1513 997 1600 Regni
1012 1513 1188 1600 procedere
1204 1514 1273 1581 Nos
1290 1515 1454 1599 expediat,
1469 1515 1521 1579 vel

387 1623 517 1688 eosdem
542 1621 722 1689 Nobiscum
749 1643 820 1687 eum
846 1622 987 1688 inimicis
1018 1623 1264 1708 quibuscunque
1280 1625 1314 1688 in
1331 1623 1450 1689 eadem
1468 1645 1521 1689 ex·

385 1731 551 1815 peditione
575 1729 759 1796 conflictum
784 1751 840 1796 seu
865 1731 988 1796 bellum
1012 1730 1120 1797 facere
1146 1737 1178 1795 et
1203 1731 1285 1796 inire
1302 1731 1523 1814 contingeret.

387 1852 421 1903 et
446 1837 551 1921 aliqui
576 1857 615 1902 ex
640 1837 720 1920 ipsis
735 1838 767 1902 in
794 1837 908 1903 eodem
924 1835 1077 1904 conflictu
1093 1839 1120 1903 si
1136 1839 1226 1921 capti
1242 1837 1293 1902 vel
1309 1836 1436 1904 detenti
1452 1837 1522 1903 fue·
1596 1897 1597 1900 ,

386 1947 464 2028 rint,
480 1945 664 2029 damnaque
678 1967 783 2029 parva
806 1947 856 2011 vel
872 1966 993 2031 magna
1008 1946 1215 2032 perceperint
1231 1946 1265 2010 in
1280 1946 1380 2012 rebus
1396 1953 1431 2011 et
1446 1966 1523 2030 per·

388 2055 476 2119 sonis
494 2053 583 2138 ipsis,
599 2052 780 2137 plenariam
796 2051 1053 2120 satisfactionem
1062 2053 1295 2138 impendemus.
1311 2052 1399 2118 Item
1417 2053 1445 2117 si
1462 2053 1522 2118 ali-

391 2161 477 2246 quod
494 2166 639 2226 castrum
655 2166 749 2226 vetus
776 2163 990 2245 reparatione
1002 2161 1155 2246 indigeat,
1171 2167 1250 2227 tunc
1266 2166 1413 2244 tempore
1430 2161 1523 2245 pacis

389 2265 594 2350 Burgrabius
621 2287 677 2332 seu
703 2287 872 2351 possessor
888 2275 921 2334 et
936 2274 1145 2335 conservator
1170 2267 1258 2334 illius
1277 2269 1381 2333 castri
1396 2267 1523 2334 tenebi-

389 2382 444 2440 tur
460 2395 623 2461 reparare.
640 2372 775 2440 Oriente
791 2382 901 2442 autem
918 2396 1037 2458 guerra
1053 2382 1086 2442 et
1102 2376 1264 2442 discordia
1279 2381 1392 2442 castra
1406 2383 1523 2442 nostra

389 2485 423 2548 in
440 2481 620 2548 confinibus
636 2480 745 2566 Regni
760 2484 864 2550 nostri
888 2484 1027 2551 Polonie
1043 2487 1107 2550 sita
1122 2491 1156 2550 et
1171 2485 1355 2564 existentia,
1370 2484 1523 2550 homines

388 2591 518 2658 illorum
543 2589 774 2673 Districtuum,
798 2593 856 2659 ubi
883 2594 956 2678 ipsa
981 2599 1090 2660 castra
1105 2596 1170 2659 sita
1185 2594 1338 2674 existunt,
1363 2593 1524 2677 adjuvare

390 2700 433 2766 ad
449 2699 690 2785 reparationem
706 2699 1037 2787 reformationemque
1051 2708 1234 2768 teneantur.
1251 2701 1336 2768 Item
1352 2703 1379 2767 si
1396 2701 1524 2785 alquod
1595 2687 1597 2694 ’

311 2893 318 2900 ι
391 2817 536 2876 castrum
552 2830 612 2893 pro
629 2809 816 2874 defensione
834 2815 867 2876 et
882 2811 1026 2876 utilitate
1043 2811 1146 2895 ipsius
1161 2809 1270 2892 Regni
1286 2831 1357 2874 cum
1384 2809 1523 2875 consilio

390 2923 424 2983 et
440 2939 597 2985 consensu
612 2917 799 2984 eorumdem
810 2916 980 2984 Baronum
996 2925 1186 2985 construere
1202 2918 1419 2998 voluerimus3
1442 2924 1524 2984 tuno

390 3025 433 3091 ad
458 3025 528 3110 ejus
554 3025 830 3091 constructionem
848 3025 945 3110 ijdem
961 3023 1070 3109 Regni
1086 3026 1246 3112 Prooeres
1262 3030 1414 3092 tenentur
1430 3025 1523 3109 adju-

390 3155 474 3199 vare.
500 3131 536 3198 si
564 3153 640 3198 vero
666 3131 734 3198 sine
751 3132 833 3198 scitu
861 3139 894 3196 et
919 3153 1078 3199 consensu
1104 3133 1284 3199 eorundum
1300 3131 1473 3198 Nobilium
1491 3139 1545 3204 et.

391 3240 572 3305 Procerum
597 3238 749 3304 edificare
774 3238 982 3322 voluerimus,
997 3246 1075 3305 tunc
1091 3240 1133 3305 ad
1150 3239 1218 3306 eius
1243 3241 1523 3306 constructionem

392 3347 511 3412 nostris
537 3347 718 3432 sumptibus
743 3351 778 3412 et
803 3349 951 3432 expensis
981 3348 1147 3414 faciemus.
1179 3349 1264 3414 Item
1289 3348 1522 3430 promittimus,
1595 3347 1596 3350 ’

391 3453 478 3538 qnod
502 3454 586 3520 tales
601 3454 742 3522 honores
762 3460 795 3519 et
812 3455 1000 3539 dignitates,
1019 3461 1132 3540 utpote
1149 3455 1370 3537 Palatinatus,
1394 3453 1524 3522 Castel-

391 3563 532 3641 lanatuS,
547 3560 680 3628 Judicia
697 3570 728 3628 et
745 3559 1044 3633 Succamerariatus
1062 3562 1179 3646 officia,
1194 3572 1227 3628 et
1242 3561 1292 3628 his
1317 3563 1447 3646 similia,
1465 3568 1524 3648 qui

392 3670 441 3734 vel
459 3692 639 3753 quousque
655 3671 697 3736 ad
714 3671 815 3737 vitam
831 3673 1015 3738 conservari
1041 3677 1283 3751 consueverunt,
1300 3673 1375 3758 alijs
1391 3673 1524 3756 quibus·
1596 3727 1597 3738 ,

391 3779 479 3860 pianr
495 3775 677 3844 horninibus
701 3779 866 3846 extraneis
891 3781 1074 3866 hospitibus
1091 3803 1154 3846 non
1169 3780 1380 3866 conferemus,
1395 3783 1458 3848 nisi
1476 3789 1525 3850 ta·

392 3885 486 3968 libus,
511 3887 565 3968 qui
582 3886 647 3952 sint
673 3887 835 3972 regnicole
863 3895 1027 3955 terrarum
1045 3891 1191 3975 ejusdem
1210 3891 1328 3976 Regni,
1343 3893 1378 3958 in
1394 3891 1524 3977 quibus,

394 3994 576 4061 huiusmodi
592 3995 778 4080 dignitates,
795 3999 844 4062 vel
860 3996 1001 4064 honores
1018 3998 1218 4080 consistunt3
1236 4021 1319 4082 quas
1335 3998 1436 4064 etiam
1453 3999 1525 4082 dig·

393 4102 514 4170 nitates
541 4109 574 4168 et
599 4106 709 4170 omnia
725 4105 833 4171 officia
848 4127 887 4171 ac
902 4108 1032 4191 singula
1048 4107 1193 4172 volumus
1209 4107 1242 4171 in
1259 4127 1371 4175 eorum
1383 4107 1525 4192 juribus,

394 4217 494 4294 prout
511 4209 642 4278 luerunt
651 4218 795 4298 tempore
807 4211 1097 4280 Serenissimorum
1112 4213 1301 4297 Principum
1318 4213 1526 4280 dominorum

396 4317 561 4387 Vladislai
578 4323 641 4402 avi,
656 4329 689 4387 et
704 4317 859 4388 Oasimiri
869 4321 1020 4388 avunculi
1036 4329 1232 4401 nostrorum,
1242 4321 1372 4404 Regum
1388 4320 1527 4388 Polonie

398 4450 588 4496 conservare
603 4429 758 4516 plenarie.
774 4430 1011 4511 Promittimus,
1027 4429 1113 4513 quod
1130 4429 1254 4495 nullum
1270 4429 1446 4508 Batonem,
1462 4429 1526 4494 Mi·
1595 4449 1597 4454 ’

1591 4589 1597 4738 l
