3248 5242
613 386 708 448 issa
912 337 915 344 ⁴
1158 385 1218 446 τι]

86 565 198 632 velitis
224 565 400 652 assignare,
417 568 546 647 gratam
572 563 606 627 in
632 585 670 630 eo
695 560 789 628 nobis
814 561 1082 645 complacentiam
1115 568 1221 628 osten·

87 674 170 739 suri.
195 673 321 738 Datum
345 673 380 738 in
406 672 563 737 descensu
588 677 702 737 nostro
731 671 905 754 campestri
930 692 1032 755 prope
1058 670 1222 738 Ersomlio

87 780 273 849 XXVIII.
289 780 340 847 die
356 779 439 865 Maij
458 803 543 847 auno
560 817 604 830 -·
625 818 661 830 ·—
679 820 723 831 -
739 819 782 830 -
798 778 1031 846 LXXXXII.

201 891 326 955 Kioot:
344 887 465 953 Inclito
482 889 612 956 domino
630 888 799 956 Anthonio
815 888 1064 968 VenerioDuci,
1081 909 1140 953 nec
1156 909 1221 954 non

86 997 254 1064 nobilibus
269 997 347 1063 viris
359 997 506 1064 Consilio
517 1005 549 1064 et
561 1000 728 1066 Communi
738 997 953 1066 Venetiarum
970 997 1081 1062 amicis
1099 996 1220 1062 nostris

85 1107 277 1172 carissimis.

85 1249 126 1316 (A
140 1251 241 1302 »Liber
253 1251 418 1302 Paetorum«
431 1251 520 1304 czimd
534 1252 672 1304 velenczei
682 1251 862 1318 allamktinyv
871 1253 919 1304 VI.
930 1250 1074 1304 kdtetsbdl
1087 1255 1146 1302 343.
1160 1251 1224 1315 lev.)

580 1413 737 1423 ..ω-.-

625 1541 701 1604 437.

89 1703 121 1770 Α
140 1704 295 1768 velcaczoi
320 1704 665 1790 kornuioptanricsoak
689 1704 934 1790 pondoskodcisa
951 1726 990 1767 oz
1008 1701 1102 1768 1392.
1120 1729 1140 1767 a
1156 1727 1225 1768 mo·

144 1834 232 1898 pyus
248 1812 611 1896 dorcadaakfizetaadd
631 1813 718 1876 7000
733 1813 902 1898 oraopnya'
918 1812 1044 1878 adoro'l.
1064 1811 1159 1876 1392.

203 1967 303 2036 Anno
320 1967 681 2036 MOOOLXXXXII.
699 1970 751 2036 die
768 1971 834 2036 III.
863 1971 955 2038 Julii.
980 1969 1104 2056 Capta:
1135 1967 1225 2053 Quia

90 2077 343 2164 appropinguat
368 2083 495 2163 tempus
520 2078 692 2145 solucionis
719 2085 839 2164 septem
857 2077 994 2144 millium
1020 2079 1222 2159 ducatorum,

89 2188 150 2271 qui
168 2187 243 2252 dari
260 2186 381 2254 debent
397 2187 528 2253 domino
544 2186 630 2271 Regi
647 2187 821 2272 Hungarie
845 2191 938 2254 iuxta
957 2172 1095 2253 formam
1112 2188 1224 2269 pacis;

91 2317 207 2361 sumus
223 2297 325 2362 eciam
342 2293 505 2361 debitores
525 2294 670 2378 banchis,
686 2298 743 2380 qui
760 2293 1094 2362 serniuerunt‘nostro
1114 2291 1227 2359 Domi·

89 2403 148 2468 nio
166 2401 346 2470 deducatis
373 2424 488 2469 nonem
499 2463 503 2467 .
516 2401 660 2469 millibus
686 2405 855 2484 sexcentis,
880 2402 920 2468 de
938 2401 1055 2485 quibus
1071 2423 1133 2466 non
1150 2421 1224 2485 pos·

91 2517 173 2578 sunt
190 2510 251 2576 sibi
266 2510 311 2575 ad
326 2531 459 2593 presens
470 2509 543 2576 dari
553 2510 616 2576 nisi
627 2515 769 2593 quatuor
778 2509 885 2592 mille;
903 2509 1103 2594 Capitoneus
1114 2515 1225 2574 noster

91 2618 216 2704 Culpbi
233 2617 346 2685 scribit
358 2617 480 2684 habere
496 2618 616 2684 multos
632 2620 782 2688 homines
799 2619 842 2684 ad
858 2639 1010 2701 mensem,
1026 2618 1143 2701 quibus
1160 2639 1225 2682 non

91 2733 205 2813 potest
221 2725 393 2792 subvenire
419 2726 460 2791 de
485 2748 547 2792 vno
572 2725 716 2809 denario,
741 2747 815 2792 oum
830 2727 956 2792 nullum
971 2725 1110 2792 babeat:
1137 2725 1227 2790 vadit

91 2857 182 2924 pars,
201 2835 286 2919 quod
304 2856 364 2919 pro
381 2834 453 2900 istis
470 2835 585 2917 causis,
601 2840 634 2900 et
649 2856 709 2920 pro
719 2833 868 2901 faciendo
884 2840 991 2899 certes
1007 2834 1091 2900 alias
1109 2853 1226 2917 expen-

93 2965 152 3010 sas
166 2945 200 3010 in
215 2945 363 3030 proximo
374 2949 589 3029 occurrentes,
600 2945 703 3029 possit
719 2945 825 3030 accipi
842 2967 861 3010 a
877 2944 1108 3010 Prouisoribns
1120 2945 1224 3008 nostri

93 3047 287 3118 Communis
312 3053 352 3118 de
378 3052 444 3118 illis
468 3052 732 3138 imposicionibus
758 3059 791 3117 et
807 3037 1030 3118 addicionibus
1048 3048 1226 3132 deciorum,

98 3182 162 3246 que
178 3162 373 3245 perueniunt
389 3161 432 3227 ad
446 3183 562 3230 manus
579 3183 664 3243 suas,
681 3158 794 3228 ducati
805 3160 991 3242 quindecim
1007 3159 1120 3226 millia.
1139 3157 1226 3244 Quia

93 3269 195 3335 aliter
219 3266 288 3334 fieri
306 3290 372 3334 non
397 3276 515 3354 posset,
540 3269 603 3335 nisi
619 3275 709 3336 terra
733 3275 928 3354 pacaretur
959 3268 1151 3353 imprestitis
1177 3267 1226 3334 vel

92 3376 189 3442 nouis
204 3376 477 3460 imposicionibus.

164 3521 200 3583 (A
215 3521 324 3573 »Missi«
342 3521 434 3572 caimd
447 3522 587 3573 velenczei
601 3523 783 3589 allamktinyv
796 3523 885 3574 XLII.
899 3521 1041 3573 koatsbol
1056 3525 1113 3574 151.
1129 3523 1159 3586 l.)

627 3831 702 3896 438.

96 3989 127 4055 A
162 3991 315 4056 veteoczea‘
346 3991 628 4080 kdztdrsosdynok
660 3992 893 4057 bearatkozdaa
926 3992 1019 4058 Troo
1049 3990 1231 4056 dalmatiai

423 4107 519 4166 vdroa
535 4100 800 4188 belviezoapoibc.
819 4103 914 4166 1392.

205 4257 374 4327 Antonius
390 4260 534 4329 Venerio
560 4261 623 4326 Dei
640 4261 754 4344 gracia
770 4259 848 4324 Dux
864 4258 1083 4327 Veneciarum
1099 4263 1160 4324 etc.
1176 4279 1231 4323 no-

96 4369 156 4435 bili
173 4377 208 4436 et
224 4371 365 4454 sapienti
381 4372 450 4435 viro
467 4369 633 4436 Saraceno
649 4370 802 4437 Dandulo
828 4369 868 4435 de
884 4391 943 4435 suo
959 4369 1115 4434 mandato
1132 4365 1229 4451 Oapi-

96 4484 196 4545 taneo
222 4477 344 4563 Gulphi
370 4476 459 4546 fideli
485 4478 606 4544 dilecto
633 4476 771 4545 salntem
798 4483 832 4544 et
856 4476 1043 4542 dileccionis
1067 4475 1230 4542 affectum.

10 4575 11 4578 ¹
96 4585 382 4677 Quemadmodum
408 4587 452 4654 ad
476 4586 682 4656 audienciam
705 4592 850 4655 vestram
880 4585 1027 4674 potuerit
1052 4585 1230 4672 peruenire,
