3248 5242
351 481 355 490 ,
403 414 467 476 732
758 430 996 476 orenouaczmr
1011 413 1179 475 ruiense.

401 588 518 657 Aretio
535 594 594 656 etc.
610 612 694 656 anno
722 591 857 656 Domini
883 590 1072 656 millessimo
1093 583 1188 653 Ode.
1214 585 1438 669 nonagessimo
1461 593 1515 649 ter·

402 698 450 764 tio
467 698 520 764 die
537 697 677 766 XVIII.
691 697 867 785 Februarij
878 700 983 783 prime
999 695 1195 774 indictionis,
1204 695 1394 778 Regnorum
1407 698 1519 758 nostro
1609 717 1610 732 ³

403 829 476 874 rum
493 827 580 873 auno
596 813 695 874 sexto.

402 953 439 1015 (A
463 953 599 1018 »Registri
613 955 764 1020 anguini<
788 961 847 1007 368.
870 971 908 1020 ez.
932 969 957 1004 a.
981 955 1049 1020 Reg.
1073 952 1197 1003 Ledislai
1218 948 1455 1015 Regiskbtetebol
1469 948 1519 998 152.

641 1046 669 1107 1.‚
683 1061 716 1096 az
729 1047 802 1096 olusz
817 1047 869 1097 kir.
883 1045 997 1110 napolyi
1010 1058 1085 1108 nagy
1099 1041 1290 1100 lerelttrban.)

889 1207 1050 1218 ——a--a-

930 1372 1007 1434 454.

404 1533 434 1598 A
466 1534 620 1599 veleuezer'
652 1534 931 1620 lobztdreordpook
956 1533 1220 1619 Mugyororozdp
1246 1530 1352 1616 ttgyeit
1378 1528 1519 1614 turpyoao'
1609 1539 1610 1542 ’

811 1644 1014 1707 batdroaoto.
1033 1642 1128 1705 1393,

512 1798 610 1867 Anno
628 1799 1005 1871 MOOOLXXXXIII.
1029 1799 1206 1866 indictione
1230 1798 1344 1884 prima,
1371 1796 1423 1862 die
1446 1795 1519 1878 rige-

404 1911 484 1976 simo
516 1933 602 1978 nono
632 1909 770 1994 Aprilis.
796 1908 963 1994 Capta:
988 1907 1086 1992 Quod
1109 1907 1346 1992 respondeatur
1370 1906 1412 1971 ad
1430 1904 1519 1968 istan
1608 1941 1610 1950 ι

403 2017 631 2084 Ambasiatam
648 2017 741 2082 nobis
758 2018 937 2101 expositam
954 2037 1013 2101 per
1032 2013 1280 2082 Ambasiatores
1292 2011 1458 2098 Magnifici
1472 2010 1518 2076 do

403 2127 483 2192 mini
500 2124 637 2192 Comitis
654 2125 679 2192 J
680 2125 836 2207 ohannis;
862 2132 895 2191 et
911 2127 1016 2209 primo
1032 2125 1075 2190 ad
1090 2125 1228 2208 primam
1255 2128 1384 2207 partem
1401 2121 1440 2186 de
1463 2121 1521 2204 liga

404 2233 579 2302 tractanda
605 2256 677 2300 oum
703 2234 835 2300 domino
851 2233 944 2318 Rege
970 2233 1143 2316 Hungarie
1170 2238 1284 2298 contra
1309 2230 1462 2311 Turchos,
1484 2225 1520 2292 ad
1608 2277 1610 2286 t

405 2363 502 2425 quam
519 2341 613 2408 offert
631 2363 664 2410 se
689 2342 899 2426 interponere
923 2342 1011 2407 inter
1035 2343 1141 2425 ipsum
1168 2339 1333 2406 dominnm
1359 2338 1480 2422 Regem
1494 2339 1523 2399 et

404 2471 472 2534 uos,
487 2452 521 2518 iu
537 2471 616 2518 oasu
632 2470 696 2532 quo
713 2451 807 2516 nobis
822 2450 952 2534 placeat
967 2449 1139 2516 attendere
1158 2449 1202 2515 ad
1226 2448 1328 2529 illam,
1352 2469 1417 2512 non
1441 2443 1523 2510 dubi·

404 2564 488 2640 tans,
506 2557 593 2640 quod
609 2556 759 2623 dominus
776 2557 849 2623 Rex
866 2558 929 2622 erit
943 2561 1115 2622 contentus
1140 2558 1270 2621 mittere
1295 2577 1387 2622 suem
1413 2552 1526 2621 Amba·

404 2666 523 2732 sistam
540 2662 583 2729 ad
599 2666 809 2730 tractandum
825 2665 883 2730 illa
901 2671 960 2730 etc.
987 2661 1085 2748 Quod
1110 2684 1170 2729 nos
1196 2663 1283 2730 clare
1309 2669 1342 2729 et
1366 2662 1525 2729 manifeste

404 2775 635 2856 cognoscimus,
651 2773 741 2856 quod
757 2773 858 2839 motio
875 2773 1047 2838 verborum
1063 2774 1158 2838 istius
1168 2779 1331 2839 tractatus
1347 2774 1423 2858 lige,
1438 2793 1527 2855 quam

403 2881 482 2947 facit
498 2879 695 2964 Magnificus
712 2881 862 2946 dominus
879 2881 997 2947 Comes
1014 2880 1189 2966 predictus,
1213 2881 1360 2966 procedit
1376 2905 1397 2948 a
1413 2882 1527 2948 sincero

404 3009 514 3054 amore
531 2993 563 3053 et
578 2993 692 3054 tenera
708 2991 854 3071 caritate,
871 3011 969 3075 quam
985 3010 1116 3074 semper
1131 2991 1278 3074 porterit
1294 2997 1328 3055 et
1351 2994 1464 3074 portat
1477 3011 1528 3054 no·
1609 3025 1610 3051 ;

405 3098 455 3162 bis
472 3101 505 3163 et
521 3101 633 3163 nostro
648 3096 821 3180 Domini03
838 3104 872 3164 et
886 3098 1036 3165 similiter
1053 3121 1073 3164 a
1088 3099 1185 3165 solito
1201 3097 1339 3182 fervore,
1355 3120 1452 3182 quem
1475 3097 1527 3164 ha-

405 3204 476 3270 buit
494 3211 524 3268 et
541 3204 643 3270 habet
659 3203 701 3270 ud
727 3207 1005 3272 conservationem
1030 3206 1163 3273 honoris
1189 3215 1221 3273 et
1247 3212 1353 3274 status
1378 3208 1484 3290 Regni
1499 3213 1528 3272 et

403 3309 530 3378 Corone
546 3313 728 3397 Hungarie,
753 3314 793 3379 de
819 3315 1070 3381 adversitatibus
1096 3321 1130 3380 et
1145 3317 1427 3400 persecutionibus
1443 3316 1529 3382 ouius

403 3420 508 3504 Regni
520 3427 604 3487 teste
614 3421 687 3486 Deo
697 3443 754 3487 nos
765 3425 914 3506 gravavit
924 3431 956 3489 et
972 3425 1260 3507 gravatimmeuse.
1271 3422 1337 3490 Sed
1348 3424 1432 3488 sicut
1443 3422 1530 3506 Mag·
1608 3425 1610 3452 ¹

404 3528 568 3595 nifioentia
584 3527 660 3612 Sua,
677 3532 729 3595 cui
745 3537 860 3614 patent
875 3537 913 3596 ut
928 3531 1022 3596 nobis
1040 3532 1156 3615 omnia,
1173 3555 1235 3616 que
1251 3532 1386 3598 fecimus
1403 3539 1436 3597 et
1460 3553 1531 3616 ope·

405 3637 471 3704 rati
487 3658 597 3703 sumus
613 3658 672 3720 pro
689 3645 866 3722 augmento
883 3645 916 3704 et
932 3640 1175 3706 conservatione
1191 3639 1279 3705 illius
1305 3639 1422 3725 Regni,
1438 3641 1526 3726 plene
1608 3655 1610 3674 *

405 3745 505 3826 novit,
522 3744 606 3809 iuter
623 3744 730 3828 ipsum
746 3744 910 3811 dominum
928 3746 1053 3831 Regem
1070 3754 1103 3812 et
1123 3745 1289 3814 Coronam
1304 3748 1488 3833 Hungarie,
1502 3753 1531 3814 et
1607 3737 1610 3792 i

404 3876 463 3920 nos
490 3859 702 3937 nostrumque
730 3851 910 3919 Commune
926 3855 1013 3939 viget
1039 3857 1087 3921 ita
1112 3856 1214 3922 bonus
1241 3878 1333 3922 amor
1359 3864 1393 3923 et
1409 3860 1530 3923 sincere

1608 3843 1610 3868 r

1608 3869 1610 3904 t

403 3962 542 4042 dilectio,
559 3961 647 4043 quod
663 3969 695 4026 et
711 3967 844 4046 propter
860 3963 959 4028 istam
974 3984 1106 4031 causam
1116 3971 1150 4031 et
1165 3965 1275 4050 plures
1292 3966 1375 4032 alias
1390 3969 1529 4034 rationu·
1609 3973 1610 3978 ’

404 4071 484 4136 biles
502 4075 534 4135 et
558 4069 714 4136 honestas
740 4092 804 4136 non
830 4071 960 4139 videtur
985 4072 1079 4139 nobis
1105 4077 1327 4140 necessarium
1352 4075 1532 4143 intrareacl

405 4185 586 4245 tractatum
611 4179 686 4263 lige,
712 4180 769 4248 sed
796 4182 823 4246 si
848 4183 911 4266 ipsi
936 4182 1067 4249 domiuo
1092 4183 1180 4267 Regi
1205 4207 1266 4268 pro
1291 4188 1532 4253 conservatione
1608 4185 1610 4270 ἓ

405 4286 511 4369 Regni
528 4289 577 4352 sui
593 4286 699 4353 forent
715 4289 828 4373 aliqua
844 4294 1037 4374 necessaria,
1053 4314 1115 4375 que
1131 4313 1189 4375 per
1209 4313 1269 4358 nos
1293 4292 1365 4359 fiori
1392 4301 1532 4379 possunt,
1609 4353 1610 4360 ,

405 4416 464 4460 nos
481 4395 740 4481 quociescunque
765 4396 923 4464 fuerimus
948 4401 1106 4485 requisiti,
1132 4403 1243 4485 parati
1269 4403 1473 4470 inveniemur
1496 4402 1531 4469 ad

406 4506 670 4590 complacendum
689 4504 755 4573 Sue
772 4509 951 4591 Maiestati,
977 4511 1126 4577 faciendo
1152 4531 1266 4578 versus
1291 4533 1350 4577 nos
1377 4513 1420 4580 de
1446 4514 1532 4580 rebus
1609 4511 1610 4586 t

405 4613 508 4694 iustis,
534 4617 786 4689 rationabilibus
803 4626 836 4686 et
860 4619 1021 4704 bonestis;
1055 4623 1276 4708 regratiautes
1302 4623 1463 4691 immense
1477 4621 1531 4709 ipsi
1609 4641 1610 4646 ¹
