<?xml version="1.0" encoding="UTF-8"?>
<!DOCTYPE html PUBLIC "-//W3C//DTD XHTML 1.0 Transitional//EN"
    "http://www.w3.org/TR/xhtml1/DTD/xhtml1-transitional.dtd">
<html xmlns="http://www.w3.org/1999/xhtml" xml:lang="en" lang="en">
 <head>
  <title>
</title>
<meta http-equiv="Content-Type" content="text/html;charset=utf-8" />
  <meta name='ocr-system' content='tesseract 3.04.00' />
  <meta name='ocr-capabilities' content='ocr_page ocr_carea ocr_par ocr_line ocrx_word'/>
</head>
<body>
  <div class='ocr_page' id='page_1' title='image "./magyardiplomacz00wenzgoog_0649.png"; bbox 0 0 3214 5250; ppageno 0'>
   <div class='ocr_carea' id='block_1_1' title="bbox 623 360 1234 429">
    <p class='ocr_par' dir='ltr' id='par_1_1' title="bbox 623 360 1234 429">
     <span class='ocr_line' id='line_1_1' title="bbox 623 360 1234 429; baseline -0.002 -1"><span class='ocrx_word' id='word_1_1' title='bbox 623 368 717 429; x_wconf 82' lang='grc'><strong>1387.</strong></span> <span class='ocrx_word' id='word_1_2' title='bbox 1170 360 1234 427; x_wconf 81' lang='grc'><strong>629</strong></span> 
     </span>
    </p>
   </div>
   <div class='ocr_carea' id='block_1_2' title="bbox 92 539 1332 3646">
    <p class='ocr_par' dir='ltr' id='par_1_2' title="bbox 92 539 1332 3646">
     <span class='ocr_line' id='line_1_2' title="bbox 99 539 1231 625; baseline 0.004 -21"><span class='ocrx_word' id='word_1_3' title='bbox 99 539 303 605; x_wconf 85' lang='lat' dir='ltr'><strong>Ludovicum</strong></span> <span class='ocrx_word' id='word_1_4' title='bbox 321 540 492 622; x_wconf 87' lang='lat' dir='ltr'><strong>Hungarie</strong></span> <span class='ocrx_word' id='word_1_5' title='bbox 509 541 633 625; x_wconf 81' lang='lat' dir='ltr'>Regem</span> <span class='ocrx_word' id='word_1_6' title='bbox 650 543 812 610; x_wconf 74' lang='lat' dir='ltr'>illustrem</span> <span class='ocrx_word' id='word_1_7' title='bbox 828 562 868 605; x_wconf 84' lang='lat' dir='ltr'><strong>ex</strong></span> <span class='ocrx_word' id='word_1_8' title='bbox 884 562 949 605; x_wconf 89' lang='lat' dir='ltr'><strong>uua</strong></span> <span class='ocrx_word' id='word_1_9' title='bbox 964 547 1069 624; x_wconf 91' lang='lat' dir='ltr'><strong>parte,</strong></span> <span class='ocrx_word' id='word_1_10' title='bbox 1086 547 1120 606; x_wconf 91' lang='lat' dir='ltr'><strong>et</strong></span> <span class='ocrx_word' id='word_1_11' title='bbox 1145 563 1231 610; x_wconf 89' lang='lat' dir='ltr'><strong>reco-</strong></span> 
     </span>
     <span class='ocr_line' id='line_1_3' title="bbox 97 647 1232 715; baseline 0.002 -3"><span class='ocrx_word' id='word_1_12' title='bbox 97 647 198 712; x_wconf 86' lang='lat' dir='ltr'><strong>lende</strong></span> <span class='ocrx_word' id='word_1_13' title='bbox 215 649 368 714; x_wconf 79' lang='lat' dir='ltr'><strong>memorie</strong></span> <span class='ocrx_word' id='word_1_14' title='bbox 394 648 623 715; x_wconf 82' lang='lat' dir='ltr'><strong>Clarissimum</strong></span> <span class='ocrx_word' id='word_1_15' title='bbox 649 657 681 713; x_wconf 91' lang='lat' dir='ltr'><strong>et</strong></span> <span class='ocrx_word' id='word_1_16' title='bbox 706 648 1025 715; x_wconf 86' lang='lat' dir='ltr'><strong>Excellentissimum</strong></span> <span class='ocrx_word' id='word_1_17' title='bbox 1053 647 1232 714; x_wconf 90' lang='lat' dir='ltr'><strong>Dominum</strong></span> 
     </span>
     <span class='ocr_line' id='line_1_4' title="bbox 97 754 1233 823; baseline 0.001 -4"><span class='ocrx_word' id='word_1_18' title='bbox 97 754 265 820; x_wconf 90' lang='lat' dir='ltr'><strong>domiuum</strong></span> <span class='ocrx_word' id='word_1_19' title='bbox 283 755 453 821; x_wconf 87' lang='lat' dir='ltr'><strong>Audrcam</strong></span> <span class='ocrx_word' id='word_1_20' title='bbox 480 754 667 823; x_wconf 83' lang='lat' dir='ltr'><strong>Oontareno</strong></span> <span class='ocrx_word' id='word_1_21' title='bbox 695 756 842 822; x_wconf 90' lang='lat' dir='ltr'><strong>inclitum</strong></span> <span class='ocrx_word' id='word_1_22' title='bbox 867 754 1084 823; x_wconf 86' lang='lat' dir='ltr'><strong>Venetiarum</strong></span> <span class='ocrx_word' id='word_1_23' title='bbox 1108 755 1233 821; x_wconf 85' lang='lat' dir='ltr'><strong>Ducem</strong></span> 
     </span>
     <span class='ocr_line' id='line_1_5' title="bbox 97 860 1230 945; baseline 0.001 -19"><span class='ocrx_word' id='word_1_24' title='bbox 97 869 132 927; x_wconf 88' lang='lat' dir='ltr'><strong>et</strong></span> <span class='ocrx_word' id='word_1_25' title='bbox 150 860 328 942; x_wconf 79' lang='lat' dir='ltr'><strong>Commune</strong></span> <span class='ocrx_word' id='word_1_26' title='bbox 344 861 557 932; x_wconf 86' lang='lat' dir='ltr'><strong>Venetiaruru</strong></span> <span class='ocrx_word' id='word_1_27' title='bbox 575 888 614 931; x_wconf 89' lang='lat' dir='ltr'><strong>ox</strong></span> <span class='ocrx_word' id='word_1_28' title='bbox 630 865 744 945; x_wconf 86' lang='lat' dir='ltr'><strong>altera,</strong></span> <span class='ocrx_word' id='word_1_29' title='bbox 762 871 797 929; x_wconf 90' lang='lat' dir='ltr'><strong>ut</strong></span> <span class='ocrx_word' id='word_1_30' title='bbox 815 866 847 929; x_wconf 92' lang='lat' dir='ltr'><strong>iu</strong></span> <span class='ocrx_word' id='word_1_31' title='bbox 865 862 1036 929; x_wconf 87' lang='lat' dir='ltr'><strong>ducalibus</strong></span> <span class='ocrx_word' id='word_1_32' title='bbox 1053 864 1170 928; x_wconf 83' lang='lat' dir='ltr'><strong>vestris</strong></span> <span class='ocrx_word' id='word_1_33' title='bbox 1181 864 1230 928; x_wconf 87' lang='lat' dir='ltr'><strong>lit-</strong></span> 
     </span>
     <span class='ocr_line' id='line_1_6' title="bbox 96 969 1233 1058; baseline 0.002 -24"><span class='ocrx_word' id='word_1_34' title='bbox 96 969 180 1034; x_wconf 84' lang='lat' dir='ltr'><strong>teris</strong></span> <span class='ocrx_word' id='word_1_35' title='bbox 195 971 388 1051; x_wconf 82' lang='lat' dir='ltr'><strong>continetur,</strong></span> <span class='ocrx_word' id='word_1_36' title='bbox 405 971 518 1057; x_wconf 88' lang='lat' dir='ltr'><strong>aliqua</strong></span> <span class='ocrx_word' id='word_1_37' title='bbox 533 974 641 1058; x_wconf 86' lang='lat' dir='ltr'><strong>portio</strong></span> <span class='ocrx_word' id='word_1_38' title='bbox 651 994 712 1039; x_wconf 89' lang='lat' dir='ltr'><strong>nos</strong></span> <span class='ocrx_word' id='word_1_39' title='bbox 728 972 846 1056; x_wconf 86' lang='lat' dir='ltr'><strong>tangit,</strong></span> <span class='ocrx_word' id='word_1_40' title='bbox 863 978 895 1036; x_wconf 91' lang='lat' dir='ltr'><strong>et</strong></span> <span class='ocrx_word' id='word_1_41' title='bbox 912 977 1036 1057; x_wconf 85' lang='lat' dir='ltr'><strong>quanta</strong></span> <span class='ocrx_word' id='word_1_42' title='bbox 1051 978 1101 1038; x_wconf 86' lang='lat' dir='ltr'><strong>est</strong></span> <span class='ocrx_word' id='word_1_43' title='bbox 1114 972 1233 1037; x_wconf 88' lang='lat' dir='ltr'><strong>uostris</strong></span> 
     </span>
     <span class='ocr_line' id='line_1_7' title="bbox 100 1078 1232 1164; baseline 0.001 -21"><span class='ocrx_word' id='word_1_44' title='bbox 100 1078 228 1144; x_wconf 74' lang='lat' dir='ltr'><strong>ciuibus</strong></span> <span class='ocrx_word' id='word_1_45' title='bbox 253 1086 285 1143; x_wconf 92' lang='lat' dir='ltr'><strong>et</strong></span> <span class='ocrx_word' id='word_1_46' title='bbox 311 1081 548 1149; x_wconf 81' lang='lat' dir='ltr'><strong>mercatoribus</strong></span> <span class='ocrx_word' id='word_1_47' title='bbox 573 1082 735 1161; x_wconf 84' lang='lat' dir='ltr'><strong>limitata3</strong></span> <span class='ocrx_word' id='word_1_48' title='bbox 761 1101 799 1146; x_wconf 90' lang='lat' dir='ltr'><strong>ac</strong></span> <span class='ocrx_word' id='word_1_49' title='bbox 815 1081 924 1161; x_wconf 89' lang='lat' dir='ltr'><strong>etiam,</strong></span> <span class='ocrx_word' id='word_1_50' title='bbox 941 1080 967 1145; x_wconf 88' lang='lat' dir='ltr'><strong>si</strong></span> <span class='ocrx_word' id='word_1_51' title='bbox 994 1081 1232 1164; x_wconf 81' lang='lat' dir='ltr'><strong>acceptavimus</strong></span> 
     </span>
     <span class='ocr_line' id='line_1_8' title="bbox 97 1185 1230 1272; baseline -0.002 -20"><span class='ocrx_word' id='word_1_52' title='bbox 97 1192 160 1252; x_wconf 88' lang='lat' dir='ltr'><strong>aut</strong></span> <span class='ocrx_word' id='word_1_53' title='bbox 176 1188 324 1270; x_wconf 88' lang='lat' dir='ltr'><strong>accipere</strong></span> <span class='ocrx_word' id='word_1_54' title='bbox 340 1187 540 1254; x_wconf 84' lang='lat' dir='ltr'><strong>intendimus</strong></span> <span class='ocrx_word' id='word_1_55' title='bbox 565 1187 762 1272; x_wconf 89' lang='lat' dir='ltr'><strong>particulam</strong></span> <span class='ocrx_word' id='word_1_56' title='bbox 780 1187 820 1254; x_wconf 89' lang='lat' dir='ltr'><strong>dc</strong></span> <span class='ocrx_word' id='word_1_57' title='bbox 838 1185 993 1271; x_wconf 89' lang='lat' dir='ltr'><strong>predictis</strong></span> <span class='ocrx_word' id='word_1_58' title='bbox 1020 1207 1078 1251; x_wconf 89' lang='lat' dir='ltr'><strong>uos</strong></span> <span class='ocrx_word' id='word_1_59' title='bbox 1095 1194 1230 1270; x_wconf 89' lang='lat' dir='ltr'><strong>tangen-</strong></span> 
     </span>
     <span class='ocr_line' id='line_1_9' title="bbox 96 1294 1229 1376; baseline 0 -18"><span class='ocrx_word' id='word_1_60' title='bbox 96 1301 166 1359; x_wconf 87' lang='lat' dir='ltr'><strong>tem</strong></span> <span class='ocrx_word' id='word_1_61' title='bbox 184 1303 252 1376; x_wconf 83' lang='lat' dir='ltr'><strong>etc3</strong></span> <span class='ocrx_word' id='word_1_62' title='bbox 276 1297 362 1360; x_wconf 87' lang='lat' dir='ltr'><strong>utin</strong></span> <span class='ocrx_word' id='word_1_63' title='bbox 380 1297 501 1362; x_wconf 88' lang='lat' dir='ltr'><strong>eisdem</strong></span> <span class='ocrx_word' id='word_1_64' title='bbox 518 1298 640 1363; x_wconf 88' lang='lat' dir='ltr'><strong>litteris</strong></span> <span class='ocrx_word' id='word_1_65' title='bbox 657 1295 826 1362; x_wconf 87' lang='lat' dir='ltr'><strong>ducalibus</strong></span> <span class='ocrx_word' id='word_1_66' title='bbox 843 1295 995 1360; x_wconf 86' lang='lat' dir='ltr'><strong>seriosius</strong></span> <span class='ocrx_word' id='word_1_67' title='bbox 1010 1294 1130 1376; x_wconf 91' lang='lat' dir='ltr'><strong>legitur</strong></span> <span class='ocrx_word' id='word_1_68' title='bbox 1156 1316 1229 1359; x_wconf 89' lang='lat' dir='ltr'><strong>cou-</strong></span> 
     </span>
     <span class='ocr_line' id='line_1_10' title="bbox 95 1400 1231 1490; baseline -0.002 -23"><span class='ocrx_word' id='word_1_69' title='bbox 95 1401 206 1468; x_wconf 88' lang='lat' dir='ltr'><strong>tineri.</strong></span> <span class='ocrx_word' id='word_1_70' title='bbox 223 1400 349 1487; x_wconf 81' lang='lat' dir='ltr'><strong>Quibus</strong></span> <span class='ocrx_word' id='word_1_71' title='bbox 365 1411 550 1470; x_wconf 87' lang='lat' dir='ltr'><strong>reverenter</strong></span> <span class='ocrx_word' id='word_1_72' title='bbox 572 1405 811 1490; x_wconf 79' lang='lat' dir='ltr'><strong>respondemus,</strong></span> <span class='ocrx_word' id='word_1_73' title='bbox 837 1401 923 1488; x_wconf 92' lang='lat' dir='ltr'><strong>quod</strong></span> <span class='ocrx_word' id='word_1_74' title='bbox 949 1425 1112 1488; x_wconf 89' lang='lat' dir='ltr'><strong>nunquam</strong></span> <span class='ocrx_word' id='word_1_75' title='bbox 1140 1401 1231 1467; x_wconf 88' lang='lat' dir='ltr'><strong>scivi·</strong></span> 
     </span>
     <span class='ocr_line' id='line_1_11' title="bbox 97 1511 1228 1597; baseline 0 -21"><span class='ocrx_word' id='word_1_76' title='bbox 97 1532 292 1595; x_wconf 82' lang='lat' dir='ltr'><strong>musaeque</strong></span> <span class='ocrx_word' id='word_1_77' title='bbox 308 1512 435 1592; x_wconf 88' lang='lat' dir='ltr'><strong>scimus,</strong></span> <span class='ocrx_word' id='word_1_78' title='bbox 448 1519 572 1597; x_wconf 90' lang='lat' dir='ltr'><strong>quauta</strong></span> <span class='ocrx_word' id='word_1_79' title='bbox 583 1516 749 1597; x_wconf 82' lang='lat' dir='ltr'><strong>autquota</strong></span> <span class='ocrx_word' id='word_1_80' title='bbox 759 1513 866 1596; x_wconf 88' lang='lat' dir='ltr'><strong>portio</strong></span> <span class='ocrx_word' id='word_1_81' title='bbox 880 1534 938 1576; x_wconf 85' lang='lat' dir='ltr'><strong>uos</strong></span> <span class='ocrx_word' id='word_1_82' title='bbox 954 1511 1133 1595; x_wconf 85' lang='lat' dir='ltr'><strong>contingat,</strong></span> <span class='ocrx_word' id='word_1_83' title='bbox 1149 1511 1228 1595; x_wconf 86' lang='lat' dir='ltr'><strong>quia</strong></span> 
     </span>
     <span class='ocr_line' id='line_1_12' title="bbox 101 1619 1229 1705; baseline 0.003 -24"><span class='ocrx_word' id='word_1_84' title='bbox 101 1639 273 1702; x_wconf 86' lang='lat' dir='ltr'><strong>nunquam</strong></span> <span class='ocrx_word' id='word_1_85' title='bbox 300 1621 526 1705; x_wconf 81' lang='lat' dir='ltr'><strong>indagavimus</strong></span> <span class='ocrx_word' id='word_1_86' title='bbox 552 1642 612 1687; x_wconf 89' lang='lat' dir='ltr'><strong>nec</strong></span> <span class='ocrx_word' id='word_1_87' title='bbox 637 1619 834 1686; x_wconf 87' lang='lat' dir='ltr'><strong>intendimus</strong></span> <span class='ocrx_word' id='word_1_88' title='bbox 861 1619 1229 1702; x_wconf 86' lang='lat' dir='ltr'><strong>indagare,necetia1n</strong></span> 
     </span>
     <span class='ocr_line' id='line_1_13' title="bbox 100 1725 1227 1812; baseline 0 -22"><span class='ocrx_word' id='word_1_89' title='bbox 100 1727 267 1810; x_wconf 85' lang='lat' dir='ltr'><strong>solvimus,</strong></span> <span class='ocrx_word' id='word_1_90' title='bbox 283 1750 386 1812; x_wconf 88' lang='lat' dir='ltr'><strong>neque</strong></span> <span class='ocrx_word' id='word_1_91' title='bbox 402 1729 546 1794; x_wconf 87' lang='lat' dir='ltr'><strong>volumus</strong></span> <span class='ocrx_word' id='word_1_92' title='bbox 563 1729 611 1794; x_wconf 92' lang='lat' dir='ltr'><strong>uti</strong></span> <span class='ocrx_word' id='word_1_93' title='bbox 628 1729 738 1793; x_wconf 82' lang='lat' dir='ltr'><strong>favore</strong></span> <span class='ocrx_word' id='word_1_94' title='bbox 759 1727 847 1792; x_wconf 89' lang='lat' dir='ltr'><strong>dicte</strong></span> <span class='ocrx_word' id='word_1_95' title='bbox 864 1725 1031 1811; x_wconf 88' lang='lat' dir='ltr'><strong>particule,</strong></span> <span class='ocrx_word' id='word_1_96' title='bbox 1047 1748 1150 1809; x_wconf 90' lang='lat' dir='ltr'><strong>neque</strong></span> <span class='ocrx_word' id='word_1_97' title='bbox 1178 1727 1227 1792; x_wconf 87' lang='lat' dir='ltr'><strong>uti</strong></span> 
     </span>
     <span class='ocr_line' id='line_1_14' title="bbox 100 1833 1233 1918; baseline -0.001 -19"><span class='ocrx_word' id='word_1_98' title='bbox 100 1835 304 1900; x_wconf 87' lang='lat' dir='ltr'><strong>intendimus</strong></span> <span class='ocrx_word' id='word_1_99' title='bbox 329 1837 363 1899; x_wconf 92' lang='lat' dir='ltr'><strong>in</strong></span> <span class='ocrx_word' id='word_1_100' title='bbox 389 1837 544 1917; x_wconf 84' lang='lat' dir='ltr'><strong>futurum,</strong></span> <span class='ocrx_word' id='word_1_101' title='bbox 569 1857 608 1900; x_wconf 84' lang='lat' dir='ltr'><strong>ex</strong></span> <span class='ocrx_word' id='word_1_102' title='bbox 624 1858 671 1916; x_wconf 92' lang='lat' dir='ltr'><strong>eo,</strong></span> <span class='ocrx_word' id='word_1_103' title='bbox 697 1835 782 1918; x_wconf 80' lang='lat' dir='ltr'><strong>quod</strong></span> <span class='ocrx_word' id='word_1_104' title='bbox 809 1857 936 1918; x_wconf 85' lang='lat' dir='ltr'><strong>semper</strong></span> <span class='ocrx_word' id='word_1_105' title='bbox 952 1833 1152 1918; x_wconf 84' lang='lat' dir='ltr'><strong>temporibus</strong></span> <span class='ocrx_word' id='word_1_106' title='bbox 1169 1839 1233 1898; x_wconf 89' lang='lat' dir='ltr'><strong>ret-</strong></span> 
     </span>
     <span class='ocr_line' id='line_1_15' title="bbox 100 1942 1233 2027; baseline 0 -20"><span class='ocrx_word' id='word_1_107' title='bbox 100 1942 227 2008; x_wconf 89' lang='lat' dir='ltr'><strong>roaclis</strong></span> <span class='ocrx_word' id='word_1_108' title='bbox 237 1943 417 2026; x_wconf 89' lang='lat' dir='ltr'><strong>recepimus</strong></span> <span class='ocrx_word' id='word_1_109' title='bbox 436 1952 468 2010; x_wconf 92' lang='lat' dir='ltr'><strong>et</strong></span> <span class='ocrx_word' id='word_1_110' title='bbox 487 1943 691 2027; x_wconf 82' lang='lat' dir='ltr'><strong>presentibus</strong></span> <span class='ocrx_word' id='word_1_111' title='bbox 701 1945 798 2008; x_wconf 87' lang='lat' dir='ltr'><strong>etiam</strong></span> <span class='ocrx_word' id='word_1_112' title='bbox 815 1943 988 2026; x_wconf 88' lang='lat' dir='ltr'><strong>recipimus</strong></span> <span class='ocrx_word' id='word_1_113' title='bbox 1003 1949 1115 2027; x_wconf 87' lang='lat' dir='ltr'><strong>gratas</strong></span> <span class='ocrx_word' id='word_1_114' title='bbox 1132 1947 1165 2006; x_wconf 91' lang='lat' dir='ltr'><strong>et</strong></span> <span class='ocrx_word' id='word_1_115' title='bbox 1181 1943 1233 2007; x_wconf 92' lang='lat' dir='ltr'><strong>be-</strong></span> 
     </span>
     <span class='ocr_line' id='line_1_16' title="bbox 95 2048 1233 2134; baseline -0.001 -19"><span class='ocrx_word' id='word_1_116' title='bbox 95 2051 219 2134; x_wconf 86' lang='lat' dir='ltr'><strong>nignas</strong></span> <span class='ocrx_word' id='word_1_117' title='bbox 235 2053 508 2134; x_wconf 83' lang='lat' dir='ltr'><strong>pertractatioues</strong></span> <span class='ocrx_word' id='word_1_118' title='bbox 525 2050 674 2118; x_wconf 90' lang='lat' dir='ltr'><strong>aDucali</strong></span> <span class='ocrx_word' id='word_1_119' title='bbox 685 2049 805 2118; x_wconf 80' lang='lat' dir='ltr'><strong>Vestro</strong></span> <span class='ocrx_word' id='word_1_120' title='bbox 817 2048 981 2114; x_wconf 91' lang='lat' dir='ltr'><strong>Dominio.</strong></span> <span class='ocrx_word' id='word_1_121' title='bbox 1001 2049 1233 2116; x_wconf 87' lang='lat' dir='ltr'><strong>Verumtamen</strong></span> 
     </span>
     <span class='ocr_line' id='line_1_17' title="bbox 96 2157 1233 2241; baseline -0.003 -16"><span class='ocrx_word' id='word_1_122' title='bbox 96 2158 203 2241; x_wconf 88' lang='lat' dir='ltr'><strong>aliqui</strong></span> <span class='ocrx_word' id='word_1_123' title='bbox 218 2181 258 2223; x_wconf 84' lang='lat' dir='ltr'><strong>ex</strong></span> <span class='ocrx_word' id='word_1_124' title='bbox 274 2157 512 2225; x_wconf 88' lang='lat' dir='ltr'><strong>mercatoribus</strong></span> <span class='ocrx_word' id='word_1_125' title='bbox 530 2161 659 2226; x_wconf 87' lang='lat' dir='ltr'><strong>nostris.</strong></span> <span class='ocrx_word' id='word_1_126' title='bbox 679 2167 790 2224; x_wconf 85' lang='lat' dir='ltr'><strong>nostre</strong></span> <span class='ocrx_word' id='word_1_127' title='bbox 817 2157 1008 2222; x_wconf 82' lang='lat' dir='ltr'><strong>intentionis</strong></span> <span class='ocrx_word' id='word_1_128' title='bbox 1025 2162 1057 2223; x_wconf 88' lang='lat' dir='ltr'><strong>et</strong></span> <span class='ocrx_word' id='word_1_129' title='bbox 1075 2157 1233 2223; x_wconf 88' lang='lat' dir='ltr'><strong>delibera·</strong></span> 
     </span>
     <span class='ocr_line' id='line_1_18' title="bbox 97 2264 1233 2352; baseline -0.003 -21"><span class='ocrx_word' id='word_1_130' title='bbox 97 2267 199 2332; x_wconf 83' lang='lat' dir='ltr'><strong>tionis</strong></span> <span class='ocrx_word' id='word_1_131' title='bbox 214 2266 321 2350; x_wconf 89' lang='lat' dir='ltr'><strong>ignari</strong></span> <span class='ocrx_word' id='word_1_132' title='bbox 342 2273 478 2352; x_wconf 88' lang='lat' dir='ltr'><strong>propter</strong></span> <span class='ocrx_word' id='word_1_133' title='bbox 494 2289 605 2334; x_wconf 88' lang='lat' dir='ltr'><strong>corum</strong></span> <span class='ocrx_word' id='word_1_134' title='bbox 631 2267 824 2347; x_wconf 88' lang='lat' dir='ltr'><strong>absentiam,</strong></span> <span class='ocrx_word' id='word_1_135' title='bbox 840 2265 928 2331; x_wconf 91' lang='lat' dir='ltr'><strong>dicta</strong></span> <span class='ocrx_word' id='word_1_136' title='bbox 953 2266 1062 2348; x_wconf 85' lang='lat' dir='ltr'><strong>gratia</strong></span> <span class='ocrx_word' id='word_1_137' title='bbox 1078 2288 1098 2330; x_wconf 87' lang='lat' dir='ltr'><strong>a</strong></span> <span class='ocrx_word' id='word_1_138' title='bbox 1115 2264 1233 2348; x_wconf 90' lang='lat' dir='ltr'><strong>princi·</strong></span> 
     </span>
     <span class='ocr_line' id='line_1_19' title="bbox 97 2373 1230 2460; baseline -0.003 -21"><span class='ocrx_word' id='word_1_139' title='bbox 97 2376 157 2460; x_wconf 89' lang='lat' dir='ltr'><strong>pio</strong></span> <span class='ocrx_word' id='word_1_140' title='bbox 174 2377 274 2458; x_wconf 85' lang='lat' dir='ltr'><strong>pacis,</strong></span> <span class='ocrx_word' id='word_1_141' title='bbox 289 2375 366 2440; x_wconf 90' lang='lat' dir='ltr'><strong>licet</strong></span> <span class='ocrx_word' id='word_1_142' title='bbox 379 2376 413 2439; x_wconf 90' lang='lat' dir='ltr'><strong>in</strong></span> <span class='ocrx_word' id='word_1_143' title='bbox 430 2375 562 2442; x_wconf 88' lang='lat' dir='ltr'><strong>minimo</strong></span> <span class='ocrx_word' id='word_1_144' title='bbox 583 2375 633 2440; x_wconf 92' lang='lat' dir='ltr'><strong>usi</strong></span> <span class='ocrx_word' id='word_1_145' title='bbox 650 2381 735 2453; x_wconf 90' lang='lat' dir='ltr'><strong>sunt,</strong></span> <span class='ocrx_word' id='word_1_146' title='bbox 762 2375 817 2457; x_wconf 89' lang='lat' dir='ltr'><strong>qui</strong></span> <span class='ocrx_word' id='word_1_147' title='bbox 834 2398 854 2438; x_wconf 91' lang='lat' dir='ltr'><strong>a</strong></span> <span class='ocrx_word' id='word_1_148' title='bbox 870 2374 964 2439; x_wconf 88' lang='lat' dir='ltr'><strong>nobis</strong></span> <span class='ocrx_word' id='word_1_149' title='bbox 990 2373 1089 2457; x_wconf 87' lang='lat' dir='ltr'><strong>digna</strong></span> <span class='ocrx_word' id='word_1_150' title='bbox 1105 2373 1230 2437; x_wconf 89' lang='lat' dir='ltr'><strong>meritis</strong></span> 
     </span>
     <span class='ocr_line' id='line_1_20' title="bbox 98 2479 1230 2568; baseline -0.004 -18"><span class='ocrx_word' id='word_1_151' title='bbox 98 2491 304 2568; x_wconf 88' lang='lat' dir='ltr'><strong>receperunt.</strong></span> <span class='ocrx_word' id='word_1_152' title='bbox 322 2481 354 2546; x_wconf 89' lang='lat' dir='ltr'>N</span> <span class='ocrx_word' id='word_1_153' title='bbox 356 2483 504 2548; x_wconf 80' lang='lat' dir='ltr'><strong>ovissima</strong></span> <span class='ocrx_word' id='word_1_154' title='bbox 522 2484 620 2548; x_wconf 89' lang='lat' dir='ltr'><strong>etiam</strong></span> <span class='ocrx_word' id='word_1_155' title='bbox 636 2483 729 2548; x_wconf 90' lang='lat' dir='ltr'><strong>nobis</strong></span> <span class='ocrx_word' id='word_1_156' title='bbox 745 2482 888 2548; x_wconf 89' lang='lat' dir='ltr'><strong>innotuit</strong></span> <span class='ocrx_word' id='word_1_157' title='bbox 910 2479 1107 2547; x_wconf 85' lang='lat' dir='ltr'><strong>Serenitatis</strong></span> <span class='ocrx_word' id='word_1_158' title='bbox 1121 2481 1230 2546; x_wconf 91' lang='lat' dir='ltr'><strong>Duca-</strong></span> 
     </span>
     <span class='ocr_line' id='line_1_21' title="bbox 97 2581 1332 2674; baseline -0.005 -16"><span class='ocrx_word' id='word_1_159' title='bbox 97 2592 143 2658; x_wconf 90' lang='lat' dir='ltr'><strong>lis</strong></span> <span class='ocrx_word' id='word_1_160' title='bbox 161 2612 239 2673; x_wconf 90' lang='lat' dir='ltr'><strong>erga</strong></span> <span class='ocrx_word' id='word_1_161' title='bbox 256 2611 314 2656; x_wconf 90' lang='lat' dir='ltr'><strong>uos</strong></span> <span class='ocrx_word' id='word_1_162' title='bbox 330 2590 457 2655; x_wconf 87' lang='lat' dir='ltr'><strong>sincera</strong></span> <span class='ocrx_word' id='word_1_163' title='bbox 476 2591 616 2671; x_wconf 85' lang='lat' dir='ltr'><strong>dilectio,</strong></span> <span class='ocrx_word' id='word_1_164' title='bbox 642 2611 740 2674; x_wconf 89' lang='lat' dir='ltr'><strong>quam</strong></span> <span class='ocrx_word' id='word_1_165' title='bbox 767 2589 928 2674; x_wconf 83' lang='lat' dir='ltr'><strong>Egregius</strong></span> <span class='ocrx_word' id='word_1_166' title='bbox 955 2595 988 2654; x_wconf 90' lang='lat' dir='ltr'><strong>et</strong></span> <span class='ocrx_word' id='word_1_167' title='bbox 1013 2587 1153 2674; x_wconf 84' lang='lat' dir='ltr'><strong>Sapiens</strong></span> <span class='ocrx_word' id='word_1_168' title='bbox 1182 2589 1232 2653; x_wconf 90' lang='lat' dir='ltr'><strong>vir</strong></span> <span class='ocrx_word' id='word_1_169' title='bbox 1326 2581 1332 2594; x_wconf 48' lang='lat'><em>¹</em></span> 
     </span>
     <span class='ocr_line' id='line_1_22' title="bbox 96 2693 1229 2781; baseline -0.003 -17"><span class='ocrx_word' id='word_1_170' title='bbox 96 2699 250 2765; x_wconf 89' lang='lat' dir='ltr'><strong>dominus</strong></span> <span class='ocrx_word' id='word_1_171' title='bbox 260 2696 286 2762; x_wconf 89' lang='lat' dir='ltr'><strong>J</strong></span> <span class='ocrx_word' id='word_1_172' title='bbox 287 2697 431 2764; x_wconf 88' lang='lat' dir='ltr'><strong>ohannes</strong></span> <span class='ocrx_word' id='word_1_173' title='bbox 440 2697 621 2764; x_wconf 85' lang='lat' dir='ltr'><strong>Barbarico</strong></span> <span class='ocrx_word' id='word_1_174' title='bbox 633 2697 833 2781; x_wconf 83' lang='lat' dir='ltr'><strong>Capitoneus</strong></span> <span class='ocrx_word' id='word_1_175' title='bbox 844 2695 965 2780; x_wconf 83' lang='lat' dir='ltr'><strong>Oulphi</strong></span> <span class='ocrx_word' id='word_1_176' title='bbox 983 2717 1149 2781; x_wconf 88' lang='lat' dir='ltr'><strong>persuum</strong></span> <span class='ocrx_word' id='word_1_177' title='bbox 1159 2693 1229 2761; x_wconf 81' lang='lat' dir='ltr'><strong>Ad-</strong></span> 
     </span>
     <span class='ocr_line' id='line_1_23' title="bbox 96 2803 1232 2891; baseline -0.005 -18"><span class='ocrx_word' id='word_1_178' title='bbox 96 2808 253 2873; x_wconf 89' lang='lat' dir='ltr'><strong>miratum</strong></span> <span class='ocrx_word' id='word_1_179' title='bbox 270 2828 329 2890; x_wconf 91' lang='lat' dir='ltr'><strong>pro</strong></span> <span class='ocrx_word' id='word_1_180' title='bbox 345 2811 439 2891; x_wconf 86' lang='lat' dir='ltr'><strong>parte</strong></span> <span class='ocrx_word' id='word_1_181' title='bbox 456 2804 592 2872; x_wconf 90' lang='lat' dir='ltr'><strong>Ducalis</strong></span> <span class='ocrx_word' id='word_1_182' title='bbox 618 2804 822 2871; x_wconf 81' lang='lat' dir='ltr'><strong>Excellentie</strong></span> <span class='ocrx_word' id='word_1_183' title='bbox 838 2827 870 2870; x_wconf 90' lang='lat' dir='ltr'><strong>se</strong></span> <span class='ocrx_word' id='word_1_184' title='bbox 886 2804 1008 2871; x_wconf 87' lang='lat' dir='ltr'><strong>obtulit</strong></span> <span class='ocrx_word' id='word_1_185' title='bbox 1033 2805 1169 2887; x_wconf 91' lang='lat' dir='ltr'><strong>copiose,</strong></span> <span class='ocrx_word' id='word_1_186' title='bbox 1187 2803 1202 2867; x_wconf 88' lang='lat' dir='ltr'><strong>f</strong></span> <span class='ocrx_word' id='word_1_187' title='bbox 1222 2840 1232 2850; x_wconf 95' lang='lat'><em>·</em></span> 
     </span>
     <span class='ocr_line' id='line_1_24' title="bbox 96 2913 1233 2997; baseline -0.006 -15"><span class='ocrx_word' id='word_1_188' title='bbox 96 2916 294 2983; x_wconf 89' lang='lat' dir='ltr'><strong>vorabiliter</strong></span> <span class='ocrx_word' id='word_1_189' title='bbox 311 2919 345 2979; x_wconf 84' lang='lat' dir='ltr'><strong>et</strong></span> <span class='ocrx_word' id='word_1_190' title='bbox 360 2914 499 2997; x_wconf 92' lang='lat' dir='ltr'><strong>benigne</strong></span> <span class='ocrx_word' id='word_1_191' title='bbox 516 2916 608 2982; x_wconf 91' lang='lat' dir='ltr'><strong>nobis</strong></span> <span class='ocrx_word' id='word_1_192' title='bbox 625 2921 658 2980; x_wconf 88' lang='lat' dir='ltr'><strong>et</strong></span> <span class='ocrx_word' id='word_1_193' title='bbox 674 2914 797 2979; x_wconf 84' lang='lat' dir='ltr'><strong>civibus</strong></span> <span class='ocrx_word' id='word_1_194' title='bbox 823 2914 942 2978; x_wconf 87' lang='lat' dir='ltr'><strong>nostris</strong></span> <span class='ocrx_word' id='word_1_195' title='bbox 968 2913 1001 2976; x_wconf 93' lang='lat' dir='ltr'><strong>in</strong></span> <span class='ocrx_word' id='word_1_196' title='bbox 1028 2913 1233 2994; x_wconf 89' lang='lat' dir='ltr'><strong>quibuscum·</strong></span> 
     </span>
     <span class='ocr_line' id='line_1_25' title="bbox 95 3017 1232 3110; baseline -0.007 -20"><span class='ocrx_word' id='word_1_197' title='bbox 95 3047 165 3110; x_wconf 92' lang='lat' dir='ltr'><strong>que</strong></span> <span class='ocrx_word' id='word_1_198' title='bbox 181 3023 370 3107; x_wconf 85' lang='lat' dir='ltr'><strong>opportunis</strong></span> <span class='ocrx_word' id='word_1_199' title='bbox 386 3027 554 3105; x_wconf 88' lang='lat' dir='ltr'><strong>tamquam</strong></span> <span class='ocrx_word' id='word_1_200' title='bbox 570 3022 696 3087; x_wconf 88' lang='lat' dir='ltr'><strong>devotis</strong></span> <span class='ocrx_word' id='word_1_201' title='bbox 712 3021 824 3086; x_wconf 90' lang='lat' dir='ltr'><strong>amicis</strong></span> <span class='ocrx_word' id='word_1_202' title='bbox 834 3017 1232 3100; x_wconf 88' lang='lat' dir='ltr'><strong>DominationisDuoalis‚</strong></span> 
     </span>
     <span class='ocr_line' id='line_1_26' title="bbox 99 3125 1234 3216; baseline -0.008 -17"><span class='ocrx_word' id='word_1_203' title='bbox 99 3133 144 3199; x_wconf 91' lang='lat' dir='ltr'><strong>de</strong></span> <span class='ocrx_word' id='word_1_204' title='bbox 161 3153 224 3216; x_wconf 93' lang='lat' dir='ltr'><strong>quo</strong></span> <span class='ocrx_word' id='word_1_205' title='bbox 241 3155 261 3197; x_wconf 91' lang='lat' dir='ltr'><strong>a</strong></span> <span class='ocrx_word' id='word_1_206' title='bbox 277 3129 489 3215; x_wconf 90' lang='lat' dir='ltr'><strong>benignitatis</strong></span> <span class='ocrx_word' id='word_1_207' title='bbox 506 3136 610 3211; x_wconf 75' lang='lat' dir='ltr'><strong>vestre</strong></span> <span class='ocrx_word' id='word_1_208' title='bbox 627 3127 740 3194; x_wconf 84' lang='lat' dir='ltr'><strong>fomite</strong></span> <span class='ocrx_word' id='word_1_209' title='bbox 757 3128 912 3210; x_wconf 82' lang='lat' dir='ltr'><strong>derivato,</strong></span> <span class='ocrx_word' id='word_1_210' title='bbox 924 3128 966 3193; x_wconf 88' lang='lat' dir='ltr'><strong>ad</strong></span> <span class='ocrx_word' id='word_1_211' title='bbox 978 3149 1059 3212; x_wconf 89' lang='lat' dir='ltr'><strong>quas</strong></span> <span class='ocrx_word' id='word_1_212' title='bbox 1075 3125 1234 3207; x_wconf 85' lang='lat' dir='ltr'><strong>valemus,</strong></span> 
     </span>
     <span class='ocr_line' id='line_1_27' title="bbox 95 3233 1229 3323; baseline -0.009 -15"><span class='ocrx_word' id='word_1_213' title='bbox 95 3241 301 3323; x_wconf 85' lang='lat' dir='ltr'><strong>assurgimus</strong></span> <span class='ocrx_word' id='word_1_214' title='bbox 318 3239 499 3322; x_wconf 89' lang='lat' dir='ltr'><strong>gratiarum</strong></span> <span class='ocrx_word' id='word_1_215' title='bbox 515 3233 712 3320; x_wconf 88' lang='lat' dir='ltr'><strong>multiplices</strong></span> <span class='ocrx_word' id='word_1_216' title='bbox 729 3235 880 3315; x_wconf 71' lang='lat' dir='ltr'><strong>notiones</strong></span> <span class='ocrx_word' id='word_1_217' title='bbox 901 3256 959 3299; x_wconf 92' lang='lat' dir='ltr'><strong>nos</strong></span> <span class='ocrx_word' id='word_1_218' title='bbox 976 3233 1081 3301; x_wconf 90' lang='lat' dir='ltr'><strong>eidem</strong></span> <span class='ocrx_word' id='word_1_219' title='bbox 1107 3255 1147 3300; x_wconf 89' lang='lat' dir='ltr'><strong>ac</strong></span> <span class='ocrx_word' id='word_1_220' title='bbox 1163 3254 1229 3298; x_wconf 92' lang='lat' dir='ltr'><strong>om-</strong></span> 
     </span>
     <span class='ocr_line' id='line_1_28' title="bbox 94 3339 1233 3426; baseline -0.011 -11"><span class='ocrx_word' id='word_1_221' title='bbox 94 3347 196 3415; x_wconf 89' lang='lat' dir='ltr'><strong>nibus</strong></span> <span class='ocrx_word' id='word_1_222' title='bbox 213 3349 327 3412; x_wconf 87' lang='lat' dir='ltr'><strong>vestris</strong></span> <span class='ocrx_word' id='word_1_223' title='bbox 344 3343 466 3412; x_wconf 81' lang='lat' dir='ltr'><strong>civibus</strong></span> <span class='ocrx_word' id='word_1_224' title='bbox 482 3345 525 3410; x_wconf 88' lang='lat' dir='ltr'><strong>ad</strong></span> <span class='ocrx_word' id='word_1_225' title='bbox 543 3350 660 3410; x_wconf 89' lang='lat' dir='ltr'><strong>cuncta</strong></span> <span class='ocrx_word' id='word_1_226' title='bbox 676 3343 770 3408; x_wconf 89' lang='lat' dir='ltr'><strong>nobis</strong></span> <span class='ocrx_word' id='word_1_227' title='bbox 786 3342 955 3426; x_wconf 87' lang='lat' dir='ltr'><strong>possibilia</strong></span> <span class='ocrx_word' id='word_1_228' title='bbox 975 3363 1118 3408; x_wconf 89' lang='lat' dir='ltr'><strong>consona</strong></span> <span class='ocrx_word' id='word_1_229' title='bbox 1144 3339 1233 3406; x_wconf 89' lang='lat' dir='ltr'><strong>votis</strong></span> 
     </span>
     <span class='ocr_line' id='line_1_29' title="bbox 94 3446 1230 3537; baseline -0.009 -16"><span class='ocrx_word' id='word_1_230' title='bbox 94 3455 168 3521; x_wconf 88' lang='lat' dir='ltr'><strong>suis</strong></span> <span class='ocrx_word' id='word_1_231' title='bbox 193 3453 300 3520; x_wconf 87' lang='lat' dir='ltr'><strong>cordis</strong></span> <span class='ocrx_word' id='word_1_232' title='bbox 324 3454 447 3520; x_wconf 86' lang='lat' dir='ltr'><strong>affectu</strong></span> <span class='ocrx_word' id='word_1_233' title='bbox 472 3451 673 3537; x_wconf 89' lang='lat' dir='ltr'><strong>possibiliter</strong></span> <span class='ocrx_word' id='word_1_234' title='bbox 698 3449 880 3516; x_wconf 84' lang='lat' dir='ltr'><strong>offerentes.</strong></span> <span class='ocrx_word' id='word_1_235' title='bbox 906 3450 999 3515; x_wconf 90' lang='lat' dir='ltr'><strong>Data</strong></span> <span class='ocrx_word' id='word_1_236' title='bbox 1023 3447 1151 3532; x_wconf 88' lang='lat' dir='ltr'><strong>Ragusi</strong></span> <span class='ocrx_word' id='word_1_237' title='bbox 1176 3446 1230 3512; x_wconf 92' lang='lat' dir='ltr'><strong>die</strong></span> 
     </span>
     <span class='ocr_line' id='line_1_30' title="bbox 92 3556 761 3646; baseline -0.013 -14"><span class='ocrx_word' id='word_1_238' title='bbox 92 3561 262 3632; x_wconf 87' lang='lat' dir='ltr'>XXIIII.</span> <span class='ocrx_word' id='word_1_239' title='bbox 281 3560 418 3646; x_wconf 83' lang='lat' dir='ltr'><strong>Aprilis,</strong></span> <span class='ocrx_word' id='word_1_240' title='bbox 434 3559 610 3624; x_wconf 91' lang='lat' dir='ltr'><strong>indictione</strong></span> <span class='ocrx_word' id='word_1_241' title='bbox 627 3556 761 3624; x_wconf 88' lang='lat' dir='ltr'><strong>decima.</strong></span> 
     </span>
    </p>
   </div>
   <div class='ocr_carea' id='block_1_3' title="bbox 93 3700 1228 3855">
    <p class='ocr_par' dir='ltr' id='par_1_3' title="bbox 93 3700 1228 3855">
     <span class='ocr_line' id='line_1_31' title="bbox 93 3700 1228 3773; baseline -0.006 -15"><span class='ocrx_word' id='word_1_242' title='bbox 93 3709 134 3773; x_wconf 75' lang='lat' dir='ltr'><strong>(A</strong></span> <span class='ocrx_word' id='word_1_243' title='bbox 153 3705 256 3769; x_wconf 79' lang='lat' dir='ltr'><strong>»copia</strong></span> <span class='ocrx_word' id='word_1_244' title='bbox 269 3705 303 3756; x_wconf 87' lang='lat' dir='ltr'><strong>de</strong></span> <span class='ocrx_word' id='word_1_245' title='bbox 317 3705 555 3756; x_wconf 68' lang='lat' dir='ltr'><strong>commemoraui«</strong></span> <span class='ocrx_word' id='word_1_246' title='bbox 571 3705 660 3754; x_wconf 84' lang='lat' dir='ltr'><strong>czimtl</strong></span> <span class='ocrx_word' id='word_1_247' title='bbox 674 3703 814 3754; x_wconf 85' lang='lat' dir='ltr'><strong>velenczei</strong></span> <span class='ocrx_word' id='word_1_248' title='bbox 832 3704 1010 3766; x_wconf 78' lang='lat' dir='ltr'><strong>allamkdnyv</strong></span> <span class='ocrx_word' id='word_1_249' title='bbox 1032 3701 1106 3753; x_wconf 89' lang='lat' dir='ltr'>VIII.</span> <span class='ocrx_word' id='word_1_250' title='bbox 1121 3700 1228 3752; x_wconf 73' lang='lat' dir='ltr'><strong>notate-</strong></span> 
     </span>
     <span class='ocr_line' id='line_1_32' title="bbox 578 3795 751 3855; baseline 0 -12"><span class='ocrx_word' id='word_1_251' title='bbox 578 3795 626 3844; x_wconf 82' lang='lat' dir='ltr'><strong>bol</strong></span> <span class='ocrx_word' id='word_1_252' title='bbox 645 3799 708 3845; x_wconf 79' lang='lat'><strong>295.</strong></span> <span class='ocrx_word' id='word_1_253' title='bbox 722 3795 751 3855; x_wconf 89' lang='lat' dir='ltr'><strong>l.)</strong></span> 
     </span>
    </p>
   </div>
   <div class='ocr_carea' id='block_1_4' title="bbox 588 3957 685 3964">
    <p class='ocr_par' dir='ltr' id='par_1_4' title="bbox 588 3957 685 3964">
     <span class='ocr_line' id='line_1_33' title="bbox 588 3957 685 3964; baseline 0 -2"><span class='ocrx_word' id='word_1_254' title='bbox 588 3957 655 3964; x_wconf 59' lang='lat' dir='ltr'><strong>,.-......r</strong></span> <span class='ocrx_word' id='word_1_255' title='bbox 662 3957 685 3962; x_wconf 85' lang='grc'><strong>.-</strong></span> 
     </span>
    </p>
   </div>
   <div class='ocr_carea' id='block_1_5' title="bbox 147 4122 1177 4365">
    <p class='ocr_par' dir='ltr' id='par_1_5' title="bbox 147 4122 1177 4365">
     <span class='ocr_line' id='line_1_34' title="bbox 629 4122 702 4183; baseline -0.027 -1"><span class='ocrx_word' id='word_1_256' title='bbox 629 4122 702 4183; x_wconf 77' lang='grc'><strong>362.</strong></span> 
     </span>
     <span class='ocr_line' id='line_1_35' title="bbox 147 4279 1177 4365; baseline -0.007 -17"><span class='ocrx_word' id='word_1_257' title='bbox 147 4282 178 4349; x_wconf 83' lang='lat' dir='ltr'><em>A</em></span> <span class='ocrx_word' id='word_1_258' title='bbox 196 4282 350 4348; x_wconf 76' lang='lat' dir='ltr'><strong>velenczec&#39;</strong></span> <span class='ocrx_word' id='word_1_259' title='bbox 366 4281 647 4365; x_wconf 70' lang='lat' dir='ltr'><strong>kdzldracadpnak</strong></span> <span class='ocrx_word' id='word_1_260' title='bbox 663 4280 799 4365; x_wconf 71' lang='lat' dir='ltr'><strong>spatam</strong></span> <span class='ocrx_word' id='word_1_261' title='bbox 818 4283 910 4343; x_wconf 78' lang='lat' dir='ltr'><strong>adres</strong></span> <span class='ocrx_word' id='word_1_262' title='bbox 926 4279 1062 4362; x_wconf 70' lang='lat' dir='ltr'><strong>kczsepe.</strong></span> <span class='ocrx_word' id='word_1_263' title='bbox 1083 4279 1177 4342; x_wconf 73' lang='lat'><em>1387.</em></span> 
     </span>
    </p>
   </div>
   <div class='ocr_carea' id='block_1_6' title="bbox 95 4435 1232 4641">
    <p class='ocr_par' dir='ltr' id='par_1_6' title="bbox 95 4435 1232 4641">
     <span class='ocr_line' id='line_1_36' title="bbox 210 4435 1232 4521; baseline -0.006 -13"><span class='ocrx_word' id='word_1_264' title='bbox 210 4443 348 4508; x_wconf 86' lang='lat' dir='ltr'><strong>Litteris</strong></span> <span class='ocrx_word' id='word_1_265' title='bbox 364 4441 509 4507; x_wconf 88' lang='lat' dir='ltr'><strong>Illustris</strong></span> <span class='ocrx_word' id='word_1_266' title='bbox 529 4439 636 4508; x_wconf 89' lang='lat' dir='ltr'><strong>Vestri</strong></span> <span class='ocrx_word' id='word_1_267' title='bbox 663 4438 808 4505; x_wconf 90' lang='lat' dir='ltr'><strong>Dominii</strong></span> <span class='ocrx_word' id='word_1_268' title='bbox 835 4460 898 4521; x_wconf 88' lang='lat' dir='ltr'><strong>quo</strong></span> <span class='ocrx_word' id='word_1_269' title='bbox 916 4435 1022 4502; x_wconf 89' lang='lat' dir='ltr'><strong>decuit</strong></span> <span class='ocrx_word' id='word_1_270' title='bbox 1048 4437 1172 4502; x_wconf 89' lang='lat' dir='ltr'><strong>honore</strong></span> <span class='ocrx_word' id='word_1_271' title='bbox 1187 4439 1232 4502; x_wconf 92' lang='lat' dir='ltr'><strong>in-</strong></span> 
     </span>
     <span class='ocr_line' id='line_1_37' title="bbox 95 4543 1228 4641; baseline -0.011 -20"><span class='ocrx_word' id='word_1_272' title='bbox 95 4554 231 4641; x_wconf 67' lang='lat' dir='ltr'><strong>spectis</strong></span> <span class='ocrx_word' id='word_1_273' title='bbox 247 4551 334 4617; x_wconf 90' lang='lat' dir='ltr'><strong>datis</strong></span> <span class='ocrx_word' id='word_1_274' title='bbox 351 4551 384 4616; x_wconf 93' lang='lat' dir='ltr'><strong>in</strong></span> <span class='ocrx_word' id='word_1_275' title='bbox 400 4555 510 4616; x_wconf 84' lang='lat' dir='ltr'><strong>vestro</strong></span> <span class='ocrx_word' id='word_1_276' title='bbox 527 4546 634 4614; x_wconf 90' lang='lat' dir='ltr'><strong>ducali</strong></span> <span class='ocrx_word' id='word_1_277' title='bbox 649 4549 772 4634; x_wconf 85' lang='lat' dir='ltr'><strong>palatio</strong></span> <span class='ocrx_word' id='word_1_278' title='bbox 790 4547 842 4612; x_wconf 92' lang='lat' dir='ltr'><strong>die</strong></span> <span class='ocrx_word' id='word_1_279' title='bbox 859 4544 1115 4630; x_wconf 86' lang='lat' dir='ltr'><strong>quintadecima</strong></span> <span class='ocrx_word' id='word_1_280' title='bbox 1133 4543 1228 4610; x_wconf 89' lang='lat' dir='ltr'><strong>huius</strong></span> 
     </span>
    </p>
   </div>
   <div class='ocr_carea' id='block_1_7' title="bbox 0 0 1612 5250">
    <p class='ocr_par' dir='ltr' id='par_1_7' title="bbox 0 0 1612 5250">
     <span class='ocr_line' id='line_1_38' title="bbox 0 0 1612 5250; baseline 0 2"><span class='ocrx_word' id='word_1_281' title='bbox 0 0 1612 5250; x_wconf 95' lang='lat' dir='ltr'><strong> </strong></span> 
     </span>
    </p>
   </div>
  </div>
 </body>
</html>
