3172 5254
362 355 424 416 138
713 373 947 417 urenounozmr
964 360 1131 417 munerun.

470 529 554 616 VII)
570 531 632 595 Die
650 531 695 595 X.
712 530 915 596 Novembris.
943 530 1105 615 Capta:
1131 531 1295 616 (Litterae
1311 533 1354 596 ad
1371 534 1499 615 Regem

362 639 533 722 Hungarie
558 640 791 722 regratiatorie
817 652 916 704 cansa
943 662 998 705 sne
1024 641 1285 724 interpositionis
1312 643 1344 704 in
1374 641 1502 722 treugis

362 769 434 814 cnm
459 745 606 812 Ducibus
633 747 769 812 Austrie
800 769 859 830 per
891 769 983 812 snum
1015 745 1500 836 Amnaxiatore1nnieola11m

366 855 569 939 Hungarum,
586 857 676 921 cuius
703 857 866 939 sapientia
882 857 1055 938 landatur,
1082 857 1187 922 forma
1213 879 1289 921 rero
1306 865 1503 950 treugarum

362 966 606 1031 transmittitur.
623 965 711 1030 Dum
721 965 794 1029 Rex
806 965 934 1030 duxerit
952 965 1144 1046 faciendum,
1154 988 1215 1050 pro
1231 965 1407 1030 tractanda
1416 984 1503 1048 paee

363 1070 619 1138 Ambaxiatores
638 1072 756 1137 Veneti
774 1072 892 1138 radent
909 1075 950 1138 ed
968 1095 1060 1138 suam
1076 1074 1323 1157 praesentiam.)

479 1219 513 1278 (d
532 1218 662 1268 ›Secreta
672 1219 786 1268 Consilii
808 1218 1058 1281 Rogator·um«·b='d
1080 1219 1113 1267 1).
1128 1219 1196 1266 alant
1212 1223 1328 1267 etr—41.
1344 1219 1392 1279 sa.)

894 1511 967 1572 124.

370 1669 393 1730 Ι.
413 1671 511 1752 Ltqy'oa
528 1691 666 1755 ntteqpur
684 1670 715 1732 rie
731 1669 852 1755 lcapyel
876 1669 1056 1754 tinnipant·
1074 1695 1094 1732 a
1103 1669 1258 1756 florenczi
1275 1671 1503 1756 tozedmcsdp.

890 1779 982 1840 1376.

474 1936 557 2018 Regi
576 1937 759 2018 Hnngarie.
837 2019 841 2026 ι

475 2045 686 2110 Serenissime
702 2053 803 2129 atilae
830 2046 1042 2112 inuictissime
1068 2047 1234 2129 Princeps.
1253 2047 1411 2129 Suggerit
1430 2068 1505 2110 oon-

366 2151 448 2216 (litio
467 2161 657 2235 temporum,
675 2161 707 2218 et
723 2174 834 2217 rerum
851 2155 993 2219 varietas
1009 2155 1158 2238 impellit,
1174 2163 1207 2218 ut
1226 2155 1315 2218 ultra
1333 2176 1433 2236 qnam
1450 2153 1506 2217 de-

368 2265 448 2340 ceat,
466 2260 579 2325 crebra
590 2261 774 2326 litterarum
790 2261 974 2344 frequentia
991 2261 1210 2327 serenitatem
1231 2262 1389 2329 Vestram
1406 2262 1506 2325 maio-

370 2367 462 2432 ribus
477 2369 637 2434 intentam
654 2371 798 2453 negooijs
824 2391 1022 2452 occupemus.
1050 2369 1114 2436 Sed
1132 2372 1216 2435 inter
1232 2372 1383 2452 ingentes
1400 2390 1506 2447 curas,

370 2482 403 2540 et
427 2481 476 2540 tot
502 2477 696 2560 populorum
723 2480 875 2560 regimen,
902 2480 1018 2561 quibus
1051 2480 1205 2547 Omnium
1231 2479 1356 2544 Rerum
1385 2476 1505 2560 Opiter

373 2581 614 2649 sublimitatem
631 2585 785 2651 Vestram
813 2588 1029 2652 saluberrima
1046 2588 1259 2671 dispositione
1276 2588 1427 2670 prefecit,
1441 2608 1506 2650 non

371 2691 481 2756 tede-at
499 2693 557 2758 bec
574 2701 686 2758 nostra
702 2695 878 2776 perlegere
891 2717 952 2777 qne
964 2695 1148 2759 bumilitate
1162 2694 1321 2776 singulari
1333 2694 1507 2758 blaiestati

372 2799 491 2864 Vestre
518 2800 721 2865 deereuimus
748 2822 912 2882 reserare3
944 2802 1150 2884 'prebeatqne
1182 2801 1331 2865 auditum
1365 2800 1507 2865 orationi

371 2914 479 2972 nostre
497 2908 618 2974 Vestra
636 2907 837 2991 Benignitas.
865 2907 929 2992 Qui
957 2912 1105 2990 quamuis
1121 2910 1266 2975 locorum
1283 2910 1459 2981 distancia,
1477 2916 1509 2972 et

368 3016 443 3098 jure
462 3038 500 3080 ao
516 3016 747 3082 consuetudine
774 3019 959 3100 presidendi
986 3027 1077 3082 extra
1096 3020 1194 3083 rostri
1210 3020 1319 3100 Regni
1339 3041 1460 3101 eorpus
1477 3019 1507 3082 in

371 3122 520 3189 libertate
537 3147 715 3205 versemur,
743 3126 912 3190 deuotione
938 3134 1046 3191 tamen
1072 3134 1105 3192 et
1130 3127 1313 3192 reuerentia.
1340 3127 1442 3191 vestri
1459 3147 1509 3190 su-

371 3253 450 3296 mus.
468 3230 544 3297 Non
571 3235 656 3298 enim
682 3255 862 3324 possumus,
889 3257 959 3298 (trun
985 3235 1203 3300 vetustissima
1235 3255 1448 3299 recensemus
1475 3243 1505 3298 et

373 3340 525 3418 recentia,
543 3363 581 3405 ac
598 3344 695 3423 paulo
713 3343 898 3424 antiquiora
924 3343 1056 3406 nierncri
1076 3341 1299 3407 recorditione
1317 3341 1507 3424 repetimus,

373 3447 499 3512 infinita
517 3449 626 3516 Vestri
646 3447 817 3529 OnlnriniS,
834 3457 867 3513 et
883 3459 1063 3515 rostrorum
1089 3452 1198 3515 inclite
1218 3451 1374 3515 memorie
1392 3471 1510 3533 proge-

371 3557 512 3620 nitorum
530 3558 563 3620 in
580 3565 724 3622 nostrum
741 3560 894 3640 populum
910 3557 1067 3623 beneficia
1082 3559 1165 3623 citra
1182 3559 1433 3639 ingratitudinis
1444 3581 1511 3623 ma·

372 3663 479 3728 culam
497 3664 666 3747 denegare.
694 3665 903 3730 Sanctissime
929 3666 1060 3748 quidem
1078 3673 1110 3730 et
1125 3665 1387 3747 inextinguibilis
1404 3687 1511 3731 ree-or·

372 3771 513 3836 dationis
529 3771 677 3838 Karolns
693 3773 845 3852 Magnus,
863 3774 948 3836 unde
966 3796 1060 3837 sacra
1077 3780 1184 3838 restra
1201 3776 1376 3856 progenies
1392 3797 1513 3856 propa·
1584 3799 1585 3802 ¹

372 3886 478 3962 gatar,
496 3881 608 3946 urbem
626 3891 768 3946 nostrum
787 3905 806 3946 a
824 3881 936 3945 Totila
961 3880 1098 3944 deletam
1126 3881 1335 3946 edificacione
1353 3883 1513 3960 restituit,
1584 3939 1585 3942 ,

373 3995 402 4052 et
420 3989 602 4070 priuilegiis
619 4011 657 4053 ac
676 3989 891 4071 dignitatibus
908 3991 1084 4053 exornabit.
1106 3988 1252 4054 Karolus
1271 3987 1365 4070 alter,
1384 3991 1511 4073 primus

374 4096 561 4161 Jerusalem
588 4105 620 4161 et
646 4097 756 4162 Sicilie
781 4097 864 4176 Rex,
882 4097 931 4160 eni
950 4098 983 4160 in
999 4097 1216 4177 acquisit-ione
1239 4097 1348 4179 Regni
1367 4100 1511 4164 maxima

374 4205 636 4270 Florentinorum
656 4228 770 4270 rnanus
787 4205 996 4270 ‹lenotissime
1023 4205 1186 4284 militamt,
1204 4206 1450 4272 multitudinem
1470 4208 1512 4271 ei-

376 4315 462 4377 ninm
492 4311 693 4394 (ludicrum,
721 4335 801 4395 quos
828 4336 1002 4396 paueornm
1030 4312 1208 4378 erudelitas
1241 4319 1335 4378 extra
1369 4318 1512 4398 patriam
1584 4323 1585 4374 ἶ

376 4421 543 4498 retinebat,
572 4421 721 4484 reductos
748 4420 778 4482 in
806 4423 917 4503 patria
942 4421 1123 4485 eollouruit.
1142 4421 1233 4485 ldem
1250 4419 1327 4486 fecit
1347 4431 1379 4487 et
1400 4424 1512 4487 inclite
1584 4445 1585 4464 ³

374 4530 525 4596 irrennorie
542 4528 666 4594 alnnrns
685 4530 803 4596 Vestra
821 4527 1015 4598 Serenitatis
1033 4529 1183 4592 ‹lorninns
1199 4527 1350 4597 Karolus
1368 4528 1511 4596 Valesie.
1585 4522 1586 4525 ¹
