3214 5250
619 331 711 401 1389.
1155 331 1218 402 675

89 501 211 574 iratres
227 514 351 576 vestros
368 514 414 577 sic
438 519 582 579 tractare
609 538 672 579 non
697 515 823 580 debetis
848 516 999 598 quidem3
1023 523 1055 580 et
1080 538 1138 582 nos
1163 540 1219 582 ros

88 616 296 697 requirimus,
313 624 347 684 et
362 620 590 686 nichilominus
617 622 820 704 presentibus
846 619 960 688 damus
984 624 1020 688 in
1044 623 1219 704 mandatis,

89 727 125 785 vt
140 723 270 790 eosdem
287 725 524 810 Tragurienses
540 728 694 813 deinceps
710 729 849 811 benigne
876 737 908 793 et
934 736 968 795 vt
993 729 1110 796 fratres
1132 736 1217 796 trac-

88 835 164 894 tare
195 832 326 914 velitis,
368 836 555 901 nullatenus
596 837 774 918 iniuriam,
820 836 974 902 offensam
1012 838 1063 903 vel
1103 839 1221 904 damna

88 939 124 1002 in
150 938 244 1004 bonis
269 948 302 1007 et
326 945 476 1026 personis
501 965 612 1010 eorum
637 965 695 1028 per
721 967 777 1010 vos
802 944 852 1009 vel
879 951 1002 1010 vestros
1034 944 1219 1010 inferentes.

88 1043 181 1112 Ymo
198 1049 349 1114 similiter
365 1053 561 1136 precipimus
578 1059 611 1118 et
632 1053 833 1133 mandamus,
859 1059 896 1118 vt
920 1053 946 1116 si
973 1073 1036 1135 que
1061 1054 1221 1118 violencia

90 1155 139 1218 eis
155 1175 214 1238 per
229 1162 354 1222 vestros
369 1157 459 1224 facta
477 1160 527 1240 sit,
545 1161 590 1224 eis
607 1160 771 1225 iusticiam
787 1181 846 1244 pro
863 1160 977 1225 fauore
999 1159 1148 1242 faciatie3
1173 1184 1220 1226 se-

87 1285 146 1327 cus
164 1286 226 1330 non
244 1265 364 1330 facturi
381 1268 483 1332 nostri
504 1289 622 1334 amore.
640 1269 684 1332 ,nt
709 1268 859 1351 vicissim,
877 1268 903 1332 si
930 1289 1027 1350 quam
1044 1267 1129 1334 sorte
1146 1291 1219 1335 oum

88 1371 367 1456 Traguriensibue
384 1397 515 1440 causam
532 1376 714 1458 haberetis;
738 1377 830 1440 illam
857 1397 967 1440 coram
993 1377 1086 1442 nobie
1111 1398 1220 1460 proseg

87 1481 147 1562 qui
164 1481 320 1562 debeatis,
337 1488 370 1545 rt
388 1483 539 1547 omnibus
556 1483 721 1548 reddimus
736 1482 905 1548 iusticiam.
933 1465 1023 1547 Data
1049 1483 1073 1550 J
1076 1484 1153 1548 adre
1179 1483 1220 1553 V.

88 1589 144 1653 die
162 1591 282 1654 mensis
298 1581 392 1654 Jnnii
408 1589 444 1654 M
448 1587 802 1654 CCCLXXXVIIII.
818 1588 994 1654 Prosentes
1020 1597 1127 1655 antem
1146 1597 1221 1674 post

87 1697 251 1762 lecturam
267 1695 359 1761 reddi
375 1696 522 1762 iubemus
537 1701 746 1779 presentnuti.

365 1841 508 1902 (Eredetie
522 1841 637 1906 spalato
651 1841 729 1892 viros
740 1841 953 1902 leveltaraban.)
1076 1900 1079 1908 ,

618 2149 693 2212 407.

89 2307 237 2377 Toartko
254 2310 298 2372 ΙΙ.
315 2309 426 2374 Istocin
441 2309 529 2374 ezech
545 2309 731 2374 dedosznini
742 2307 856 2396 tirntp
867 2312 984 2376 induciet
1001 2307 1082 2376 kata
1093 2337 1114 2376 a
1125 2306 1222 2376 velent·

426 2417 490 2482 ozei
503 2417 779 2504 kdztdiucrsdqdoz.
798 2419 892 2483 1389.

201 2577 301 2644 Anno
318 2571 713 2646 MCOCLXXXVIHI.
737 2577 912 2644 indictione
930 2571 1015 2642 XII.
1031 2577 1085 2642 die
1101 2575 1147 2641 X.
1163 2575 1222 2641 Ju.

86 2689 147 2754 nii.
172 2684 317 2768 Capta
334 2709 340 2746 :
359 2683 454 2768 Quod
471 2707 531 2768 pro
548 2684 668 2750 honore
686 2687 788 2750 nostri
813 2685 968 2768 Dominii,
996 2691 1029 2750 et
1055 2690 1091 2749 ut
1118 2687 1222 2769 possit

86 2795 206 2861 haberi
223 2793 409 2859 informatio
426 2815 545 2876 eorum,
563 2814 625 2876 que
642 2791 789 2858 dominus
806 2793 878 2858 Rex
904 2791 1025 2858 Bosnie
1051 2792 1216 2876 significat

87 2901 187 2968 nobis
203 2920 260 2984 per
276 2902 375 2966 istum
391 2899 659 2983 Ambaxatorem,
679 2902 735 2982 qui
761 2909 808 2966 est
833 2903 867 2965 in
894 2897 1028 2982 Cherso,
1053 2900 1213 2966 scribatur

87 3009 276 3094 Capitaneo
292 3017 406 3076 nostro
422 3011 540 3093 riperie
565 3009 674 3090 Istric,
701 3009 786 3093 quod
812 3016 943 3094 recepto
970 3010 1114 3093 presenti
1133 3031 1222 3073 man·

86 3120 172 3184 dato
189 3117 236 3182 ire
252 3118 372 3183 debeat
389 3140 461 3183 cum
478 3117 567 3201 ligno
586 3117 647 3183 sibi
674 3117 846 3182 commisso
865 3117 904 3184 ad
922 3100 1163 3200 partesChersi
1180 3115 1222 3181 ad
1243 3129 1246 3136 ⁴

85 3225 265 3291 levandum
281 3227 388 3309 ipsum
404 3224 686 3306 Ambaxiatorem,
704 3233 738 3290 et
758 3225 1000 3291 conducendum
1018 3245 1121 3306 usque
1139 3221 1221 3308 Cap-

86 3334 192 3415 rulas
208 3335 312 3400 eundo
329 3334 456 3399 solicite
474 3340 507 3398 et
524 3355 596 3398 cum
614 3333 699 3398 bono
716 3332 838 3415 ordine,
854 3335 903 3398 ita
919 3333 1005 3415 quod
1025 3335 1090 3416 pito
1115 3331 1222 3396 redire

85 3441 196 3527 possit
211 3441 254 3506 ad
271 3461 364 3505 enam
380 3440 570 3522 custodiam,
593 3448 626 3506 et
643 3439 838 3506 dimittendo
854 3441 993 3507 banchae
1019 3460 1094 3504 suas
1112 3439 1154 3503 ad
1171 3461 1223 3503 cu-

87 3547 242 3630 stodiam,
259 3551 306 3615 ita
323 3549 410 3630 quod
428 3551 652 3614 oontrabanna
668 3571 731 3614 non
750 3547 838 3613 fiant.

202 3693 237 3756 (Α
253 3695 361 3743 ›Misti‹
377 3695 466 3744 ezimd
479 3696 618 3744 velenczei
633 3691 859 3756 allamkonyvbol
871 3687 944 3739 XLI.
959 3691 1015 3740 kot.
1031 3696 1072 3740 39.
1085 3691 1115 3753 l.)

621 3997 696 4063 408.

87 4158 122 4230 A
156 4157 309 4228 calcanei
334 4160 614 4248 kdztdrsaedpnak
646 4159 778 4224 odiosae
810 4177 881 4224 enen
913 4155 1100 4246 kdoetaiyre.
1128 4155 1225 4222 1389.

203 4319 301 4390 Anno
318 4315 715 4388 MOCOLXXXVIIII.
730 4319 907 4384 indictione
924 4317 1008 4384 XII.
1025 4317 1077 4383 die
1089 4314 1148 4384 VI.
1165 4317 1226 4383 Ju-

87 4425 136 4498 lii.
164 4430 334 4516 Capta:
354 4431 450 4517 Quod
468 4431 702 4512 respondeatur
712 4427 931 4493 Ambaxatori
947 4424 1152 4493 Sereniesimi
1171 4425 1226 4489 do·

87 4540 172 4607 mi'ni
186 4539 290 4625 Regis
307 4542 425 4607 Bosne.
442 4539 486 4604 Et
503 4539 607 4622 primo
625 4537 666 4602 nd
688 4537 826 4621 primam
853 4543 977 4620 partem
997 4519 1036 4599 de
1062 4531 1222 4618 possendn

1057 4640 1118 4712 43*
