3214 5250
651 411 745 472 1386.
1186 413 1249 474 615

119 585 260 668 singulis
277 588 369 651 aunis
385 592 416 651 et
442 588 608 670 perpetuis
634 585 845 670 temporibus,
871 586 1019 650 videlicet
1046 588 1253 653 medietatem

118 693 154 756 in
172 692 258 758 sesto
275 691 387 759 Sancti
404 693 554 776 Martini,
570 701 603 758 et
619 693 718 760 aliam
734 694 943 760 medietatem
960 695 992 759 in
1019 694 1103 760 sesto
1130 694 1252 762 Sancte

118 800 321 884 Walpurgis,
349 803 443 868 nobis
460 808 492 867 et
517 803 638 868 nostris
662 804 803 886 posteris
830 802 956 868 soluere
982 802 1198 884 tenebuntur3
1223 811 1256 870 et

118 907 209 990 quod
226 909 266 976 de
283 909 432 993 quolibet
448 931 561 976 manso
575 930 674 974 unum
701 911 887 994 plaustrum
920 911 1082 994 lignorum
1099 933 1159 995 pro
1182 931 1254 978 nos·

117 1023 175 1081 tra
192 1013 302 1098 Curia,
319 1016 395 1082 dum
412 1026 445 1083 et
461 1019 617 1103 quociens
634 1017 752 1083 ibidem
769 1017 928 1082 fuerimus
940 1018 1118 1098 constituti,
1134 1018 1252 1084 ducere

117 1124 188 1188 sint
204 1126 355 1190 asstricti.
372 1125 510 1206 Harum,
527 1125 646 1209 quibus
662 1125 804 1210 sigillum
822 1131 968 1193 nostrum
986 1147 1165 1209 appensum
1192 1133 1251 1207 est,

116 1233 309 1298 testimonio
326 1233 507 1299 literarum.
535 1233 658 1300 Datum
686 1233 782 1318 Opol,
808 1255 893 1300 anno
920 1233 1053 1300 Domini
1080 1234 1252 1301 millesimo

115 1341 350 1406 trecentesimo
367 1343 588 1426 octuagesimo
607 1348 698 1408 sexto
717 1344 865 1428 proxima
882 1343 964 1408 teria
980 1349 1071 1408 sexta
1086 1348 1162 1408 aute
1189 1341 1250 1407 fas·

114 1455 189 1514 tum
215 1447 333 1516 Sancte
358 1449 466 1516 Maria
492 1449 699 1534 Magdalcne.
724 1450 938 1516 Prescntibns
964 1453 1084 1516 uostris
1100 1449 1253 1516 fidelibus

115 1558 284 1624 dominis:
302 1557 500 1624 Henczlrone
518 1556 729 1643 Suantopollr
746 1561 787 1625 de
813 1558 1028 1643 Landisberg‚
1054 1556 1198 1641 Georgio
1213 1558 1253 1624 dc

115 1666 213 1733 Suus
229 1665 465 1746 Hotsteinensi,
482 1667 631 1733 Wictore
647 1666 687 1733 de
703 1665 845 1733 Meruicz
863 1667 1034 1750 Opnlieusi
1053 1665 1253 1751 Capitancis,

115 1774 314 1840 Bernhardo
346 1773 507 1844 Werusch
541 1777 837 1855 Ostresclrcuiensi
863 1775 1021 1840 Ilankone
1048 1775 1087 1840 dc
1116 1771 1254 1842 Vschicn

115 1883 322 1962 Welunensi‚
339 1881 505 1948 Niczkone
523 1881 619 1948 Strus
644 1883 866 1950 Karnoniensi
891 1883 1105 1968 Burgrauijs3
1139 1889 1171 1948 ct
1197 1883 1253 1948 do·

118 1993 214 2056 miuo
230 1989 369 2057 Nicolao
387 1989 558 2057 Ticzconis
575 1989 741 2057 (laconico
759 1991 938 2076 Opulieusi,
957 1989 1164 2059 cancellario
1182 2014 1253 2058 nos·

114 2107 182 2181 tro,
200 2101 256 2182 qui
271 2100 444 2184 presencia
460 2099 576 2166 habuit
594 2101 627 2164 in
645 2102 834 2167 commissis.

114 2245 258 2308 (Bredatie
272 2245 453 2310 borlutrtyain,
469 2227 587 2310 melyrol
600 2246 701 2296 Laiszlo
715 2248 885 2312 herczeguelr
898 2246 1016 2312 pscsetje
1041 2246 1198 2296 vitriis-zob}
1212 2261 1252 2296 se·

291 2337 496 2402 lyemzsiuoron
511 2339 586 2404 stigg,
601 2353 618 2388 a
629 2339 741 2406 leugyel
754 2339 883 2402 orszatgos
896 2337 1088 2398 leveltrirban.)

652 2663 725 2724 348.

119 2825 183 2890 Vl.
200 2824 498 2912 Kdrolyfruaczio
516 2823 697 2909 kirdlynalc
719 2823 851 2888 Veoozcl
868 2823 978 2888 romei
994 2825 1027 2886 c's
1043 2826 1114 2888 escle
1133 2825 1249 2912 kiraty

404 2935 660 3019 Mappororsaip
676 2931 847 3016 dolpoirol.
875 2933 969 2995 1386.

229 3092 441 3158 Wenceslaus
466 3091 687 3158 Romanorum
706 3097 739 3156 et
755 3092 911 3157 Bohemie
937 3090 1010 3156 Rex
1028 3091 1148 3158 Karoli
1165 3091 1249 3178 Regi

111 3201 268 3268 Francis.

227 3308 439 3376 Serenissime
455 3308 615 3393 Princeps
633 3317 665 3374 et
681 3309 786 3373 frater
803 3309 987 3374 carissime!
1012 3307 1162 3395 Qualiter
1173 3317 1249 3392 post

111 3416 284 3482 obtentam
311 3437 414 3500 nuper·
440 3417 555 3482 celitus
581 3415 622 3480 de
648 3415 852 3500 quorundam
876 3415 1093 3500 proditorum*
1108 3417 1249 3483 Illustm's

109 3525 159 3592 N.
177 3527 324 3608 germani
349 3526 453 3592 nostri
479 3527 634 3591 carissimi
655 3527 782 3590 insania
798 3525 936 3590 nefanda
956 3525 1097 3606 victoria,
1114 3526 1246 3592 fortuna

111 3632 253 3700 celebris
269 3635 372 3718 copiis
388 3636 508 3699 nostris
535 3639 567 3700 et
588 3634 732 3719 ejusdem
751 3636 896 3716 germani
914 3635 1017 3698 nostri
1036 3634 1248 3717 processibus,

113 3763 200 3828 quos
225 3742 347 3809 Divina
373 3765 499 3827 semper
526 3743 697 3809 clementia
722 3742 905 3824 comitatur,
932 3743 1051 3806 arrisit.
1069 3740 1246 3807 Dilectioui

111 3851 246 3931 Vestra,
270 3872 368 3935 quam
394 3850 434 3916 ‹le
461 3871 666 3916 successuum
695 3858 879 3915 nostrorum
907 3851 1125 3934 prosperitate
1150 3849 1245 3914 letari

110 3957 317 4040 confidimus,
342 3981 399 4042 per
424 3957 619 4024 familiarem
646 3965 797 4041 vestrum,
825 3980 920 4042 quem
947 3959 1022 4023 licet
1048 3959 1185 4023 invitum
1201 3980 1239 4023 ex

110 4069 225 4136 causis
239 4068 406 4152 premissis
432 4067 627 4132 retinuimus
654 4087 755 4150 usquc
772 4066 878 4148 modo,
895 4067 1100 4151 presentibus
1117 4069 1248 4133 nuncia-

112 4198 196 4244 mus.
213 4175 299 4242 Nam
310 4163 392 4242 'dum
411 4177 496 4241 inter·
513 4176 651 4241 eundem
680 4174 814 4240 fratrem
833 4181 976 4240 nostrum
995 4176 1035 4240 ab
1052 4197 1127 4256 una,
1144 4182 1175 4240 et
1192 4175 1249 4241 Se·

110 4283 304 4351 renissimas
331 4284 478 4350 dominas
504 4285 548 4351 ll.
572 4283 730 4367 Reginos
755 4284 958 4366 proditorum
975 4284 1158 4368 hujusmodi
1176 4305 1251 4366 sug·

110 4399 211 4479 gestu
227 4391 361 4473 nefario,
377 4394 531 4477 precipue
559 4391 600 4456 N.
618 4392 659 4457 de
675 4391 727 4472 N„
752 4394 808 4476 qui
829 4413 945 4475 penom
962 4391 1098 4474 proinde
1115 4392 1177 4455 sibi
1195 4393 1248 4457 de-

110 4501 218 4568 bitam
235 4501 354 4566 Divino
368 4500 490 4585 judicio
505 4502 575 4585 jam
592 4499 720 4583 exolvit,
730 4502 839 4584 gravis
850 4500 1154 4566 essetdissensionis
1172 4500 1247 4565 sub-

112 4615 192 4674 orta
223 4609 378 4689 matoria;
404 4629 467 4695 que
494 4609 623 4673 nonnisi
649 4608 778 4692 maguis
794 4606 952 4674 bellorum
969 4605 1075 4674 sedari
1093 4605 1250 4674 conflicti·
