3190 5252
451 317 517 378 430
805 330 1039 378 ursuouucmnr
1056 319 1223 380 unsarans.

450 492 555 559 nostri
571 497 675 558 status
702 491 854 575 periculo,
880 499 913 557 et
935 491 1118 560 turbationi
1138 496 1240 561 totius
1264 495 1361 562 Italic
1376 516 1548 579 processura,

449 602 650 686 postsdatam
667 601 849 667 huiusmodi
865 601 1030 669 licentiam
1047 626 1257 688 negaremus3
1284 627 1323 672 ne
1339 606 1494 688 ingruente
1507 625 1549 686 po·

450 712 558 776 tentia
575 711 720 794 gentium
746 711 976 794 predictarum,
1004 693 1123 793 quibus
1149 712 1239 784 nulla
1255 711 1343 794 fides,
1360 711 1444 777 nulla
1459 713 1549 795 pietas,

450 819 540 884 nulla
553 818 696 901 justicia,
712 838 813 902 quere
830 817 879 882 sas
896 817 941 883 ibi
959 824 1116 912 statuunt,
1127 819 1213 885 unde
1229 819 1330 904 prede
1347 841 1418 904 spes
1435 821 1550 885 maxima

449 933 654 1010 preparatur,
680 923 857 990 Commune
884 905 1032 991 nostrum
1058 926 1258 993 denudatum
1277 927 1433 1012 gentibus,
1447 933 1476 992 et
1490 947 1550 1009 opu·

450 1035 552 1100 lentia
569 1035 675 1100 nostri
700 1035 867 1115 territorii,
893 1055 993 1119 supra
1010 1058 1045 1102 se
1061 1041 1165 1102 totam
1187 1037 1270 1102 hanc
1286 1038 1485 1122 predatorum
1499 1050 1549 1098 ma·

449 1164 526 1208 num
554 1143 678 1208 cunctis
693 1142 898 1225 respectibus
923 1149 1125 1226 provocaret.
1151 1143 1222 1210 Nec
1237 1149 1331 1227 putet
1348 1142 1464 1211 Vestra
1478 1141 1550 1208 Sere

450 1251 544 1328 nitas,
560 1249 619 1315 has
635 1271 732 1333 posse
748 1255 861 1334 gentes
878 1250 992 1335 quavis
1007 1253 1205 1316 auctoritate
1221 1259 1278 1318 aut
1295 1253 1469 1318 reuerentia
1483 1250 1550 1316 cohi·

446 1356 530 1423 beri.
546 1357 655 1423 Tanta
680 1356 809 1441 quidem
836 1356 983 1441 rapiendi
1000 1360 1198 1425 consuetudo
1225 1381 1332 1425 mores
1348 1360 1478 1424 istarum
1492 1379 1549 1440 gen·

449 1466 529 1530 tium
546 1463 744 1549 depravavit,
770 1465 917 1547 adeoque
943 1485 1071 1550 semper
1095 1474 1241 1532 recentes
1257 1473 1443 1533 convectare
1456 1465 1550 1550 prodas

441 1572 536 1656 juvat
554 1579 587 1638 et
603 1573 708 1638 vivere
724 1578 829 1655 rapte,
856 1572 946 1655 quod
962 1573 1015 1637 vix
1035 1594 1089 1639 eas
1105 1572 1226 1642 Vestra
1242 1572 1429 1658 Majestatis
1444 1555 1548 1656 presen-

446 1681 495 1744 tia
510 1679 700 1744 contineret.
719 1679 796 1745 Non
812 1678 913 1762 igitur
928 1677 1109 1745 admiretur
1125 1678 1232 1763 Regia
1248 1677 1427 1762 Celsitudo,
1438 1677 1547 1762 si,quod

446 1786 516 1850 sine
532 1791 639 1851 status
656 1785 759 1850 nostri
776 1784 920 1869 periculo
937 1787 1119 1852 consentire
1136 1807 1200 1850 non
1215 1793 1419 1870 poteramus
1435 1786 1468 1868 si,
1481 1781 1547 1869 quod

448 1915 571 1960 summe
589 1892 750 1960 dementis
776 1893 900 1972 fuisset,
925 1892 1075 1960 videlicet
1092 1901 1125 1958 se
1142 1894 1293 1978 gentibus
1322 1896 1357 1960 in
1373 1890 1547 1960 necessitatis

372 2039 374 2042 ·
446 2003 585 2068 articulo
604 2002 762 2086 spoliare,
787 2002 822 2080 si,
839 2001 926 2085 quod
936 1995 1055 2066 fuisset
1066 2004 1169 2066 nostri
1180 1999 1349 2067 dedecoris
1375 2009 1408 2068 et
1428 1998 1547 2087 pudoris,

444 2132 574 2176 causam
590 2110 739 2175 videlicet
756 2107 907 2175 exhibere
921 2108 1230 2192 congregationibus
1241 2106 1455 2188 Societatum3
1470 2108 1492 2171 si
1505 2106 1547 2170 de·

439 2219 544 2304 nique,
570 2221 657 2302 quod
682 2221 812 2284 omnino
836 2224 1033 2301 putamussa
1060 2217 1178 2285 Vestro
1209 2217 1398 2301 Majestatis
1422 2214 1537 2283 consilio

443 2327 630 2392 nullatenus
655 2347 815 2406 emanare,
840 2329 955 2390 nostra
981 2324 1111 2390 deuotio
1127 2325 1251 2390 censuit
1266 2325 1490 2408 denegandum.
1512 2321 1546 2386 nt

443 2435 597 2516 quoniam
613 2433 698 2500 hanc
713 2441 858 2499 nostram
876 2432 1143 2498 deliberationem
1161 2431 1482 2518 Circumspectionem
1496 2429 1547 2494 Re-

443 2545 530 2624 giam
548 2543 628 2608 certi
645 2563 754 2608 sumus
769 2541 876 2607 modis
894 2540 1042 2606 omnibus
1052 2541 1280 2621 laudaturam3
1296 2542 1348 2607 his
1364 2540 1501 2620 dimissis,
1515 2534 1546 2600 ad

441 2651 516 2717 illas
533 2651 615 2716 alias
632 2650 822 2734 Majestatis
847 2647 969 2716 Vestre
995 2650 1122 2715 litteras
1139 2650 1311 2715 veniamus,
1327 2647 1451 2734 Quibus
1464 2643 1549 2712 breri-

441 2766 492 2824 ter
510 2756 747 2842 respondemus
774 2757 862 2839 quod
889 2778 962 2823 cum
978 2757 1081 2822 nostri
1097 2757 1196 2822 moris
1212 2758 1254 2822 sit
1270 2757 1404 2841 pacifice
1419 2777 1484 2822 cum
1497 2773 1548 2817 oru-

442 2868 536 2934 nibus
552 2865 837 2932 circumstantibus
855 2867 1005 2948 vicinare,
1023 2866 1063 2932 ob
1081 2863 1297 2932 reuerentiam
1314 2867 1431 2935 Vestro
1443 2861 1548 2930 Sereni-

441 2975 527 3055 tatis,
544 2982 644 3060 atque
661 2974 865 3040 devotionem
883 2994 980 3057 quam
997 2971 1152 3039 habemus
1168 2974 1211 3039 ad
1227 2973 1393 3040 dominum
1409 2970 1547 3038 Karolun

440 3081 565 3168 Regem
582 3106 710 3164 nouum,
735 3082 846 3149 taliter
870 3082 1065 3148 intendimus
1091 3105 1163 3148 cum
1173 3074 1341 3166 'Aretinia
1357 3091 1390 3149 et
1406 3081 1477 3149 aliis
1492 3076 1547 3143 sub·

440 3192 535 3257 iectis
561 3191 626 3258 Sue
652 3191 844 3275 Majestetis
868 3191 903 3256 in
929 3191 1077 3256 omnibus
1102 3212 1161 3256 nos
1187 3191 1318 3273 habere,
1336 3193 1424 3276 quod
1440 3184 1548 3256 anobis

438 3300 635 3384 principium
651 3297 741 3363 nulle
757 3319 891 3382 prorsus
916 3296 1086 3364 habebunt
1104 3297 1233 3380 injurie,
1250 3297 1307 3365 sed
1322 3300 1464 3384 ipsorum
1480 3303 1548 3360 trau·

440 3407 599 3491 quillitati
616 3413 649 3472 et
664 3407 746 3490 paci,
762 3407 853 3472 iuxta
869 3427 972 3490 posse,
988 3427 1060 3471 cum
1078 3405 1167 3472 fideli
1182 3407 1328 3488 consilio,
1348 3407 1482 3490 diligens
1497 3407 1547 3466 stu·

437 3517 525 3582 dium
551 3536 758 3600 apponemus.
783 3515 995 3598 Maj'estatem
1022 3514 1186 3597 Vestram,
1212 3515 1264 3581 cui
1285 3537 1344 3580 nos
1360 3510 1544 3580 ‹levetissiuc

437 3623 709 3704 commendamus,
726 3623 878 3707 dignetur
899 3623 1043 3688 omnium
1060 3644 1170 3688 rerum
1186 3619 1313 3707 Opifex,
1331 3645 1402 3689 cum
1418 3617 1545 3686 felicibus

433 3753 638 3798 successuum
664 3732 883 3813 incrementis,
908 3731 1027 3797 mundo
1053 3731 1094 3796 ad
1121 3731 1270 3815 gloriam,
1295 3732 1363 3798 celo
1388 3738 1492 3796 autem
1515 3721 1546 3788 ad

433 3847 577 3905 eternam
594 3839 830 3906 beatitudinem
848 3859 1049 3904 conservare.
1068 3837 1157 3905 Data
1166 3839 1337 3904 Florentia
1353 3840 1406 3905 die
1423 3837 1467 3903 X.
1476 3829 1546 3902 dolii

431 3945 517 4012 IIII.
533 3947 710 4013 indictione
726 3945 1028 4014 MOOOLXXXI.

433 4089 556 4154 OEredeti
579 4093 795 4158 sogalrnazvany
818 4109 835 4142 a
859 4091 993 4159 »signore
1009 4092 1306 4157 Oarteggiemfimive«
1330 4094 1384 4144 stb.
1408 4091 1481 4143 XIX
1499 4087 1541 4136 Ιῐῡὶ

683 4188 742 4233 129.
756 4199 792 4235 sz.
807 4199 840 4244 a,
855 4197 872 4232 a
884 4183 1013 4232 florenczi
1027 4197 1101 4247 nagy
1116 4183 1310 4246 levelterosn.)
