3190 5252
605 335 699 400 1381.
1151 335 1215 396 447

86 515 176 600 quod
193 516 285 581 illam
301 515 482 599 pecuniam,
500 536 598 597 quam
614 519 727 579 mutuo
747 511 917 596 petebatis,
935 533 998 576 non
1014 513 1158 578 ridemus
1176 512 1218 576 ad

85 645 228 708 presens
245 623 406 707 quomodo
424 624 467 688 sit
483 623 577 687 nobis
602 622 760 705 possibile
775 620 883 686 facere
901 621 1053 685 mutuari.
1080 619 1146 686 Pro
1163 622 1218 684 sti-

84 731 214 815 pendiis
231 731 390 814 siquidem
409 735 611 795 cassatorum
630 735 663 794 et
679 727 965 794 conducendorum
991 728 1217 812 persolutioni-
1299 714 1303 735 ³

85 842 143 906 bus
172 861 285 904 sumus
312 837 354 903 ad
380 858 515 921 presens
542 839 691 922 expensis
717 838 829 902 taliter
855 838 991 918 onerati,
1016 837 1104 920 quod
1128 836 1218 900 nullo

84 947 192 1027 modo,
210 946 298 1032 quod
314 946 407 1010 nobis
423 967 547 1011 summe
558 946 717 1030 displicet
726 945 817 1012 vobis
827 967 996 1028 possumus
1008 944 1217 1028 complacere.

85 1054 196 1138 Super
213 1076 276 1138 quo
303 1055 431 1138 placeat
446 1053 602 1140 „Caritati
626 1051 747 1122 Vestre
773 1054 998 1120 excusationes
1014 1059 1047 1117 et
1063 1053 1218 1137 impoten-

82 1163 165 1228 tiam
183 1169 332 1228 nostram
358 1163 496 1247 benigno
514 1170 547 1228 et
563 1163 779 1229 amicabiliter
806 1169 988 1245 acceptare.
1002 1161 1144 1232 Paratos
1160 1183 1218 1226 nos

84 1273 270 1356 offerentes,
286 1281 445 1357 quantum
461 1271 665 1356 possibilitas
683 1273 753 1356 ipsa
770 1273 982 1356 permitteret,
997 1270 1088 1336 vobis
1103 1272 1136 1336 in
1153 1293 1218 1336 om-

82 1383 184 1448 nibus
211 1381 424 1463 complacere.
450 1379 542 1446 Data
567 1381 738 1446 Florentie
765 1381 816 1444 die
836 1379 995 1445 XVIIII.
1014 1377 1218 1462 Septembris

1 1519 2 1522 ¹
82 1489 171 1553 IIII.
190 1488 369 1554 indictione
385 1486 689 1553 MOOOLXXXI.

83 1598 211 1656 (Eredeti
227 1597 439 1660 sogalnrazveiny
454 1613 471 1646 a
484 1597 619 1661 »signori
630 1597 784 1662 Carteggie‚
799 1597 926 1646 Missivec
939 1599 993 1647 stb.
1017 1596 1218 1660 1111111111-

306 1689 359 1735 nen
375 1691 432 1736 169.
448 1701 484 1737 sz.
500 1705 534 1747 a,
549 1702 565 1737 a
579 1687 710 1736 flor-enczi
723 1701 795 1750 nagy
810 1687 1004 1747 levtlttrban.)

621 1943 694 2002 217.

81 2104 112 2166 I.
134 2103 237 2186 Lajoa
253 2125 392 2188 maqyar
409 2103 441 2165 ds
458 2100 578 2186 lerrpycl
595 2100 776 2186 kirdlynalc
793 2124 814 2163 a
823 2099 983 2186 storeaczi
999 2102 1218 2186 kdztdrsosn'p.
1313 2081 1316 2088 ³

611 2211 705 2272 1381.

307 2369 392 2454 Regi
407 2369 591 2452 Hungarie.

199 2475 412 2542 Sereuissime
439 2483 538 2560 atquo
557 2476 776 2541 Invictissime
793 2476 963 2560 Princeps,
980 2484 1012 2541 ct
1028 2479 1122 2543 huius
1140 2479 1221 2546 Ves-

81 2588 127 2651 tri
146 2585 352 2651 devotissimi
368 2586 480 2670 populi
497 2606 570 2669 spes
587 2591 688 2668 atque
703 2585 866 2664 refugium
883 2586 1054 2668 singulare.

200 2691 370 2759 Contineri
387 2717 452 2759 non
469 2695 577 2776 potuit
592 2693 648 2758 ille
665 2693 790 2758 vividus
800 2693 899 2758 ardor
909 2700 943 2757 et
953 2695 1097 2760 sincerus
1109 2697 1221 2760 innato

81 2803 271 2868 devotionis
297 2800 440 2885 affectus,
465 2824 529 2886 quo
555 2809 627 2867 tota
652 2809 765 2867 nostra
782 2798 918 2883 Civitas,
935 2809 967 2867 et
983 2804 1139 2886 quioquid
1164 2827 1222 2887 per

80 2911 275 2976 universum
300 2919 464 2976 terrarum
491 2911 602 2976 orbem
630 2910 816 2975 Florentini
842 2911 981 2974 nominis
998 2932 1148 2994 sparsum
1165 2921 1223 2992 est,

80 3019 127 3084 ad
146 3016 288 3083 Oulmen
306 3017 425 3086 Vestro
452 3017 644 3085 Serenitatis
671 3017 821 3100 afficitur,
838 3039 965 3102 quoque
983 3019 1085 3084 totius
1101 3021 1221 3102 glorio·

80 3127 208 3192 sissimi
235 3125 410 3210 Sanguinis
440 3127 550 3196 Vestri
578 3129 693 3194 seriem
719 3150 791 3193 cum
816 3128 999 3192 reverentia
1032 3134 1222 3209 veneratur3

80 3236 250 3302 contineri
274 3236 404 3320 quidem
432 3258 496 3302 non
521 3237 637 3320 potuit,
662 3239 792 3301 intuens
824 3235 1028 3302 felicissimos
1054 3257 1221 3302 successus

79 3343 348 3410 victoriosissimi
362 3343 528 3428 Principis
539 3351 572 3408 et
581 3342 714 3408 Domini
731 3345 853 3410 domini
868 3343 988 3410 Karoli
1002 3343 1106 3428 Pertij
1119 3344 1222 3410 incliti

82 3450 280 3518 Jerusalem
305 3460 339 3516 et
365 3450 475 3518 Sicilie
501 3453 614 3537 Regis,
631 3453 709 3536 quin
736 3453 823 3536 apud
846 3451 1088 3520 Sublimitatcm
1104 3453 1223 3522 Vestre

83 3558 305 3624 Celsitudinis
322 3558 510 3626 exultemus.
529 3560 616 3644 Quid
633 3561 717 3626 enim
735 3561 897 3626 devotioni
915 3571 1025 3627 nostre
1037 3562 1222 3646 jocundius

83 3665 210 3750 quidve
236 3665 332 3732 letius
357 3669 518 3751 potuisset
542 3689 684 3751 occurre,
707 3691 804 3752 quam
821 3669 931 3734 videre
947 3669 1112 3753 prefatum
1130 3670 1223 3736 Sere·

80 3777 259 3840 nissimnm
275 3775 473 3861 Principem,
490 3778 666 3862 gloriosam
682 3780 872 3844 memoriam
890 3777 1010 3843 Karoli
1027 3779 1129 3844 Primi
1148 3801 1222 3863 pro-

84 3883 253 3966 genitoris
270 3880 393 3968 Vestri,
419 3885 531 3950 eodem
558 3885 620 3949 Dei
648 3885 767 3962 favore,
792 3885 993 3969 paribusque
1014 3887 1167 3968 victoriis,
1183 3908 1223 3951 ne

83 3993 238 4058 dicamus
264 3991 441 4057 maioribus
467 3991 649 4058 renovare?
674 3993 736 4057 ille
761 3994 891 4076 quidem
911 3993 1122 4059 Manfredum
1138 3997 1224 4076 vicit,

84 4105 122 4166 et
140 4097 363 4164 Corradinum
390 4100 654 4166 victoriosissime
680 4102 855 4183 superavit.
882 4101 949 4165 Hic
968 4109 1078 4166 autem
1094 4103 1224 4185 peritis-

83 4207 208 4272 simum
224 4205 272 4269 rei
289 4205 404 4274 bellice
420 4206 607 4290 Principem
618 4208 785 4272 dominum
795 4207 951 4273 Ottonem
964 4209 1089 4273 Ducem
1099 4208 1223 4275 Bruns-

81 4315 251 4380 vicensem
277 4335 350 4378 cum
375 4315 485 4379 valida
512 4313 789 4381 Theutonicorum
815 4337 911 4379 manu
928 4323 1035 4380 castra
1051 4321 1223 4398 tenentem,

85 4429 122 4487 et
139 4421 283 4487 maxima
300 4421 349 4486 sui
366 4444 559 4506 suorumque
576 4423 694 4490 fiducia
719 4446 862 4507 pugnam
879 4424 1095 4490 audacissime
1112 4432 1222 4506 postu·

84 4531 222 4612 lantcm,
248 4530 355 4614 primo
382 4540 564 4598 castrorum
591 4532 906 4616 appropinquatione
939 4534 1138 4618 prostravit3
1171 4535 1223 4600 de-
