3226 5254
418 350 483 411 346
777 369 1007 413 nrnnounczmr
1025 357 1191 414 suchans.

417 530 505 596 ferro
521 533 607 594 iuter
625 528 786 611 prefatum
802 529 980 612 gloriosum
1006 531 1198 614 sanguinem
1214 529 1374 596 bellantes
1391 529 1537 612 ingerere,

417 646 450 704 et
465 660 523 722 pro
540 661 604 705 uuo
623 645 739 704 contra
755 637 865 718 alium,
882 639 1028 722 quisquis
1040 637 1165 722 justius
1181 660 1273 706 arma
1286 638 1429 718 moverit,
1441 636 1538 700 decer·

417 754 497 814 tare.
522 747 651 830 Sicque,
679 747 827 830 quamvis
848 753 924 811 aute
941 753 1126 812 nostrarum
1143 747 1299 812 mentium
1315 747 1425 812 oculos
1441 766 1538 810 versa·

417 863 531 921 rentur
547 857 717 920 innumera
733 853 891 919 beneficia
907 855 997 920 nobis
1014 878 1034 920 a
1052 854 1253 920 Oelsitudine
1273 855 1374 938 Regis
1405 852 1538 938 Ungarie

418 964 562 1028 maxima
578 984 650 1026 cum
665 961 870 1045 benignitate
887 960 1018 1043 collata,
1028 969 1141 1046 utpote
1159 963 1213 1044 qui
1229 984 1288 1026 nos
1304 961 1390 1046 apud
1404 961 1539 1043 impera

417 1071 535 1138 toriam
551 1069 774 1152 Majestatcm,
800 1074 833 1133 et
859 1069 901 1134 ab
928 1068 1157 1134 nonnullorum
1182 1069 1397 1136 Dominarum
1423 1069 1540 1134 insulti-

417 1181 487 1259 bnS,
503 1199 622 1261 magno
641 1178 823 1260 protexerit
839 1199 912 1242 cum
928 1177 1057 1259 favore;
1082 1180 1202 1260 quique
1214 1183 1362 1261 ternpore
1373 1176 1451 1241 belli
1463 1177 1539 1259 qnod

419 1309 492 1354 cum
508 1286 703 1370 quibusdam
720 1284 914 1352 officialibus
929 1286 1084 1370 Ecclesia,
1102 1290 1184 1352 sicut
1200 1289 1345 1367 novistis,
1362 1308 1423 1370 pro
1439 1293 1540 1351 nostre

419 1397 585 1462 libertatis
611 1397 858 1460 conservatione
884 1397 1084 1461 neccessario
1110 1398 1279 1478 gessimus,
1295 1417 1461 1478 nunquam
1477 1415 1540 1478 pas·

418 1527 471 1570 sus
497 1505 596 1570 suerit
621 1525 792 1589 processus
818 1503 1029 1587 Apostolicos
1055 1511 1171 1570 contra
1196 1527 1255 1570 nos
1271 1506 1358 1569 intra
1375 1505 1424 1568 sui
1442 1502 1540 1586 Regni

420 1613 576 1679 terminos
592 1612 772 1696 publicari;
795 1612 853 1678 sed
879 1634 1006 1698 semper
1033 1635 1093 1679 nos
1110 1619 1142 1678 et
1159 1612 1338 1679 Commune
1355 1620 1499 1680 nostrum
1515 1617 1541 1674 et

420 1745 531 1788 omnes
547 1722 765 1804 Florentium,
791 1729 859 1788 tam
882 1724 1064 1805 universim,
1091 1745 1188 1808 qnam
1216 1721 1408 1806 singillatim
1423 1722 1542 1805 juverit,

419 1830 534 1896 foverit
549 1837 582 1896 et
597 1832 685 1896 omni
713 1853 785 1896 cum
812 1829 983 1896 clementia
1008 1852 1048 1896 ac
1074 1831 1276 1896 humanitate
1292 1832 1464 1911 tractarit3
1487 1851 1541 1894 uon

419 1945 547 2006 lantum
564 1939 672 2023 potuit
696 1946 746 2004 tot
773 1939 1001 2005 beneficiorum
1028 1938 1212 2004 recordatio
1229 1959 1288 2004 nos
1304 1937 1423 2020 iacere,
1443 1946 1542 2004 nostre

416 2048 603 2128 devotionis,
629 2069 726 2130 quam
742 2046 898 2112 habemus
914 2047 957 2112 ad
976 2046 1130 2113 Vestram
1147 2046 1381 2114 Celsitudinem
1398 2045 1541 2111 obhvisci.

420 2157 488 2222 Pro
505 2153 566 2220 hoc
581 2161 699 2237 autem,
716 2157 793 2220 siin
809 2157 881 2237 ipsa
897 2155 1114 2238 denegatione
1139 2161 1288 2220 nostram
1308 2153 1542 2223 observavimus

417 2264 632 2342 honestatem,
649 2263 675 2328 si
692 2269 805 2328 tenore
832 2265 1019 2344 reverentie,
1046 2283 1145 2346 quam
1161 2261 1203 2328 ad
1219 2261 1346 2328 felicem
1362 2264 1542 2328 memoriam

418 2373 471 2437 avi
495 2377 595 2454 atque
621 2371 724 2454 patris
750 2371 870 2438 Vestra
888 2369 1083 2436 Serenitatis
1103 2371 1269 2454 gessimus
1285 2373 1317 2436 in
1334 2372 1405 2452 hoc,
1422 2373 1500 2436 sicut
1514 2369 1543 2433 in

419 2483 536 2547 ceteris
562 2480 712 2545 duximus
738 2478 983 2558 observandum,
1005 2478 1148 2544 nonfuit
1165 2479 1383 2544 necessarium
1400 2478 1543 2546 excellen-

418 2591 498 2654 tiam
514 2590 615 2654 vestri
631 2586 741 2653 throni
759 2587 939 2653 humilitati
957 2593 1068 2652 nostre
1084 2589 1262 2671 rependere
1275 2608 1412 2654 munera
1429 2587 1541 2671 gratia·

417 2720 500 2764 rum.
525 2696 620 2762 Fecit
648 2695 780 2777 quidem
800 2695 887 2778 quod
903 2694 1016 2760 debuit
1032 2701 1145 2762 nostra
1162 2696 1300 2778 devoti0,
1316 2695 1398 2761 lacit
1414 2703 1445 2760 et
1459 2695 1540 2760 idem

416 2807 449 2870 in
472 2805 535 2871 hoc
560 2805 701 2889 gloriose
727 2805 1020 2887 consanguinitatis
1046 2809 1153 2869 vestre
1179 2805 1312 2870 dissidio
1339 2805 1540 2872 condolendo.

417 2916 462 2980 ut
479 2921 514 2980 ut
531 2911 574 2978 ad
590 2912 674 2978 hanc
689 2918 826 2997 partem,
851 2933 949 2996 quam
966 2914 1152 2977 summatim
1177 2912 1354 2996 attigimus,
1372 2913 1547 2997 veniamus,

419 3023 569 3102 heuheu,
586 3021 766 3088 videbimus
792 3041 831 3084 ne
855 3019 973 3084 iterum
999 3021 1085 3086 inter
1101 3020 1186 3088 huuc
1202 3023 1458 3088 sacratissimum
1475 3041 1540 3085 san·

415 3133 561 3213 guinem,
586 3153 606 3195 a
631 3150 695 3214 quo
720 3150 846 3212 semper
871 3127 960 3194 salus
975 3135 1087 3194 nostra
1103 3128 1265 3212 pependit,
1281 3129 1369 3194 bella
1385 3127 1542 3194 terribilia

415 3236 597 3304 renovari?
621 3237 850 3321 Numquamne
875 3235 966 3302 Deus
995 3237 1123 3320 optime,
1140 3236 1232 3302 Deus
1249 3240 1441 3319 misericors,
1457 3239 1541 3302 Deus

418 3345 568 3428 benigne,
593 3348 653 3410 hec
679 3344 825 3429 pugilum
851 3349 983 3409 tuorum
1009 3350 1123 3408 sancta
1149 3347 1321 3428 progenies
1343 3340 1544 3428 requiescet?

420 3451 477 3518 An
493 3453 599 3520 adhuc
624 3453 875 3537 gloriosissimus
902 3453 965 3516 iste
983 3473 1088 3533 cruor,
1105 3451 1159 3534 qui
1178 3474 1236 3536 pro
1253 3459 1309 3518 tuo
1326 3454 1462 3531 nomine,
1478 3473 1545 3534 pro·

416 3581 477 3643 que
494 3567 607 3626 nostra
623 3561 786 3642 libertate,
803 3561 924 3643 pluries
940 3559 1003 3624 tuit
1018 3581 1180 3643 aspersus,
1195 3584 1255 3645 pro
1265 3562 1432 3626 iustissimi
1443 3559 1542 3644 Regni

419 3669 597 3734 ambitione
615 3669 683 3732 sine
709 3668 852 3734 dominio
878 3666 1106 3733 diffundetur?
1131 3668 1206 3734 Heu
1223 3667 1296 3751 heu,
1327 3689 1479 3734 sumusue
1494 3666 1545 3730 hec

417 3779 450 3842 in
467 3782 616 3860 tempora
632 3777 805 3854 reservati,
823 3782 858 3840 ut
875 3775 916 3841 ad
933 3776 1153 3860 spargendum
1169 3776 1256 3840 hunc
1272 3776 1415 3840 divinum
1426 3775 1546 3858 saugui-

418 3905 500 3964 nem,
518 3882 560 3948 ad
577 3885 876 3967 destruendumque
892 3883 973 3949 illud
991 3883 1152 3968 Regnum,
1171 3882 1259 3965 qnod
1275 3906 1338 3948 non
1358 3883 1545 3949 sinemulto·

417 4014 490 4058 rum
506 3989 677 4058 Gelforunv
703 3993 972 4059 Florentinorum
998 3993 1075 4058 cede
1101 3998 1133 4057 et
1157 3993 1316 4076 sanguine
1342 3998 1473 4076 partum
1488 3999 1540 4070 est,

419 4101 501 4164 etin
517 4106 608 4167 tanto
635 4100 821 4184 Majestatis
848 4102 1008 4166 excidium
1035 4101 1248 4185 requiramur.
1276 4097 1448 4166 Commota
1474 4104 1540 4166 sunt

421 4208 544 4274 viscera
571 4209 711 4274 civit-atis
738 4217 861 4290 nostre,
894 4207 1155 4276 Clementissima
1187 4208 1324 4292 Regina,
1357 4206 1547 4274 intolerabili

421 4337 493 4381 cum
511 4317 632 4382 doloris
649 4318 770 4402 aculeo,
783 4320 945 4384 audiendo
962 4317 1021 4385 hec
1038 4327 1104 4384 tam
1123 4318 1317 4400 importune,
1335 4322 1367 4382 et
1382 4323 1448 4382 tam
1462 4338 1544 4399 aspe-

417 4449 452 4491 re
469 4426 638 4510 postulari.
657 4426 744 4512 Quid
769 4429 855 4494 enim
883 4429 1040 4512 asperius,
1068 4448 1167 4512 quam
1183 4427 1306 4509 requiri
1323 4425 1424 4492 filium
1441 4430 1545 4491 contra

424 4543 562 4621 patrem,
578 4542 611 4599 ct
627 4541 753 4603 tentam
779 4537 981 4604 devotionem
998 4537 1042 4602 ad
1059 4534 1272 4620 rumpendum
1299 4556 1356 4600 sue
1372 4533 1546 4602 reverentie
