3226 5254
692 385 786 444 iaso.
1223 387 1227 398 “
1241 388 1303 446 349

160 561 263 644 gari3
288 559 460 642 primoque
477 579 497 624 a
514 556 700 625 Ourialibus
717 564 750 626 et
767 562 900 625 secretis
927 559 1119 626 Consiliaris
1145 561 1212 626 suis
1238 561 1302 626 leta

160 669 280 736 fronte
297 669 419 751 recepti
436 667 478 734 ad
494 671 622 734 occulta
639 669 778 753 quedam
796 668 971 753 colloquia,
990 669 1168 735 clancolum
1187 670 1304 737 admit-

161 784 293 842 tuntur.
311 775 409 862 Quod
425 777 570 843 uidentes
588 776 745 844 Oratores
762 779 863 844 nostri
883 785 1039 862 ceperunt
1054 784 1124 843 tam
1150 779 1304 861 modeste,

164 907 270 969 quam
287 885 475 968 pudibunde
490 886 574 951 talia
594 886 769 966 detestari,
795 887 881 951 inter
896 886 963 951 alia
988 886 1191 970 proferendo,
1217 888 1304 970 quod

163 994 232 1060 heo
248 1001 432 1059 nostrorum
450 997 594 1078 receptio
619 996 829 1061 bannitorum
855 995 988 1078 diguam
1014 1001 1046 1060 et
1071 994 1303 1078 inexpiabilem

163 1102 388 1187 suspicionem
404 1103 436 1167 in
453 1104 556 1168 nostri
573 1103 684 1186 populi
703 1104 863 1169 mentibus
879 1112 1066 1186 generaret3
1100 1103 1302 1184 adiicientes,

164 1211 371 1293 impossibile
387 1210 466 1291 lore,
483 1207 662 1276 Commune
682 1217 830 1276 nostrum
856 1210 1073 1276 amicabiliter
1089 1209 1196 1292 dirigi,
1217 1231 1303 1278 suos·

163 1339 233 1401 que
270 1317 422 1384 bannitus
449 1325 481 1384 et
517 1320 624 1383 exules
651 1318 822 1384 confoveri.
859 1318 955 1403 Quod
982 1327 1070 1400 tunc,
1086 1319 1303 1386 oculatissimo

164 1426 342 1510 Princeps,
359 1427 438 1510 quid
457 1431 535 1492 tunc
563 1432 634 1492 tota
651 1427 751 1493 Italia
767 1426 1013 1493 admirabundis
1030 1426 1231 1493 sermonibus
1255 1427 1300 1492 lo-

162 1533 359 1617 quebatur?
379 1535 490 1600 Erant
506 1534 652 1617 proiecto
669 1535 810 1600 maximo
826 1543 939 1604 nostro
972 1535 1084 1602 dolore
1100 1536 1160 1601 hoc
1177 1536 1300 1600 cunetis

161 1645 275 1709 inore
293 1670 299 1709 :
319 1643 407 1710 »Ubi
423 1665 508 1710 nunc
528 1650 578 1709 est
594 1665 667 1728 spes
683 1643 980 1710 Florentinorum?
1007 1642 1072 1710 Ubi
1090 1644 1148 1709 illa
1164 1645 1300 1726 antiqua

161 1759 202 1816 et
217 1752 409 1818 inconcussa
425 1750 563 1834 devotio,
580 1773 678 1836 quam
695 1773 823 1835 semper
839 1752 882 1817 ad
893 1757 998 1817 totam
1014 1750 1145 1816 domum
1162 1751 1300 1834 Regiam

164 1859 381 1926 habuerunt?
404 1859 491 1926 Eece
506 1867 609 1925 totam
626 1860 715 1926 illam
736 1881 801 1926 non
825 1861 930 1943 magis
948 1861 1181 1937 Florentinum,
1198 1881 1296 1942 quam

161 1967 308 2050 Regiam
326 1963 511 2049 Civitatem,
527 1987 706 2050 paucorum
723 1966 890 2032 dilectioni
901 1968 1059 2052 postponi.
1076 1967 1162 2032 Ecce
1173 1967 1298 2050 paucis·

161 2077 265 2141 simos
282 2076 374 2155 cives,
391 2080 472 2159 quot
488 2076 585 2140 etiam
597 2075 729 2140 minimo
739 2074 1013 2158 posthaberentur
1029 2075 1193 2158 oppidulo,
1210 2082 1300 2141 tante

162 2183 314 2266 Civitati,
332 2189 490 2268 tantoque
510 2184 631 2270 populo
652 2184 817 2251 favoribus
828 2183 991 2250 anteferri.
1009 2183 1141 2249 Interea
1158 2185 1244 2249 venit
1260 2182 1302 2248 ad

165 2313 230 2358 nos
246 2290 457 2359 Revereudus
472 2293 506 2357 in
521 2291 655 2358 Christo
667 2291 767 2358 Pater
787 2291 935 2358 dominus
951 2294 1134 2376 Episcopus
1150 2291 1302 2358 Jaurien·

163 2401 222 2481 sis,
238 2407 270 2466 et
286 2398 405 2466 Vestra
421 2401 652 2484 gloriosissime
674 2401 861 2484 Majeetatis
875 2401 1004 2466 nomine
1017 2399 1120 2466 multa
1130 2398 1238 2466 refert.
1256 2400 1301 2465 Et

161 2513 203 2574 ut
219 2513 330 2574 cetera
345 2507 556 2588 dimittamus,
573 2509 657 2592 petit
673 2529 728 2572 sue
749 2508 921 2592 legationis
944 2506 1061 2592 officio,
1072 2508 1159 2592 quod
1170 2508 1302 2574 domino

161 2613 296 2684 Karolo
322 2617 510 2699 supradicto
527 2619 561 2682 iu
578 2617 790 2700 acquisitione
802 2617 918 2701 Regni,
929 2616 970 2681 ad
988 2639 1086 2700 quam
1097 2639 1170 2682 eum
1180 2611 1301 2683 Vestre

161 2723 321 2791 Potentia
358 2726 460 2808 copiis
492 2726 693 2807 mittebatur,
719 2725 894 2792 debeamus
929 2732 997 2792 tam
1024 2727 1169 2810 pecunie,
1203 2747 1302 2808 quam

159 2839 354 2900 nostrarum
370 2836 515 2917 gentium
531 2839 647 2900 contra
664 2831 914 2900 Serenissimam
932 2833 1107 2900 Dominam
1134 2832 1299 2900 dominam

160 2939 356 3009 Johannam
386 2941 574 3009 Jerusalem
601 2941 778 3025 Siciliaque
793 2942 956 3025 Reginam
972 2940 1120 3007 subsidia
1136 2943 1300 3008 ministra·
1345 3019 1348 3026 Ι

164 3071 222 3132 re;
247 3057 280 3116 et
295 3049 357 3116 hoc
373 3049 457 3116 idem
475 3071 555 3133 pene
573 3050 634 3116 fuit
661 3050 813 3117 Oratoris
834 3050 956 3116 domini
981 3048 1100 3115 Karoli
1125 3049 1299 3134 legationi-

160 3158 227 3224 bus
247 3160 431 3242 repetitum,
462 3158 550 3224 ultra
576 3159 733 3242 predicta,
761 3158 860 3241 ligam
877 3159 1054 3238 nobiscum,
1079 3159 1106 3224 si
1132 3160 1165 3223 in
1191 3159 1294 3243 ipsam

161 3267 278 3331 venire
296 3268 459 3350 placuerit
475 3267 648 3333 offerendo.
664 3267 839 3349 Multaque
859 3267 966 3351 Regie
992 3267 1118 3332 Domus
1134 3264 1300 3345 beneficia,

163 3395 229 3458 que
247 3373 380 3457 quidem
396 3375 647 3444 innumerabilia
663 3382 739 3441 sunt
756 3395 835 3459 erga
869 3382 1014 3440 nostrum
1040 3374 1203 3460 populum,
1230 3395 1302 3439 ora·

158 3484 253 3548 tione
270 3483 461 3548 suavissima
487 3483 674 3564 recolentes,
690 3488 759 3547 tum
776 3490 870 3576 grata
899 3484 1117 3549 vicissitudine
1133 3483 1301 3548 beneficio·

166 3612 272 3674 orum,
288 3597 368 3672 tum,
385 3591 425 3656 de
443 3611 508 3672 quo
524 3591 603 3657 satis
620 3591 830 3672 admiramur,
852 3614 891 3657 ex
919 3593 1131 3675 promissione
1155 3611 1214 3673 per
1240 3611 1298 3656 uos

112 3739 116 3745 ,
165 3699 258 3765 facta
274 3697 394 3765 Vestro
412 3698 644 3782 gloriosissime
661 3700 844 3783 Majestati,
869 3700 999 3784 prefata
1015 3700 1159 3766 subsidia
1185 3699 1298 3782 depos·

163 3808 293 3874 cebant.
312 3805 382 3873 Nos
399 3813 518 3891 autem,
544 3808 794 3874 clementissime
817 3808 986 3892 Princeps,
1003 3809 1086 3873 siout
1102 3806 1205 3872 nostri
1232 3826 1298 3870 mo-

159 3917 208 3980 ris
226 3921 285 4000 est,
296 3915 453 3982 beneficia
471 3916 729 3997 innumerabilia,
745 3916 839 3982 nobis
854 3917 895 3982 ab
912 3916 1209 3982 haosaoratissima
1225 3935 1298 3998 pro·

159 4027 266 4109 genie,
291 4027 481 4092 inconcussa
508 4034 541 4092 et
565 4027 679 4107 solida,
705 4047 779 4094 vere
804 4028 952 4092 caritatis
977 4025 1146 4092 affectione
1164 4023 1295 4102 collata,

159 4135 348 4199 memoriter
382 4140 597 4216 recensentes,
633 4133 787 4218 populum
823 4140 968 4199 nostrum
1005 4139 1124 4198 cuncta
1165 4129 1296 4211 debere,

161 4263 200 4307 ex
217 4243 397 4309 devotionis
415 4242 539 4324 habitu,
556 4247 625 4308 tam
640 4242 762 4310 Vestre
786 4243 966 4326 Majestati,
983 4249 1052 4308 tam
1068 4241 1183 4306 ceteris
1199 4261 1219 4304 a
1235 4237 1299 4304 Re-

161 4353 216 4434 gio
233 4351 391 4434 sanguine
408 4349 679 4416 descendentibus
694 4349 901 4430 confitemur;
925 4357 962 4415 ut
982 4348 1130 4431 quamvis
1156 4348 1293 4431 possint,

162 4459 220 4541 qui
239 4458 352 4541 populi
379 4459 481 4523 nostri
498 4464 591 4540 gesta
616 4456 815 4541 collegerint,
841 4457 945 4523 multa
970 4463 1081 4523 nostre
1108 4455 1288 4521 deuotionis

165 4563 283 4646 officia,
301 4564 418 4648 quibus
429 4567 462 4630 in
474 4565 675 4631 exaltatione
685 4566 789 4648 Regio
801 4567 911 4649 stirpis
923 4571 1108 4630 reverenter
1121 4563 1296 4640 astitimua
