3210 5252
544 331 657 462 ¹rare.

2 664 5 710 t
585 670 637 732 93.

67 823 193 894 mtto
207 828 452 916 angaltirdlpnc'
466 852 482 892 a
498 829 524 892 1.
544 830 643 914 Lojoe
658 827 837 913 kirdlynclc
856 829 1175 918 Lmyydorgzgffga„

2 907 4 940 μ
66 937 270 1022 '‘elida'‘iffnffjss
297 938 415 1024 &9⁰10
439 937 628 1024 Myttgnek
654 940 850 1004 meede-dreni
866 939 1091 1026 jugositeduyt
1119 937 1174 1003 dd.

2 1049 3 1089 ³
562 1049 666 1112 1375.

152 1205 188 1270 In
203 1203 326 1272 Christi
352 1205 481 1273 nomine
496 1203 612 1272 Amen.
628 1206 775 1274 Humani
800 1209 929 1291 generis
945 1209 1092 1274 actiones
1108 1229 1172 1274 me-

1 1330 9 1381 t
66 1313 151 1377 moda
166 1321 322 1400 perpetua
346 1315 521 1399 plurimum
540 1314 730 1398 indigentes,
747 1315 788 1382 ab
805 1317 971 1384 hominum
987 1317 1110 1383 noticia
1125 1313 1173 1382 fa·

2 1492 5 1533 L
66 1417 165 1485 cilium
191 1421 392 1502 dilabuntur,
407 1443 479 1488 cum
500 1443 564 1488 non
579 1422 751 1489 literarum
767 1423 914 1508 apicibus
931 1431 965 1490 et
980 1421 1044 1489 fide
1060 1423 1173 1506 digno·

2 1541 5 1632 p
65 1547 121 1592 mm
135 1531 315 1598 testimonio
332 1531 544 1611 roborentur;
569 1531 724 1613 quoniam
748 1533 892 1598 omnium
908 1532 1100 1599 memoriam
1116 1531 1172 1597 ha-

2 1637 3 1710 i
64 1630 122 1700 bere
143 1637 211 1720 plus
236 1637 392 1706 Divinum
417 1639 485 1706 iore
507 1639 663 1719 noscitur,
690 1661 788 1723 quam
812 1639 997 1706 humanum.
1027 1638 1170 1706 Proinde

2 1716 5 1842 i
63 1739 120 1807 Nos
140 1744 318 1830 ldliaabetb,
335 1745 399 1814 Dei
415 1749 524 1833 gratia
540 1745 654 1814 Senior
682 1747 812 1832 Regina
827 1747 1018 1831 Regnorum
1035 1747 1172 1831 Hungu-

62 1851 99 1913 rie
111 1857 139 1916 et
160 1853 305 1938 Polonie,
328 1857 487 1922 universis
510 1861 545 1921 et
560 1855 698 1940 singulis
723 1860 836 1920 notum
861 1854 999 1922 facimus
1014 1861 1082 1920 tam
1099 1877 1171 1939 pre·

62 1959 186 2026 sentibus
210 1984 310 2046 quam
336 1961 472 2030 futuris:
496 1961 594 2047 Quod
618 1963 795 2047 petitiones
821 1964 1017 2029 instantiuaa
1042 1981 1173 2028 venera·

62 2064 121 2131 bilis
143 2069 173 2134 in
197 2069 332 2138 Christo
356 2072 461 2156 patris
486 2069 609 2138 domini
635 2069 755 2137 Sbituli
783 2070 942 2155 Episcopi
969 2069 1172 2136 Ouiaviensis

2 2210 16 2230 κ.
63 2172 115 2239 sire
129 2175 419 2262 Wledislauiensis,
435 2181 539 2244 nostri
555 2179 663 2245 devoti
680 2182 712 2242 et
735 2176 841 2242 fidelis
857 2176 1038 2261 Capeliani,
1055 2176 1171 2260 quibus

62 2278 195 2350 Nostram
210 2284 451 2352 Celsitudinem
466 2308 525 2372 per
536 2285 696 2369 quendem
712 2305 806 2352 suum
820 2284 1015 2352 familiarem
1031 2283 1170 2350 'l'omko-

62 2409 118 2454 nem
132 2393 334 2475 precabatur,
350 2394 459 2460 surdis
485 2394 629 2460 nolentes
647 2391 779 2460 auribus
795 2392 1005 2477 pertransire,
1021 2391 1167 2458 volentes

61 2494 148 2577 ipsum
170 2501 281 2568 favore
310 2503 467 2586 prosequi
492 2499 633 2585 speciali,
658 2503 776 2566 extunc
800 2497 911 2564 villam
926 2500 1028 2583 ipsius
1049 2497 1171 2566 dictam

61 2600 164 2687 Lagow
179 2608 274 2674 sitam
302 2629 403 2693 prope
421 2606 617 2692 Sydlouiam
632 2608 666 2673 in
681 2614 773 2674 terra
789 2604 1052 2687 Sandomiriensi,
1067 2607 1102 2672 in
1119 2627 1170 2693 op-

61 2709 151 2791 pidum
180 2724 418 2782 commutamus
443 2723 477 2782 et
501 2722 733 2800 permutamus,
749 2714 838 2798 quod
870 2713 1021 2779 similiter
1046 2713 1168 2797 Lagow

61 2826 216 2907 nuncupari
232 2824 406 2905 volumus;
430 2829 464 2889 et
486 2823 607 2889 ibidem
631 2822 737 2889 iorum
757 2824 849 2887 iuxta
864 2828 951 2887 terre
968 2821 1170 2887 consuetudi·

61 2930 262 3017 nemsingulis
278 2931 370 2998 feriis
391 2931 513 3015 quintis
536 2932 710 2998 statuimus
736 2950 777 2997 ac
799 2929 1004 2996 decernimus
1020 2929 1173 3014 tempori·

61 3031 107 3099 bus
120 3041 280 3123 perpetuis
298 3039 546 3118 celebrandum3
571 3037 686 3106 dantes
704 3045 738 3105 et
754 3035 959 3104 conferentes
975 3035 1122 3102 omnibus
1139 3043 1173 3102 et

60 3140 172 3226 singulis
196 3148 341 3213 eiusdem
366 3146 477 3232 oppidi
501 3147 692 3230 pannioidis,
719 3143 937 3228 carnificibus,
953 3143 1173 3210 tabernabori·

9 3318 16 3337 ι
59 3245 111 3329 bus,
132 3254 316 3336 pistoribua
342 3254 535 3336 sartoribus,
551 3254 725 3334 sutoribus,
757 3254 939 3337 ceterisque
970 3249 1167 3317 mechanicis

59 3376 88 3421 ac
108 3357 284 3429 hominibus
310 3362 389 3429 dicti
419 3362 541 3447 oppidi,
567 3383 707 3428 necnon
732 3360 959 3427 universaliter
975 3358 1122 3424 omnibus
1138 3366 1171 3424 et

62 3465 174 3550 singulis
190 3471 332 3538 aliarum
350 3471 532 3554 ciuitatum,
563 3469 764 3556 oppidorum,
794 3469 947 3534 villarum
977 3466 1172 3548 hominibus,

62 3571 218 3645 addictum
234 3579 343 3647 forum
354 3601 428 3646 oum
438 3579 504 3645 suis
515 3579 617 3662 bunia,
626 3578 852 3657 mercimoniis,
869 3577 934 3642 sive
953 3575 1051 3643 rebus
1067 3581 1172 3641 trane·

10 3770 14 3779 Ι
61 3684 295 3767 anabusnins
328 3687 469 3755 transire
497 3687 689 3768 volentibus,
720 3705 831 3752 omncs
866 3705 918 3750 res
952 3685 1172 3768 cuiuscunque

63 3795 173 3867 generis
196 3794 321 3861 brerint
348 3801 405 3861 aut
420 3795 558 3880 speciei;
580 3801 698 3880 utputa
713 3815 825 3879 panes,
840 3793 1022 3874 cerevisiae,
1037 3812 1172 3875 pannos,

41 3895 106 3976 nl,
120 3901 248 3982 calceos,
267 3923 393 3985 carnes,
412 3903 545 3984 ferrum,
556 3923 595 3969 ac
605 3903 673 3968 alia
688 3922 898 3986 quecumque,
915 3901 1171 3984 quibuscumque

11 4066 15 4077 ,
58 4005 221 4075 nominibus
247 4009 300 4076 vel
324 4010 490 4077 vocabulis
514 4009 750 4096 exprimantur,
775 4007 967 4091 adducendi,
983 4007 1170 4073 deducendi

7 4103 10 4204 ξ
57 4115 173 4198 emendi,
188 4115 360 4203 vendendi,
375 4139 414 4184 ac
430 4119 496 4186 alia
512 4118 643 4203 singula
652 4117 802 4200 faciendi,
819 4138 886 4200 que
900 4117 977 4201 jura
993 4123 1027 4180 et
1043 4135 1172 4182 consue·

7 4213 9 4294 i
57 4219 165 4289 traines
189 4223 371 4292 civitatum
386 4226 498 4312 Regni
520 4227 626 4292 nostri
645 4224 781 4292 Polonie
798 4224 881 4290 alias
896 4222 1068 4304 habentur,
1084 4222 1169 4288 vide·

7 4307 14 4410 ¹,
59 4321 121 4392 licet
142 4336 288 4418 tempore
318 4333 467 4403 Illustris
493 4333 650 4402 Oasimiri
673 4333 778 4399 felicis
808 4331 1044 4398 recordationis
1068 4327 1171 4414 Regis

8 4417 11 4512 i
56 4438 200 4514 quondam
226 4442 375 4526 Polonie,
404 4445 517 4511 fratris
542 4445 648 4510 nostri
674 4441 844 4523 carissimi,
867 4447 901 4504 et
917 4437 1023 4505 adhuc
1038 4437 1172 4506 habent,

8 4531 10 4652 ff
56 4547 253 4615 omnimodam
281 4551 472 4619 facultatem
499 4560 532 4620 et
559 4551 687 4636 plenam
713 4554 920 4634 potestatem,
936 4546 984 4611 ita
999 4545 1087 4630 quod
1103 4545 1169 4612 iam
