3172 5254
399 396 463 468 174
751 415 985 465 nienonucnmi
1001 404 1172 463 aurnuns.

399 583 432 646 iu
457 581 695 664 interponendo
721 601 755 645 se
781 581 821 644 de
837 599 935 664 pace;
961 580 1039 663 quia
1065 578 1284 644 habueramus
1311 575 1373 642 sub
1388 565 1517 641 maxima

399 691 580 756 reuerentia
596 697 629 756 et
646 709 755 755 amore
771 689 1027 754 illustrissimam
1042 688 1184 753 Domum
1201 687 1350 766 Franeie,
1361 694 1392 750 et
1403 685 1517 750 deseen-

399 798 510 862 dentes
535 797 578 863 ab
601 797 669 877 illa,
693 801 728 862 et
753 803 905 862 notanter
929 797 1069 880 primum
1100 796 1264 861 dominum
1290 793 1459 874 Karolum,
1492 799 1516 854 et

400 905 587 986 secundum,
603 913 636 972 et
661 907 762 987 alios;
783 913 814 970 et
840 905 1054 971 consimiliter
1079 904 1295 987 diligebamus
1312 905 1417 986 ipsum
1432 901 1519 964 domi·

400 1035 477 1078 uum
496 1013 630 1096 Ducem,
656 1014 734 1096 quia
759 1013 802 1077 ab
827 1015 899 1096 ipsa
919 1013 1190 1078 excellentissima
1205 1012 1297 1095 prole
1314 1013 1517 1094 processerat;

403 1124 514 1204 sicque
530 1122 743 1207 sperabamus
759 1121 799 1186 de
816 1122 890 1206 alijs
908 1121 1048 1186 dominis
1059 1118 1287 1186 Auditoribus.
1304 1117 1361 1182 Ad
1372 1117 1518 1183 aliudida

397 1252 441 1296 *ex
466 1235 561 1315 parte
586 1229 708 1296 domini
732 1229 834 1312 Regis
861 1228 1056 1311 dicebamus,
1083 1227 1169 1311 quod
1194 1228 1386 1292 Dominatio
1412 1225 1518 1292 Vestra

400 1345 571 1403 amaverat
596 1357 723 1420 semper
749 1342 782 1401 et
807 1337 941 1402 amabat
965 1357 1077 1420 pacem
1104 1335 1286 1415 mentalem,
1307 1333 1476 1400 cordialem
1492 1338 1518 1396 et

401 1445 611 1526 effectualem,
637 1451 670 1510 et
686 1469 749 1511 non
765 1447 910 1511 vocalem
934 1445 1113 1527 ullatenus;
1138 1447 1250 1527 sicque
1267 1463 1454 1509 veneramus
1468 1461 1518 1525 pro

404 1553 543 1620 volendo
574 1575 685 1639 pacem
711 1575 817 1618 reram
836 1560 867 1619 ot
885 1573 951 1618 non
969 1553 1076 1618 fictam
1094 1575 1149 1618 seu
1174 1573 1300 1633 vairam,
1317 1559 1437 1616 etcum
1454 1572 1518 1616 vero

402 1663 499 1728 corde
515 1669 548 1728 et
563 1684 628 1728 non
644 1684 716 1742 ore;
733 1683 793 1727 nea
808 1683 1000 1727 ueneramus
1017 1683 1077 1745 pro
1093 1661 1283 1744 temptando
1305 1681 1363 1725 seu
1374 1657 1518 1724 trahendo

403 1769 514 1854 aliqua
539 1769 600 1834 sub
625 1771 737 1852 aliqua
761 1770 839 1834 ficta
865 1789 921 1834 seu
946 1768 1034 1834 urula
1058 1769 1245 1850 intentione,
1271 1767 1329 1833 sed
1346 1768 1455 1847 solum,
1471 1789 1518 1851 pro

404 1898 483 1942 vera
499 1897 588 1961 pace.
603 1875 781 1942 Narrando
798 1897 848 1940 me
866 1875 1040 1957 Zacharia,
1056 1877 1188 1942 modum
1207 1884 1372 1941 serratum
1391 1879 1422 1940 in
1437 1875 1520 1940 Buda

400 1987 445 2052 de
462 1979 602 2050 Beronis
619 1984 824 2068 congregatis
849 1985 884 2049 in
909 1985 1005 2051 domo
1022 1983 1177 2068 Magistri
1195 1982 1371 2066 Saraceni,
1395 1987 1446 2067 qui
1461 1982 1519 2061 luit

399 2094 492 2177 quod
519 2115 577 2158 nee
602 2115 623 2158 a
648 2093 786 2176 dominis
811 2093 954 2176 Reginis
982 2115 1042 2157 neo
1067 2093 1244 2158 aBaronis
1270 2096 1355 2158 scire
1372 2092 1518 2176 potuimus

400 2223 534 2268 causam
551 2201 748 2268 turbationis
774 2201 887 2284 Regie,
904 2207 937 2266 et
953 2200 1099 2267 ordinem
1116 2201 1328 2266 demandato
1355 2201 1459 2266 dando
1472 2201 1519 2264 do·

407 2311 503 2375 minis
521 2309 637 2375 Banuo
655 2307 786 2375 Sirimie
797 2309 968 2374 etdacobo
984 2309 1114 2393 Ispano,
1132 2317 1168 2375 ut
1184 2316 1386 2376 tractaretur
1402 2311 1440 2375 de
1454 2329 1521 2392 paee

404 2422 439 2486 in
455 2420 705 2504 Portugruario,
731 2440 790 2485 neo
813 2421 875 2485 hoe
891 2427 1035 2486 secutum
1052 2420 1123 2485 fuit
1139 2421 1289 2486 Diximus
1308 2423 1415 2502 etiam,
1431 2418 1521 2504 quali·

406 2536 459 2593 ter
473 2529 665 2595 Dominatio
681 2529 801 2598 Vestra
818 2530 950 2594 miserat
969 2530 1166 2612 Magistrum
1183 2527 1395 2611 liudericum,
1410 2535 1446 2593 ut
1460 2547 1521 2611 pos-

407 2643 458 2701 set
488 2637 617 2702 mittere
643 2635 876 2703 Ambasiatam
894 2637 936 2702 ad
953 2637 1117 2702 dominum
1144 2638 1280 2722 Regem,
1296 2660 1354 2704 nee
1370 2639 1428 2705 hoc
1443 2637 1522 2702 effeo

405 2751 474 2808 tum
491 2743 669 2824 habuerat3
692 2751 725 2810 et
741 2743 828 2828 quod
853 2750 965 2828 postea
984 2745 1173 2811 Dominatio
1190 2745 1313 2812 Vestra
1329 2747 1459 2813 hortata
1473 2765 1523 2828 per

406 2853 536 2936 aliquos
554 2852 675 2917 amicos
693 2873 779 2932 suos,
795 2875 854 2919 nos
869 2854 1013 2932 miserat,
1039 2859 1076 2919 ut
1101 2855 1288 2919 continetur
1304 2857 1337 2918 in
1353 2857 1456 2939 primo
1479 2875 1523 2918 ar·

406 2961 505 3027 ticulo
532 2961 766 3026 commissionis
790 2968 909 3026 nostre.
936 2961 1111 3042 Addendo,
1137 2961 1227 3045 quod
1248 2947 1424 3046 postquam
1448 2963 1524 3028 nole

405 3068 487 3135 bant
503 3070 609 3135 dicere
625 3089 754 3135 causam
771 3070 970 3136 turbationis
996 3070 1108 3154 Regia,
1125 3077 1158 3136 et
1173 3070 1264 3137 illam
1281 3093 1347 3137 non
1372 3091 1524 3156 possemus

408 3178 537 3243 anobis
553 3179 632 3262 ipsis
649 3178 730 3244 scire
741 3203 747 3258 ;
760 3199 819 3243 nee
835 3179 1023 3259 sciebamus,
1040 3179 1200 3261 quomodo
1217 3182 1251 3244 in
1267 3187 1413 3247 tractatu
1428 3201 1526 3265 posse·

408 3307 479 3351 mus
504 3287 690 3369 procedere.
726 3285 792 3352 Sed
817 3294 928 3352 tamen
954 3291 1195 3372 presupposito,
1220 3290 1307 3372 quod
1332 3297 1439 3356 tamen
1470 3309 1525 3354 non

408 3402 490 3474 erat,
518 3395 605 3478 quod
630 3393 820 3462 Domiuatio
845 3393 969 3465 Vestra
985 3395 1131 3463 dedisset
1146 3398 1180 3462 iu
1195 3400 1306 3482 aliquo
1324 3421 1452 3464 eausam
1467 3403 1527 3462 tur·

408 3501 551 3569 bationis
567 3504 698 3570 domino
715 3504 809 3589 Regi,
826 3527 922 3588 quam
940 3512 1049 3571 tamen
1067 3528 1198 3572 causam
1214 3509 1343 3592 penitus
1360 3515 1392 3573 et
1408 3508 1527 3573 omnino

410 3609 630 3694 ignorabatis3
655 3615 762 3696 parati
790 3633 917 3678 eramus
943 3614 1051 3680 facere
1066 3615 1100 3679 in
1116 3614 1177 3680 hoc
1194 3615 1447 3682 satisfactionem
1463 3635 1529 3680 con·

406 3737 527 3803 gruum
545 3728 578 3786 et
594 3721 796 3804 condignam.
818 3718 941 3789 Verum
957 3724 1007 3787 usi
1023 3724 1110 3788 omni
1126 3729 1198 3789 arte
1214 3729 1248 3789 et
1263 3725 1316 3789 via
1333 3723 1449 3808 quibus
1465 3742 1529 3807 pos·

413 3849 529 3911 semna
554 3829 676 3894 abillis
702 3829 825 3912 aliquid
851 3829 981 3895 trahere
1009 3831 1048 3896 de
1073 3833 1252 3897 intentione
1268 3831 1385 3916 Regia,
1401 3831 1530 3898 finaliter

411 3946 611 4019 nequeuntes
628 3937 754 4020 aliquid
764 3937 893 4020 habere,
904 3938 966 4002 nisi
983 3940 1009 4004 si
1025 3939 1216 4005 nolebamus
1233 3940 1299 4005 ulia
1316 3941 1432 4020 dicere,
1452 3933 1529 4023 quod

408 4045 596 4110 venerimus
613 4045 654 4110 ad
672 4046 870 4128 presentiam
894 4046 1033 4130 Regiam
1049 4048 1092 4113 ad
1107 4047 1291 4113 faciendum
1318 4049 1380 4115 sibi
1395 4069 1531 4114 reseren-

411 4153 501 4234 tiam,
527 4153 605 4235 quia
621 4155 751 4219 omnino
777 4154 909 4219 uolebat
925 4175 983 4222 nos
998 4155 1186 4238 licentiare;
1204 4177 1244 4221 ne
1260 4156 1531 4250 derelinqueretur

412 4266 584 4340 tractatus,
600 4260 795 4341 addidimus
813 4263 899 4345 quod
917 4269 1089 4346 postquam
1106 4264 1271 4330 fueramus
1282 4266 1315 4330 in
1326 4266 1433 4346 Buda,
1447 4260 1532 4329 intel·

411 4367 591 4433 lexeramus
617 4369 659 4433 ab
685 4369 848 4452 aliquibus
873 4370 971 4436 verba
995 4373 1110 4453 aliqua
1126 4395 1221 4456 super
1239 4371 1327 4438 facto
1344 4375 1421 4440 salis
1437 4373 1530 4454 Pagi3

411 4478 638 4560 precabamur,
647 4485 684 4544 ut
695 4478 888 4562 dignaretur
905 4479 1052 4546 dominus
1063 4482 1134 4546 Rex
1151 4482 1260 4549 facere
1279 4485 1446 4567 explicari,
1460 4478 1532 4567 quid

412 4591 497 4652 esset
523 4585 719 4673 beneplaciti
745 4594 778 4653 et
802 4589 992 4655 intentionis
1018 4610 1074 4655 sue
1100 4589 1204 4676 Regia
1230 4614 1328 4678 super
1353 4595 1424 4678 ipso
1455 4592 1532 4658 fact-⁰
