<?xml version="1.0" encoding="UTF-8"?>
<!DOCTYPE html PUBLIC "-//W3C//DTD XHTML 1.0 Transitional//EN"
    "http://www.w3.org/TR/xhtml1/DTD/xhtml1-transitional.dtd">
<html xmlns="http://www.w3.org/1999/xhtml" xml:lang="en" lang="en">
 <head>
  <title>
</title>
<meta http-equiv="Content-Type" content="text/html;charset=utf-8" />
  <meta name='ocr-system' content='tesseract 3.04.00' />
  <meta name='ocr-capabilities' content='ocr_page ocr_carea ocr_par ocr_line ocrx_word'/>
</head>
<body>
  <div class='ocr_page' id='page_1' title='image "./magyardiplomacz00wenzgoog_0433.png"; bbox 0 0 3190 5252; ppageno 0'>
   <div class='ocr_carea' id='block_1_1' title="bbox 647 347 1258 424">
    <p class='ocr_par' dir='ltr' id='par_1_1' title="bbox 647 347 1258 424">
     <span class='ocr_line' id='line_1_1' title="bbox 647 347 1258 424; baseline 0 -4"><span class='ocrx_word' id='word_1_1' title='bbox 647 347 742 424; x_wconf 62' lang='lat' dir='ltr'>taso,</span> <span class='ocrx_word' id='word_1_2' title='bbox 1193 361 1258 421; x_wconf 85' lang='lat'>413</span> 
     </span>
    </p>
   </div>
   <div class='ocr_carea' id='block_1_2' title="bbox 133 533 1260 818">
    <p class='ocr_par' dir='ltr' id='par_1_2' title="bbox 133 533 1260 818">
     <span class='ocr_line' id='line_1_2' title="bbox 133 533 1260 622; baseline -0.004 -20"><span class='ocrx_word' id='word_1_3' title='bbox 133 537 237 604; x_wconf 85' lang='lat' dir='ltr'>facere</span> <span class='ocrx_word' id='word_1_4' title='bbox 263 537 352 622; x_wconf 86' lang='lat' dir='ltr'>eupit</span> <span class='ocrx_word' id='word_1_5' title='bbox 378 537 567 620; x_wconf 85' lang='lat' dir='ltr'>supradicta</span> <span class='ocrx_word' id='word_1_6' title='bbox 592 535 791 614; x_wconf 88' lang='lat' dir='ltr'>Paternitas,</span> <span class='ocrx_word' id='word_1_7' title='bbox 811 555 933 614; x_wconf 86' lang='lat' dir='ltr'>secure,</span> <span class='ocrx_word' id='word_1_8' title='bbox 950 539 1117 616; x_wconf 79' lang='lat' dir='ltr'><strong>tamquam</strong></span> <span class='ocrx_word' id='word_1_9' title='bbox 1133 533 1260 599; x_wconf 80' lang='lat' dir='ltr'>devotis</span> 
     </span>
     <span class='ocr_line' id='line_1_3' title="bbox 133 640 1258 730; baseline -0.003 -21"><span class='ocrx_word' id='word_1_10' title='bbox 133 646 284 730; x_wconf 75' lang='lat' dir='ltr'>prelibati</span> <span class='ocrx_word' id='word_1_11' title='bbox 301 645 478 728; x_wconf 73' lang='lat' dir='ltr'>Principis,</span> <span class='ocrx_word' id='word_1_12' title='bbox 493 644 659 710; x_wconf 87' lang='lat' dir='ltr'>intimetis.</span> <span class='ocrx_word' id='word_1_13' title='bbox 670 643 760 708; x_wconf 90' lang='lat' dir='ltr'>Data</span> <span class='ocrx_word' id='word_1_14' title='bbox 775 641 945 707; x_wconf 78' lang='lat' dir='ltr'>Florentio</span> <span class='ocrx_word' id='word_1_15' title='bbox 963 641 1015 705; x_wconf 88' lang='lat' dir='ltr'>die</span> <span class='ocrx_word' id='word_1_16' title='bbox 1034 640 1174 708; x_wconf 90' lang='lat' dir='ltr'>XVIII.</span> <span class='ocrx_word' id='word_1_17' title='bbox 1191 642 1258 707; x_wconf 88' lang='lat' dir='ltr'>No-</span> 
     </span>
     <span class='ocr_line' id='line_1_4' title="bbox 133 748 866 818; baseline -0.003 -2"><span class='ocrx_word' id='word_1_18' title='bbox 133 753 269 818; x_wconf 85' lang='lat' dir='ltr'>vembris</span> <span class='ocrx_word' id='word_1_19' title='bbox 285 752 370 818; x_wconf 87' lang='lat' dir='ltr'>IIII.</span> <span class='ocrx_word' id='word_1_20' title='bbox 388 752 564 818; x_wconf 82' lang='lat' dir='ltr'>indictione</span> <span class='ocrx_word' id='word_1_21' title='bbox 581 748 866 818; x_wconf 79' lang='lat' dir='ltr'>MOOOLXXX.</span> 
     </span>
    </p>
   </div>
   <div class='ocr_carea' id='block_1_3' title="bbox 132 892 1260 1052">
    <p class='ocr_par' dir='ltr' id='par_1_3' title="bbox 132 892 1260 1052">
     <span class='ocr_line' id='line_1_5' title="bbox 132 892 1260 964; baseline -0.005 -17"><span class='ocrx_word' id='word_1_22' title='bbox 132 897 248 958; x_wconf 76' lang='lat' dir='ltr'>(Eredetzi</span> <span class='ocrx_word' id='word_1_23' title='bbox 277 899 492 964; x_wconf 79' lang='lat' dir='ltr'>fogalmazvany</span> <span class='ocrx_word' id='word_1_24' title='bbox 515 913 531 946; x_wconf 87' lang='lat' dir='ltr'>a</span> <span class='ocrx_word' id='word_1_25' title='bbox 555 897 693 958; x_wconf 71' lang='lat' dir='ltr'>›Signori,</span> <span class='ocrx_word' id='word_1_26' title='bbox 708 895 863 960; x_wconf 81' lang='lat' dir='ltr'>Carteggie,</span> <span class='ocrx_word' id='word_1_27' title='bbox 877 892 1008 944; x_wconf 73' lang='lat' dir='ltr'>Missivet</span> <span class='ocrx_word' id='word_1_28' title='bbox 1023 894 1076 942; x_wconf 87' lang='lat' dir='ltr'>stb.</span> <span class='ocrx_word' id='word_1_29' title='bbox 1099 893 1175 943; x_wconf 81' lang='grc' dir='ltr'>ΧΙΧ.</span> <span class='ocrx_word' id='word_1_30' title='bbox 1202 893 1260 942; x_wconf 80' lang='lat' dir='ltr'>kot.</span> 
     </span>
     <span class='ocr_line' id='line_1_6' title="bbox 393 985 1001 1052; baseline -0.007 -14"><span class='ocrx_word' id='word_1_31' title='bbox 393 993 433 1038; x_wconf 84' lang='grc'>77.</span> <span class='ocrx_word' id='word_1_32' title='bbox 448 1004 485 1038; x_wconf 81' lang='lat' dir='ltr'>az.</span> <span class='ocrx_word' id='word_1_33' title='bbox 500 1005 533 1052; x_wconf 85' lang='lat' dir='ltr'>a.,</span> <span class='ocrx_word' id='word_1_34' title='bbox 547 1003 564 1038; x_wconf 88' lang='lat' dir='ltr'>a</span> <span class='ocrx_word' id='word_1_35' title='bbox 577 986 708 1038; x_wconf 85' lang='lat' dir='ltr'>florenozi</span> <span class='ocrx_word' id='word_1_36' title='bbox 720 1001 793 1051; x_wconf 83' lang='lat' dir='ltr'>nagy</span> <span class='ocrx_word' id='word_1_37' title='bbox 808 985 1001 1048; x_wconf 77' lang='lat' dir='ltr'>levelttrban.)</span> 
     </span>
    </p>
   </div>
   <div class='ocr_carea' id='block_1_4' title="bbox 615 1149 775 1158">
    <p class='ocr_par' dir='ltr' id='par_1_4' title="bbox 615 1149 775 1158">
     <span class='ocr_line' id='line_1_7' title="bbox 615 1149 775 1158; baseline -0.006 0"><span class='ocrx_word' id='word_1_38' title='bbox 615 1149 667 1158; x_wconf 77' lang='grc' dir='ltr'>ιιι-ι</span> <span class='ocrx_word' id='word_1_39' title='bbox 679 1149 775 1158; x_wconf 79' lang='lat'>-——-</span> 
     </span>
    </p>
   </div>
   <div class='ocr_carea' id='block_1_5' title="bbox 660 1296 732 1358">
    <p class='ocr_par' dir='ltr' id='par_1_5' title="bbox 660 1296 732 1358">
     <span class='ocr_line' id='line_1_8' title="bbox 660 1296 732 1358; baseline 0.028 -2"><span class='ocrx_word' id='word_1_40' title='bbox 660 1296 732 1358; x_wconf 78' lang='lat'>197.</span> 
     </span>
    </p>
   </div>
   <div class='ocr_carea' id='block_1_6' title="bbox 184 1417 1200 1544">
    <p class='ocr_par' dir='ltr' id='par_1_6' title="bbox 184 1417 1200 1544">
     <span class='ocr_line' id='line_1_9' title="bbox 184 1417 1200 1544; baseline -0.005 -21"><span class='ocrx_word' id='word_1_41' title='bbox 184 1459 349 1544; x_wconf 74' lang='lat' dir='ltr'>Aperiunt</span> <span class='ocrx_word' id='word_1_42' title='bbox 364 1455 645 1540; x_wconf 74' lang='lat' dir='ltr'>bdztdraaactpaalc</span> <span class='ocrx_word' id='word_1_43' title='bbox 663 1479 684 1518; x_wconf 86' lang='lat' dir='ltr'>a</span> <span class='ocrx_word' id='word_1_44' title='bbox 692 1453 848 1541; x_wconf 81' lang='lat' dir='ltr'>florcaczi</span> <span class='ocrx_word' id='word_1_45' title='bbox 867 1417 1084 1540; x_wconf 76' lang='lat' dir='ltr'>bdztdrsaadp.</span> <span class='ocrx_word' id='word_1_46' title='bbox 1105 1455 1200 1518; x_wconf 82' lang='lat'><em>1380.</em></span> 
     </span>
    </p>
   </div>
   <div class='ocr_carea' id='block_1_7' title="bbox 131 1616 1337 4612">
    <p class='ocr_par' dir='ltr' id='par_1_7' title="bbox 346 1616 578 1682">
     <span class='ocr_line' id='line_1_10' title="bbox 346 1616 578 1682; baseline -0.009 0"><span class='ocrx_word' id='word_1_47' title='bbox 346 1616 578 1682; x_wconf 89' lang='lat' dir='ltr'>Januensibus.</span> 
     </span>
    </p>

    <p class='ocr_par' dir='ltr' id='par_1_8' title="bbox 131 1719 1337 4612">
     <span class='ocr_line' id='line_1_11' title="bbox 239 1719 1261 1808; baseline -0.004 -18"><span class='ocrx_word' id='word_1_48' title='bbox 239 1723 417 1808; x_wconf 84' lang='lat' dir='ltr'>Magnifice</span> <span class='ocrx_word' id='word_1_49' title='bbox 433 1732 467 1789; x_wconf 90' lang='lat' dir='ltr'>et</span> <span class='ocrx_word' id='word_1_50' title='bbox 481 1723 620 1788; x_wconf 86' lang='lat' dir='ltr'>Excelsa</span> <span class='ocrx_word' id='word_1_51' title='bbox 636 1719 785 1802; x_wconf 88' lang='lat' dir='ltr'>Domine,</span> <span class='ocrx_word' id='word_1_52' title='bbox 798 1722 900 1787; x_wconf 86' lang='lat' dir='ltr'>frater</span> <span class='ocrx_word' id='word_1_53' title='bbox 916 1725 948 1786; x_wconf 82' lang='lat' dir='ltr'>ot</span> <span class='ocrx_word' id='word_1_54' title='bbox 964 1722 1067 1788; x_wconf 88' lang='lat' dir='ltr'>amice</span> <span class='ocrx_word' id='word_1_55' title='bbox 1083 1721 1261 1786; x_wconf 85' lang='lat' dir='ltr'>karissime.</span> 
     </span>
     <span class='ocr_line' id='line_1_12' title="bbox 134 1828 1262 1916; baseline -0.004 -18"><span class='ocrx_word' id='word_1_56' title='bbox 134 1833 328 1916; x_wconf 80' lang='lat' dir='ltr'>Recepimus</span> <span class='ocrx_word' id='word_1_57' title='bbox 343 1833 471 1898; x_wconf 82' lang='lat' dir='ltr'>litteras</span> <span class='ocrx_word' id='word_1_58' title='bbox 489 1831 639 1913; x_wconf 80' lang='lat' dir='ltr'>Vestras,</span> <span class='ocrx_word' id='word_1_59' title='bbox 656 1831 773 1913; x_wconf 87' lang='lat' dir='ltr'>quibus</span> <span class='ocrx_word' id='word_1_60' title='bbox 790 1831 823 1894; x_wconf 90' lang='lat' dir='ltr'>in</span> <span class='ocrx_word' id='word_1_61' title='bbox 851 1831 1015 1914; x_wconf 83' lang='lat' dir='ltr'>elegantia</span> <span class='ocrx_word' id='word_1_62' title='bbox 1031 1831 1134 1913; x_wconf 89' lang='lat' dir='ltr'>polita</span> <span class='ocrx_word' id='word_1_63' title='bbox 1150 1828 1262 1894; x_wconf 89' lang='lat' dir='ltr'>verbo·</span> 
     </span>
     <span class='ocr_line' id='line_1_13' title="bbox 135 1937 1260 2021; baseline -0.004 -15"><span class='ocrx_word' id='word_1_64' title='bbox 135 1963 204 2006; x_wconf 92' lang='lat' dir='ltr'>rum</span> <span class='ocrx_word' id='word_1_65' title='bbox 222 1939 386 2005; x_wconf 89' lang='lat' dir='ltr'>iusticiam</span> <span class='ocrx_word' id='word_1_66' title='bbox 416 1944 558 2005; x_wconf 81' lang='lat' dir='ltr'>vestram</span> <span class='ocrx_word' id='word_1_67' title='bbox 574 1938 652 2005; x_wconf 83' lang='lat' dir='ltr'>balli</span> <span class='ocrx_word' id='word_1_68' title='bbox 673 1937 761 2021; x_wconf 91' lang='lat' dir='ltr'>quod</span> <span class='ocrx_word' id='word_1_69' title='bbox 787 1938 902 2021; x_wconf 86' lang='lat' dir='ltr'>geritis</span> <span class='ocrx_word' id='word_1_70' title='bbox 927 1937 1133 2020; x_wconf 86' lang='lat' dir='ltr'>explicantes,</span> <span class='ocrx_word' id='word_1_71' title='bbox 1160 1959 1260 2019; x_wconf 89' lang='lat' dir='ltr'>quan·</span> 
     </span>
     <span class='ocr_line' id='line_1_14' title="bbox 134 2043 1254 2132; baseline -0.004 -19"><span class='ocrx_word' id='word_1_72' title='bbox 134 2054 202 2113; x_wconf 88' lang='lat' dir='ltr'>tum</span> <span class='ocrx_word' id='word_1_73' title='bbox 217 2047 259 2114; x_wconf 88' lang='lat' dir='ltr'>ad</span> <span class='ocrx_word' id='word_1_74' title='bbox 276 2068 389 2132; x_wconf 85' lang='lat' dir='ltr'>pacem</span> <span class='ocrx_word' id='word_1_75' title='bbox 406 2047 554 2130; x_wconf 80' lang='lat' dir='ltr'>dispositi</span> <span class='ocrx_word' id='word_1_76' title='bbox 571 2068 696 2130; x_wconf 88' lang='lat' dir='ltr'>semper</span> <span class='ocrx_word' id='word_1_77' title='bbox 713 2045 849 2126; x_wconf 84' lang='lat' dir='ltr'>fueritis,</span> <span class='ocrx_word' id='word_1_78' title='bbox 866 2043 1053 2126; x_wconf 72' lang='lat' dir='ltr'>ostenditis,</span> <span class='ocrx_word' id='word_1_79' title='bbox 1077 2043 1254 2110; x_wconf 83' lang='lat' dir='ltr'>adicientes</span> 
     </span>
     <span class='ocr_line' id='line_1_15' title="bbox 133 2151 1261 2238; baseline -0.005 -17"><span class='ocrx_word' id='word_1_80' title='bbox 133 2158 166 2221; x_wconf 92' lang='lat' dir='ltr'>in</span> <span class='ocrx_word' id='word_1_81' title='bbox 181 2157 306 2238; x_wconf 89' lang='lat' dir='ltr'>ultimo,</span> <span class='ocrx_word' id='word_1_82' title='bbox 322 2156 409 2238; x_wconf 87' lang='lat' dir='ltr'>quod</span> <span class='ocrx_word' id='word_1_83' title='bbox 435 2154 505 2219; x_wconf 87' lang='lat' dir='ltr'>sine</span> <span class='ocrx_word' id='word_1_84' title='bbox 529 2177 688 2221; x_wconf 88' lang='lat' dir='ltr'>consensu</span> <span class='ocrx_word' id='word_1_85' title='bbox 716 2151 919 2220; x_wconf 86' lang='lat' dir='ltr'>Serenissimi</span> <span class='ocrx_word' id='word_1_86' title='bbox 945 2153 1110 2236; x_wconf 88' lang='lat' dir='ltr'>Principis</span> <span class='ocrx_word' id='word_1_87' title='bbox 1137 2153 1261 2217; x_wconf 88' lang='lat' dir='ltr'>domini</span> 
     </span>
     <span class='ocr_line' id='line_1_16' title="bbox 135 2259 1261 2348; baseline -0.005 -18"><span class='ocrx_word' id='word_1_88' title='bbox 135 2264 234 2348; x_wconf 85' lang='lat' dir='ltr'>Regis</span> <span class='ocrx_word' id='word_1_89' title='bbox 261 2263 416 2346; x_wconf 82' lang='lat' dir='ltr'>Ungarie,</span> <span class='ocrx_word' id='word_1_90' title='bbox 441 2262 565 2327; x_wconf 89' lang='lat' dir='ltr'>nullum</span> <span class='ocrx_word' id='word_1_91' title='bbox 591 2259 765 2327; x_wconf 86' lang='lat' dir='ltr'>tractando</span> <span class='ocrx_word' id='word_1_92' title='bbox 791 2261 880 2344; x_wconf 87' lang='lat' dir='ltr'>pacis</span> <span class='ocrx_word' id='word_1_93' title='bbox 911 2282 1104 2343; x_wconf 90' lang='lat' dir='ltr'>responsum</span> <span class='ocrx_word' id='word_1_94' title='bbox 1130 2261 1261 2325; x_wconf 88' lang='lat' dir='ltr'>tradere</span> 
     </span>
     <span class='ocr_line' id='line_1_17' title="bbox 134 2368 1262 2456; baseline -0.004 -19"><span class='ocrx_word' id='word_1_95' title='bbox 134 2372 300 2456; x_wconf 86' lang='lat' dir='ltr'>poteratis.</span> <span class='ocrx_word' id='word_1_96' title='bbox 317 2371 443 2454; x_wconf 83' lang='lat' dir='ltr'>Quibus</span> <span class='ocrx_word' id='word_1_97' title='bbox 459 2370 600 2436; x_wconf 84' lang='lat' dir='ltr'>breviter</span> <span class='ocrx_word' id='word_1_98' title='bbox 616 2369 835 2453; x_wconf 81' lang='lat' dir='ltr'>fraternisque</span> <span class='ocrx_word' id='word_1_99' title='bbox 856 2368 1037 2450; x_wconf 70' lang='lat' dir='ltr'>affectibus</span> <span class='ocrx_word' id='word_1_100' title='bbox 1054 2371 1173 2434; x_wconf 88' lang='lat' dir='ltr'>omissa</span> <span class='ocrx_word' id='word_1_101' title='bbox 1189 2390 1262 2434; x_wconf 88' lang='lat' dir='ltr'>oau-</span> 
     </span>
     <span class='ocr_line' id='line_1_18' title="bbox 134 2477 1262 2564; baseline -0.002 -20"><span class='ocrx_word' id='word_1_102' title='bbox 134 2501 243 2546; x_wconf 88' lang='lat' dir='ltr'>sarum</span> <span class='ocrx_word' id='word_1_103' title='bbox 260 2479 491 2564; x_wconf 86' lang='lat' dir='ltr'>disputatione,</span> <span class='ocrx_word' id='word_1_104' title='bbox 507 2485 620 2564; x_wconf 88' lang='lat' dir='ltr'>utpote</span> <span class='ocrx_word' id='word_1_105' title='bbox 637 2502 698 2563; x_wconf 91' lang='lat' dir='ltr'>que</span> <span class='ocrx_word' id='word_1_106' title='bbox 715 2479 757 2544; x_wconf 88' lang='lat' dir='ltr'>ad</span> <span class='ocrx_word' id='word_1_107' title='bbox 774 2499 833 2543; x_wconf 90' lang='lat' dir='ltr'>uos</span> <span class='ocrx_word' id='word_1_108' title='bbox 850 2498 914 2542; x_wconf 89' lang='lat' dir='ltr'>non</span> <span class='ocrx_word' id='word_1_109' title='bbox 929 2477 1105 2561; x_wconf 84' lang='lat' dir='ltr'>pertineat,</span> <span class='ocrx_word' id='word_1_110' title='bbox 1132 2499 1262 2561; x_wconf 90' lang='lat' dir='ltr'>respon-</span> 
     </span>
     <span class='ocr_line' id='line_1_19' title="bbox 135 2585 1262 2672; baseline -0.002 -19"><span class='ocrx_word' id='word_1_111' title='bbox 135 2589 247 2655; x_wconf 89' lang='lat' dir='ltr'>demus</span> <span class='ocrx_word' id='word_1_112' title='bbox 264 2615 272 2654; x_wconf 86' lang='lat'>:</span> <span class='ocrx_word' id='word_1_113' title='bbox 290 2585 387 2672; x_wconf 80' lang='lat' dir='ltr'>Quod</span> <span class='ocrx_word' id='word_1_114' title='bbox 403 2588 541 2653; x_wconf 90' lang='lat' dir='ltr'>firmiter</span> <span class='ocrx_word' id='word_1_115' title='bbox 560 2587 733 2669; x_wconf 85' lang='lat' dir='ltr'>credimus,</span> <span class='ocrx_word' id='word_1_116' title='bbox 748 2587 999 2669; x_wconf 87' lang='lat' dir='ltr'>inconcusseque</span> <span class='ocrx_word' id='word_1_117' title='bbox 1015 2591 1171 2669; x_wconf 89' lang='lat' dir='ltr'>tenemus,</span> <span class='ocrx_word' id='word_1_118' title='bbox 1187 2609 1262 2670; x_wconf 89' lang='lat' dir='ltr'>pru-</span> 
     </span>
     <span class='ocr_line' id='line_1_20' title="bbox 136 2694 1262 2781; baseline 0 -22"><span class='ocrx_word' id='word_1_119' title='bbox 136 2694 280 2762; x_wconf 87' lang='lat' dir='ltr'>dentiam</span> <span class='ocrx_word' id='word_1_120' title='bbox 311 2703 454 2762; x_wconf 82' lang='lat' dir='ltr'>restram</span> <span class='ocrx_word' id='word_1_121' title='bbox 471 2718 598 2781; x_wconf 83' lang='lat' dir='ltr'>semper</span> <span class='ocrx_word' id='word_1_122' title='bbox 614 2717 727 2779; x_wconf 85' lang='lat' dir='ltr'>pacem</span> <span class='ocrx_word' id='word_1_123' title='bbox 745 2717 816 2761; x_wconf 91' lang='lat' dir='ltr'>cum</span> <span class='ocrx_word' id='word_1_124' title='bbox 848 2695 963 2760; x_wconf 85' lang='lat' dir='ltr'>restris</span> <span class='ocrx_word' id='word_1_125' title='bbox 989 2695 1136 2760; x_wconf 87' lang='lat' dir='ltr'>hostibus</span> <span class='ocrx_word' id='word_1_126' title='bbox 1167 2716 1262 2778; x_wconf 87' lang='lat' dir='ltr'>exop-</span> 
     </span>
     <span class='ocr_line' id='line_1_21' title="bbox 133 2801 1337 2888; baseline -0.005 -18"><span class='ocrx_word' id='word_1_127' title='bbox 133 2813 229 2872; x_wconf 83' lang='lat' dir='ltr'>tasse.</span> <span class='ocrx_word' id='word_1_128' title='bbox 246 2803 321 2869; x_wconf 91' lang='lat' dir='ltr'>Non</span> <span class='ocrx_word' id='word_1_129' title='bbox 339 2805 423 2868; x_wconf 89' lang='lat' dir='ltr'>enim</span> <span class='ocrx_word' id='word_1_130' title='bbox 441 2805 622 2888; x_wconf 89' lang='lat' dir='ltr'>putandum</span> <span class='ocrx_word' id='word_1_131' title='bbox 639 2810 689 2868; x_wconf 89' lang='lat' dir='ltr'>est</span> <span class='ocrx_word' id='word_1_132' title='bbox 705 2808 832 2867; x_wconf 88' lang='lat' dir='ltr'>tantum</span> <span class='ocrx_word' id='word_1_133' title='bbox 858 2801 1016 2885; x_wconf 89' lang='lat' dir='ltr'>sapientie</span> <span class='ocrx_word' id='word_1_134' title='bbox 1034 2823 1173 2882; x_wconf 87' lang='lat' dir='ltr'>sensum,</span> <span class='ocrx_word' id='word_1_135' title='bbox 1189 2807 1260 2865; x_wconf 90' lang='lat' dir='ltr'>tan·</span> <span class='ocrx_word' id='word_1_136' title='bbox 1335 2847 1337 2850; x_wconf 89' lang='lat'>-</span> 
     </span>
     <span class='ocr_line' id='line_1_22' title="bbox 133 2910 1260 2996; baseline -0.006 -17"><span class='ocrx_word' id='word_1_137' title='bbox 133 2921 266 2996; x_wconf 88' lang='lat' dir='ltr'>tamque</span> <span class='ocrx_word' id='word_1_138' title='bbox 283 2933 390 2976; x_wconf 90' lang='lat' dir='ltr'>rerum</span> <span class='ocrx_word' id='word_1_139' title='bbox 408 2912 551 2977; x_wconf 87' lang='lat' dir='ltr'>omnium</span> <span class='ocrx_word' id='word_1_140' title='bbox 567 2911 811 2996; x_wconf 87' lang='lat' dir='ltr'>experientiam,</span> <span class='ocrx_word' id='word_1_141' title='bbox 837 2916 996 2995; x_wconf 88' lang='lat' dir='ltr'>quantam</span> <span class='ocrx_word' id='word_1_142' title='bbox 1012 2910 1111 2974; x_wconf 87' lang='lat' dir='ltr'>datur</span> <span class='ocrx_word' id='word_1_143' title='bbox 1128 2911 1160 2973; x_wconf 93' lang='lat' dir='ltr'>in</span> <span class='ocrx_word' id='word_1_144' title='bbox 1177 2915 1260 2974; x_wconf 88' lang='lat' dir='ltr'>vcst-</span> 
     </span>
     <span class='ocr_line' id='line_1_23' title="bbox 131 3017 1258 3110; baseline -0.004 -24"><span class='ocrx_word' id='word_1_145' title='bbox 131 3024 177 3087; x_wconf 91' lang='lat' dir='ltr'>ris</span> <span class='ocrx_word' id='word_1_146' title='bbox 194 3020 317 3086; x_wconf 78' lang='lat' dir='ltr'>ciuibus</span> <span class='ocrx_word' id='word_1_147' title='bbox 334 3020 486 3103; x_wconf 87' lang='lat' dir='ltr'>reperire,</span> <span class='ocrx_word' id='word_1_148' title='bbox 502 3021 548 3085; x_wconf 89' lang='lat' dir='ltr'>sic</span> <span class='ocrx_word' id='word_1_149' title='bbox 563 3020 633 3100; x_wconf 87' lang='lat' dir='ltr'>hoc,</span> <span class='ocrx_word' id='word_1_150' title='bbox 645 3018 696 3083; x_wconf 87' lang='lat' dir='ltr'>vel</span> <span class='ocrx_word' id='word_1_151' title='bbox 713 3019 780 3110; x_wconf 86' lang='lat' dir='ltr'>alia</span> <span class='ocrx_word' id='word_1_152' title='bbox 804 3039 992 3102; x_wconf 89' lang='lat' dir='ltr'>quecunque</span> <span class='ocrx_word' id='word_1_153' title='bbox 1007 3017 1094 3082; x_wconf 90' lang='lat' dir='ltr'>bella</span> <span class='ocrx_word' id='word_1_154' title='bbox 1112 3019 1258 3102; x_wconf 86' lang='lat' dir='ltr'>gessisse,</span> 
     </span>
     <span class='ocr_line' id='line_1_24' title="bbox 133 3125 1262 3212; baseline -0.004 -18"><span class='ocrx_word' id='word_1_155' title='bbox 133 3128 220 3212; x_wconf 92' lang='lat' dir='ltr'>quod</span> <span class='ocrx_word' id='word_1_156' title='bbox 238 3148 303 3192; x_wconf 88' lang='lat' dir='ltr'>non</span> <span class='ocrx_word' id='word_1_157' title='bbox 320 3147 445 3211; x_wconf 86' lang='lat' dir='ltr'>semper</span> <span class='ocrx_word' id='word_1_158' title='bbox 461 3128 501 3193; x_wconf 91' lang='lat' dir='ltr'>de</span> <span class='ocrx_word' id='word_1_159' title='bbox 517 3149 606 3211; x_wconf 90' lang='lat' dir='ltr'>pace,</span> <span class='ocrx_word' id='word_1_160' title='bbox 623 3127 723 3192; x_wconf 89' lang='lat' dir='ltr'>etiam</span> <span class='ocrx_word' id='word_1_161' title='bbox 739 3127 826 3192; x_wconf 89' lang='lat' dir='ltr'>iutra</span> <span class='ocrx_word' id='word_1_162' title='bbox 835 3126 914 3191; x_wconf 88' lang='lat' dir='ltr'>belli</span> <span class='ocrx_word' id='word_1_163' title='bbox 931 3125 1090 3208; x_wconf 85' lang='lat' dir='ltr'>principia</span> <span class='ocrx_word' id='word_1_164' title='bbox 1101 3125 1262 3208; x_wconf 75' lang='lat' dir='ltr'>cogitarit,</span> 
     </span>
     <span class='ocr_line' id='line_1_25' title="bbox 131 3232 1262 3316; baseline -0.004 -16"><span class='ocrx_word' id='word_1_165' title='bbox 131 3234 289 3301; x_wconf 88' lang='lat' dir='ltr'>Naturali</span> <span class='ocrx_word' id='word_1_166' title='bbox 306 3234 436 3316; x_wconf 91' lang='lat' dir='ltr'>quidem</span> <span class='ocrx_word' id='word_1_167' title='bbox 451 3234 661 3301; x_wconf 88' lang='lat' dir='ltr'>inclinatione</span> <span class='ocrx_word' id='word_1_168' title='bbox 686 3235 729 3300; x_wconf 89' lang='lat' dir='ltr'>ad</span> <span class='ocrx_word' id='word_1_169' title='bbox 755 3233 840 3300; x_wconf 88' lang='lat' dir='ltr'>huuc</span> <span class='ocrx_word' id='word_1_170' title='bbox 866 3233 970 3299; x_wconf 91' lang='lat' dir='ltr'>solum</span> <span class='ocrx_word' id='word_1_171' title='bbox 994 3233 1092 3298; x_wconf 85' lang='lat' dir='ltr'>finem</span> <span class='ocrx_word' id='word_1_172' title='bbox 1108 3232 1195 3297; x_wconf 88' lang='lat' dir='ltr'>bolla</span> <span class='ocrx_word' id='word_1_173' title='bbox 1210 3254 1262 3315; x_wconf 86' lang='lat' dir='ltr'>ge-</span> 
     </span>
     <span class='ocr_line' id='line_1_26' title="bbox 132 3338 1258 3426; baseline -0.004 -18"><span class='ocrx_word' id='word_1_174' title='bbox 132 3344 245 3424; x_wconf 90' lang='lat' dir='ltr'>rimus,</span> <span class='ocrx_word' id='word_1_175' title='bbox 261 3350 297 3409; x_wconf 92' lang='lat' dir='ltr'>ut</span> <span class='ocrx_word' id='word_1_176' title='bbox 313 3343 491 3426; x_wconf 90' lang='lat' dir='ltr'>aliquando</span> <span class='ocrx_word' id='word_1_177' title='bbox 507 3343 541 3408; x_wconf 93' lang='lat' dir='ltr'>in</span> <span class='ocrx_word' id='word_1_178' title='bbox 554 3365 635 3426; x_wconf 88' lang='lat' dir='ltr'>pace</span> <span class='ocrx_word' id='word_1_179' title='bbox 655 3365 727 3408; x_wconf 90' lang='lat' dir='ltr'>oum</span> <span class='ocrx_word' id='word_1_180' title='bbox 748 3343 922 3408; x_wconf 86' lang='lat' dir='ltr'>securitate</span> <span class='ocrx_word' id='word_1_181' title='bbox 938 3343 1095 3408; x_wconf 84' lang='lat' dir='ltr'>vivamus.</span> <span class='ocrx_word' id='word_1_182' title='bbox 1112 3338 1177 3424; x_wconf 79' lang='lat' dir='ltr'>Qui</span> <span class='ocrx_word' id='word_1_183' title='bbox 1195 3339 1258 3404; x_wconf 87' lang='lat' dir='ltr'>bel-</span> 
     </span>
     <span class='ocr_line' id='line_1_27' title="bbox 134 3449 1259 3534; baseline -0.004 -18"><span class='ocrx_word' id='word_1_184' title='bbox 134 3453 213 3533; x_wconf 87' lang='lat' dir='ltr'>lum,</span> <span class='ocrx_word' id='word_1_185' title='bbox 231 3450 335 3514; x_wconf 91' lang='lat' dir='ltr'>solum</span> <span class='ocrx_word' id='word_1_186' title='bbox 352 3457 390 3516; x_wconf 91' lang='lat' dir='ltr'>ut</span> <span class='ocrx_word' id='word_1_187' title='bbox 405 3449 547 3516; x_wconf 81' lang='lat' dir='ltr'>bellatur</span> <span class='ocrx_word' id='word_1_188' title='bbox 563 3451 708 3532; x_wconf 90' lang='lat' dir='ltr'>assumit,</span> <span class='ocrx_word' id='word_1_189' title='bbox 734 3471 901 3534; x_wconf 89' lang='lat' dir='ltr'>nunquam</span> <span class='ocrx_word' id='word_1_190' title='bbox 917 3449 993 3514; x_wconf 93' lang='lat' dir='ltr'>belli</span> <span class='ocrx_word' id='word_1_191' title='bbox 1019 3449 1188 3515; x_wconf 85' lang='lat' dir='ltr'>vexatione</span> <span class='ocrx_word' id='word_1_192' title='bbox 1206 3468 1259 3512; x_wconf 90' lang='lat' dir='ltr'>ca·</span> 
     </span>
     <span class='ocr_line' id='line_1_28' title="bbox 131 3545 1258 3641; baseline -0.001 -20"><span class='ocrx_word' id='word_1_193' title='bbox 131 3557 228 3622; x_wconf 87' lang='lat' dir='ltr'>rebit</span> <span class='ocrx_word' id='word_1_194' title='bbox 248 3545 372 3625; x_wconf 83' lang='lat' dir='ltr'>Verum</span> <span class='ocrx_word' id='word_1_195' title='bbox 400 3557 426 3621; x_wconf 88' lang='lat' dir='ltr'>si</span> <span class='ocrx_word' id='word_1_196' title='bbox 452 3563 546 3624; x_wconf 91' lang='lat' dir='ltr'>tanto</span> <span class='ocrx_word' id='word_1_197' title='bbox 571 3557 689 3638; x_wconf 90' lang='lat' dir='ltr'>studio,</span> <span class='ocrx_word' id='word_1_198' title='bbox 716 3563 839 3641; x_wconf 89' lang='lat' dir='ltr'>quanto</span> <span class='ocrx_word' id='word_1_199' title='bbox 864 3556 952 3622; x_wconf 90' lang='lat' dir='ltr'>bella</span> <span class='ocrx_word' id='word_1_200' title='bbox 976 3557 1066 3638; x_wconf 83' lang='lat' dir='ltr'>fiunt,</span> <span class='ocrx_word' id='word_1_201' title='bbox 1083 3555 1258 3620; x_wconf 87' lang='lat' dir='ltr'>concordia</span> 
     </span>
     <span class='ocr_line' id='line_1_29' title="bbox 136 3663 1260 3749; baseline -0.002 -19"><span class='ocrx_word' id='word_1_202' title='bbox 136 3671 314 3749; x_wconf 86' lang='lat' dir='ltr'>peteretur,</span> <span class='ocrx_word' id='word_1_203' title='bbox 335 3685 411 3730; x_wconf 91' lang='lat' dir='ltr'>raro</span> <span class='ocrx_word' id='word_1_204' title='bbox 422 3665 656 3748; x_wconf 87' lang='lat' dir='ltr'>procederetur</span> <span class='ocrx_word' id='word_1_205' title='bbox 668 3663 711 3730; x_wconf 89' lang='lat' dir='ltr'>ad</span> <span class='ocrx_word' id='word_1_206' title='bbox 721 3665 928 3746; x_wconf 65' lang='lat' dir='ltr'>sanguinem</span> <span class='ocrx_word' id='word_1_207' title='bbox 944 3664 1001 3730; x_wconf 88' lang='lat' dir='ltr'>sed</span> <span class='ocrx_word' id='word_1_208' title='bbox 1017 3663 1175 3728; x_wconf 91' lang='lat' dir='ltr'>discordie</span> <span class='ocrx_word' id='word_1_209' title='bbox 1191 3686 1260 3728; x_wconf 90' lang='lat' dir='ltr'>sur·</span> 
     </span>
     <span class='ocr_line' id='line_1_30' title="bbox 132 3769 1263 3856; baseline -0.003 -20"><span class='ocrx_word' id='word_1_210' title='bbox 132 3772 241 3854; x_wconf 84' lang='lat' dir='ltr'>gentis</span> <span class='ocrx_word' id='word_1_211' title='bbox 276 3772 459 3836; x_wconf 86' lang='lat' dir='ltr'>incendium</span> <span class='ocrx_word' id='word_1_212' title='bbox 491 3794 682 3856; x_wconf 90' lang='lat' dir='ltr'>oppressum</span> <span class='ocrx_word' id='word_1_213' title='bbox 707 3780 740 3838; x_wconf 87' lang='lat' dir='ltr'>et</span> <span class='ocrx_word' id='word_1_214' title='bbox 766 3774 944 3839; x_wconf 86' lang='lat' dir='ltr'>extinctum</span> <span class='ocrx_word' id='word_1_215' title='bbox 978 3773 1065 3838; x_wconf 88' lang='lat' dir='ltr'>inter</span> <span class='ocrx_word' id='word_1_216' title='bbox 1089 3772 1162 3855; x_wconf 88' lang='lat' dir='ltr'>ipsa</span> <span class='ocrx_word' id='word_1_217' title='bbox 1185 3769 1263 3836; x_wconf 89' lang='lat' dir='ltr'>belli</span> 
     </span>
     <span class='ocr_line' id='line_1_31' title="bbox 133 3879 1262 3966; baseline 0 -22"><span class='ocrx_word' id='word_1_218' title='bbox 133 3879 296 3964; x_wconf 89' lang='lat' dir='ltr'>principia</span> <span class='ocrx_word' id='word_1_219' title='bbox 312 3880 490 3946; x_wconf 87' lang='lat' dir='ltr'>sedaretur.</span> <span class='ocrx_word' id='word_1_220' title='bbox 508 3881 647 3966; x_wconf 88' lang='lat' dir='ltr'>Oportet</span> <span class='ocrx_word' id='word_1_221' title='bbox 663 3881 771 3965; x_wconf 87' lang='lat' dir='ltr'>igitur,</span> <span class='ocrx_word' id='word_1_222' title='bbox 780 3881 901 3946; x_wconf 87' lang='lat' dir='ltr'>fratres</span> <span class='ocrx_word' id='word_1_223' title='bbox 918 3880 1090 3962; x_wconf 88' lang='lat' dir='ltr'>karissimi,</span> <span class='ocrx_word' id='word_1_224' title='bbox 1107 3880 1154 3944; x_wconf 87' lang='lat' dir='ltr'>sio</span> <span class='ocrx_word' id='word_1_225' title='bbox 1170 3901 1262 3944; x_wconf 86' lang='lat' dir='ltr'>arma</span> 
     </span>
     <span class='ocr_line' id='line_1_32' title="bbox 132 3985 1264 4073; baseline 0.002 -23"><span class='ocrx_word' id='word_1_226' title='bbox 132 4008 272 4068; x_wconf 81' lang='lat' dir='ltr'>morere,</span> <span class='ocrx_word' id='word_1_227' title='bbox 289 3989 377 4070; x_wconf 91' lang='lat' dir='ltr'>quod</span> <span class='ocrx_word' id='word_1_228' title='bbox 393 3987 501 4054; x_wconf 90' lang='lat' dir='ltr'>aditus</span> <span class='ocrx_word' id='word_1_229' title='bbox 519 3988 627 4055; x_wconf 89' lang='lat' dir='ltr'>oblate</span> <span class='ocrx_word' id='word_1_230' title='bbox 653 3989 727 4073; x_wconf 88' lang='lat' dir='ltr'>paci</span> <span class='ocrx_word' id='word_1_231' title='bbox 742 3989 775 4054; x_wconf 92' lang='lat' dir='ltr'>in</span> <span class='ocrx_word' id='word_1_232' title='bbox 801 3989 934 4054; x_wconf 87' lang='lat' dir='ltr'>victorie</span> <span class='ocrx_word' id='word_1_233' title='bbox 950 3989 1060 4053; x_wconf 89' lang='lat' dir='ltr'>limine</span> <span class='ocrx_word' id='word_1_234' title='bbox 1086 4007 1150 4053; x_wconf 90' lang='lat' dir='ltr'>non</span> <span class='ocrx_word' id='word_1_235' title='bbox 1177 3985 1264 4052; x_wconf 85' lang='lat' dir='ltr'>clau·</span> 
     </span>
     <span class='ocr_line' id='line_1_33' title="bbox 134 4094 1262 4179; baseline -0.002 -20"><span class='ocrx_word' id='word_1_236' title='bbox 134 4095 241 4161; x_wconf 89' lang='lat' dir='ltr'>datur.</span> <span class='ocrx_word' id='word_1_237' title='bbox 257 4095 303 4160; x_wconf 85' lang='lat' dir='ltr'>Elt</span> <span class='ocrx_word' id='word_1_238' title='bbox 318 4103 354 4161; x_wconf 85' lang='lat' dir='ltr'>ut</span> <span class='ocrx_word' id='word_1_239' title='bbox 379 4095 421 4160; x_wconf 91' lang='lat' dir='ltr'>ad</span> <span class='ocrx_word' id='word_1_240' title='bbox 438 4096 677 4162; x_wconf 89' lang='lat' dir='ltr'>conclusionem</span> <span class='ocrx_word' id='word_1_241' title='bbox 693 4103 848 4178; x_wconf 89' lang='lat' dir='ltr'>nostram,</span> <span class='ocrx_word' id='word_1_242' title='bbox 874 4096 952 4179; x_wconf 88' lang='lat' dir='ltr'>quia</span> <span class='ocrx_word' id='word_1_243' title='bbox 977 4116 1082 4179; x_wconf 88' lang='lat' dir='ltr'>pauca</span> <span class='ocrx_word' id='word_1_244' title='bbox 1108 4094 1262 4178; x_wconf 87' lang='lat' dir='ltr'>sapienti-</span> 
     </span>
     <span class='ocr_line' id='line_1_34' title="bbox 134 4201 1263 4290; baseline -0.001 -21"><span class='ocrx_word' id='word_1_245' title='bbox 134 4203 194 4269; x_wconf 92' lang='lat' dir='ltr'>bus</span> <span class='ocrx_word' id='word_1_246' title='bbox 210 4201 385 4286; x_wconf 85' lang='lat' dir='ltr'>sufficiunt,</span> <span class='ocrx_word' id='word_1_247' title='bbox 401 4205 583 4284; x_wconf 87' lang='lat' dir='ltr'>veniamus;</span> <span class='ocrx_word' id='word_1_248' title='bbox 600 4206 717 4271; x_wconf 87' lang='lat' dir='ltr'>scimus</span> <span class='ocrx_word' id='word_1_249' title='bbox 735 4206 944 4290; x_wconf 87' lang='lat' dir='ltr'>Majestatem</span> <span class='ocrx_word' id='word_1_250' title='bbox 971 4206 1110 4290; x_wconf 87' lang='lat' dir='ltr'>Regiam</span> <span class='ocrx_word' id='word_1_251' title='bbox 1137 4225 1263 4290; x_wconf 82' lang='lat' dir='ltr'>soinper</span> 
     </span>
     <span class='ocr_line' id='line_1_35' title="bbox 135 4310 1263 4397; baseline 0.003 -22"><span class='ocrx_word' id='word_1_252' title='bbox 135 4310 437 4378; x_wconf 87' lang='lat' dir='ltr'>hancooncordiam</span> <span class='ocrx_word' id='word_1_253' title='bbox 448 4321 637 4397; x_wconf 86' lang='lat' dir='ltr'>exoptasse;</span> <span class='ocrx_word' id='word_1_254' title='bbox 654 4315 772 4382; x_wconf 91' lang='lat' dir='ltr'>scimus</span> <span class='ocrx_word' id='word_1_255' title='bbox 784 4314 874 4378; x_wconf 87' lang='lat' dir='ltr'>vobis</span> <span class='ocrx_word' id='word_1_256' title='bbox 885 4334 954 4382; x_wconf 88' lang='lat' dir='ltr'>esse</span> <span class='ocrx_word' id='word_1_257' title='bbox 964 4313 1162 4397; x_wconf 87' lang='lat' dir='ltr'>facillimum,</span> <span class='ocrx_word' id='word_1_258' title='bbox 1179 4321 1263 4378; x_wconf 85' lang='lat' dir='ltr'>trac-</span> 
     </span>
     <span class='ocr_line' id='line_1_36' title="bbox 136 4419 1264 4506; baseline 0 -22"><span class='ocrx_word' id='word_1_259' title='bbox 136 4420 233 4485; x_wconf 84' lang='lat' dir='ltr'>tanda</span> <span class='ocrx_word' id='word_1_260' title='bbox 252 4421 341 4503; x_wconf 86' lang='lat' dir='ltr'>pacis</span> <span class='ocrx_word' id='word_1_261' title='bbox 365 4419 530 4490; x_wconf 85' lang='lat' dir='ltr'>licentiam</span> <span class='ocrx_word' id='word_1_262' title='bbox 557 4422 713 4487; x_wconf 87' lang='lat' dir='ltr'>obtinere.</span> <span class='ocrx_word' id='word_1_263' title='bbox 738 4420 845 4506; x_wconf 78' lang='lat' dir='ltr'>Quam</span> <span class='ocrx_word' id='word_1_264' title='bbox 877 4429 987 4487; x_wconf 85' lang='lat' dir='ltr'>autem</span> <span class='ocrx_word' id='word_1_265' title='bbox 1013 4423 1197 4488; x_wconf 87' lang='lat' dir='ltr'>necessaria</span> <span class='ocrx_word' id='word_1_266' title='bbox 1222 4421 1264 4485; x_wconf 90' lang='lat' dir='ltr'>sit</span> 
     </span>
     <span class='ocr_line' id='line_1_37' title="bbox 136 4527 1264 4612; baseline 0.004 -21"><span class='ocrx_word' id='word_1_267' title='bbox 136 4529 198 4593; x_wconf 89' lang='lat' dir='ltr'>ista</span> <span class='ocrx_word' id='word_1_268' title='bbox 217 4527 399 4610; x_wconf 86' lang='lat' dir='ltr'>concordia,</span> <span class='ocrx_word' id='word_1_269' title='bbox 416 4551 471 4593; x_wconf 82' lang='lat' dir='ltr'>ros</span> <span class='ocrx_word' id='word_1_270' title='bbox 489 4529 612 4595; x_wconf 77' lang='lat' dir='ltr'>videtis</span> <span class='ocrx_word' id='word_1_271' title='bbox 629 4528 766 4594; x_wconf 87' lang='lat' dir='ltr'>Placeat</span> <span class='ocrx_word' id='word_1_272' title='bbox 782 4529 882 4610; x_wconf 86' lang='lat' dir='ltr'>igitur</span> <span class='ocrx_word' id='word_1_273' title='bbox 893 4530 1059 4594; x_wconf 85' lang='lat' dir='ltr'>dilectioni</span> <span class='ocrx_word' id='word_1_274' title='bbox 1074 4538 1189 4612; x_wconf 87' lang='lat' dir='ltr'>vestre,</span> <span class='ocrx_word' id='word_1_275' title='bbox 1205 4550 1264 4596; x_wconf 89' lang='lat' dir='ltr'>uos</span> 
     </span>
    </p>
   </div>
   <div class='ocr_carea' id='block_1_8' title="bbox 0 0 1602 5252">
    <p class='ocr_par' dir='ltr' id='par_1_9' title="bbox 0 0 1602 5252">
     <span class='ocr_line' id='line_1_38' title="bbox 0 0 1602 5252; baseline 0 0"><span class='ocrx_word' id='word_1_276' title='bbox 0 0 1602 5252; x_wconf 95' lang='lat' dir='ltr'> </span> 
     </span>
    </p>
   </div>
  </div>
 </body>
</html>
