3210 5252
605 716 656 776 70.

83 876 133 938 Xl.
148 877 281 962 Gerpely
297 882 388 961 papa
418 875 573 939 isme'telue
598 875 719 958 eltiltja
736 871 844 938 Adher!
861 873 1024 938 arrszlru'ni
1041 875 1198 956 berczspet

82 1008 99 1047 a
122 985 293 1065 Violonczu,
315 985 462 1048 Viscoatc
488 983 613 1048 Galeas
639 981 812 1066 ledsydval
832 981 968 1046 ltdteadd'
984 980 1198 1065 bdzasadqto'l.

585 1092 691 1157 1374.

177 1252 357 1336 Gregorius
373 1251 556 1336 Episcopus
572 1273 681 1316 servus
707 1272 873 1317 servorum
899 1247 962 1314 Dei
989 1249 1107 1315 dilecto
1132 1247 1199 1313 lilio

82 1359 170 1425 nobili
184 1362 252 1426 viro
270 1360 414 1428 Alberto
431 1360 516 1425 Duci
543 1358 679 1426 Austris
699 1360 837 1425 salutem
855 1364 888 1423 et
902 1357 1130 1440 Apostolicam
1147 1356 1200 1421 be·

82 1467 282 1534 nedictonem.
307 1468 403 1534 Circa
427 1467 623 1552 principium
650 1467 771 1532 mensis
793 1465 920 1550 Aprilis
934 1465 1079 1549 proxime
1096 1469 1200 1548 prete-

82 1576 128 1640 riti
143 1574 183 1640 sd
200 1576 367 1659 quandam
392 1575 536 1640 litteram
563 1573 632 1640 'l'ue
652 1573 857 1655 Nobilitatis,
873 1581 906 1639 et
921 1573 963 1638 ad
981 1572 1122 1656 quedam
1140 1593 1200 1654 pro

82 1689 165 1766 perte
179 1691 236 1748 tua
253 1705 313 1767 per
330 1683 484 1749 dilectum
502 1681 603 1747 filium
613 1683 637 1748 J
640 1683 800 1748 ohannem
816 1681 857 1746 ds
874 1679 1071 1746 Constantia
1086 1681 1119 1744 in
1137 1679 1202 1746 Ro·

1 1851 2 1882 }
84 1813 168 1857 mane
184 1791 289 1858 Curia
304 1797 553 1876 procuratorem
579 1791 688 1874 vigore
714 1790 880 1856 credentis
896 1791 928 1853 in
946 1788 1066 1854 eisdem
1082 1787 1202 1852 litteris

83 1899 228 1966 attribute
245 1921 308 1984 per
324 1921 384 1968 nos
401 1898 463 1965 sibi
480 1899 586 1965 dauds
604 1921 701 1984 super
717 1899 936 1979 matrimonio,
954 1895 1042 1981 quod
1058 1917 1130 1961 cum
1147 1944 1154 1959 .
1170 1944 1177 1958 .
1195 1944 1202 1960 .

83 2014 151 2073 nats
164 2008 351 2092 iniquitatis
377 2007 434 2072 filii
460 2005 583 2073 Galeas
610 2008 648 2072 de
674 2005 931 2074 vicecomitibus
957 2005 997 2069 de
1013 2003 1202 2071 Mediolano

83 2115 199 2182 uolebas
214 2115 425 2199 contrahere,
443 2117 501 2182 tibi
519 2115 745 2200 respondimus
761 2137 821 2200 per
836 2114 963 2179 litteras
974 2118 1112 2194 nostras,
1122 2133 1203 2195 quas

83 2231 149 2289 tunc
162 2224 283 2290 Eidem
299 2225 478 2293 Nobilitati
494 2247 554 2308 per
569 2225 732 2308 prelatum
756 2222 780 2287 J
782 2223 942 2288 ohannem
969 2220 1118 2286 duximus
1135 2219 1204 2284 des-

84 2331 231 2398 tinandas.
249 2333 376 2400 Verum
393 2334 469 2416 quia
485 2331 595 2398 dilecti
610 2333 669 2397 filii
686 2331 810 2397 nobiles
827 2331 889 2394 viri
905 2327 1125 2397 Vasnhardus
1144 2327 1204 2392 Da-

84 2439 156 2522 piler
170 2439 279 2522 Miles,
297 2445 331 2507 et
345 2440 371 2507 J
373 2442 517 2508 ohannes
534 2439 694 2524 Magister
720 2439 933 2504 Forestorum
953 2437 1087 2503 Austris
1104 2435 1205 2500 domi-

85 2547 180 2630 cellus,
196 2547 455 2615 Ambaxiatores
471 2551 520 2615 tui
538 2550 652 2615 harum
668 2549 793 2614 latores
810 2547 852 2612 ad
869 2569 928 2612 nos
944 2545 1036 2612 missi
1053 2543 1204 2608 videntur

83 2657 214 2738 innuere,
226 2657 316 2743 quod
328 2665 475 2741 tempore
485 2679 629 2723 recessus
640 2661 851 2721 eorumatua
859 2655 1206 2738 presentiaignoraras

86 2771 229 2832 contenta
247 2767 284 2832 in
301 2768 423 2832 nostris
434 2767 553 2832 litteris
564 2765 751 2850 prelibatis;
769 2785 880 2828 eornm
891 2770 1037 2829 tenorem
1053 2760 1093 2826 de
1108 2758 1206 2826 verbo

85 2872 276 2942 adverbum
303 2876 459 2940 insertum
486 2873 689 2959 presentibus
715 2874 776 2939 tibi
802 2872 843 2937 de
868 2893 951 2937 nouo
977 2869 1207 2948 destimamus;

85 2984 312 3069 credimusque,
329 2983 417 3066 quod
443 3005 500 3067 per
524 2983 676 3048 deuotam
696 2980 855 3047 Ducslem
872 2979 1079 3064 prudentiam
1095 2981 1207 3040 tenore

85 3090 146 3175 ipso
160 3093 370 3158 considerato
386 3098 521 3174 mature,
538 3090 751 3157 contrahendi
773 3088 956 3155 huiusmodi
967 3084 1207 3152 matrimonium

85 3221 135 3282 per
158 3223 214 3266 nos
242 3200 445 3285 generaliter
471 3223 542 3267 cum
568 3199 760 3280 illustribus,
785 3197 825 3262 de
851 3198 967 3280 quibus
988 3193 1109 3270 existis,
1125 3191 1208 3255 iuste

85 3308 287 3390 prohibitum,
304 3308 427 3374 abicies
444 3309 656 3388 voluntatem,
673 3313 706 3371 et
721 3304 988 3390 permanentibus
1008 3297 1209 3386 grauissimis

85 3417 259 3482 excessibus
279 3417 358 3481 dieti
376 3413 506 3497 Galeas,
531 3415 618 3498 apud
635 3436 693 3479 nos
709 3435 769 3498 pro
787 3412 962 3478 obtinenda
986 3408 1120 3474 licentia
1136 3427 1209 3471 con·

85 3523 228 3591 trahendi
246 3547 322 3591 cum
339 3526 454 3591 eadem
470 3531 558 3606 nata,
573 3525 710 3590 ulterius
726 3545 790 3588 non
805 3520 959 3588 obstabis.
977 3520 1086 3585 Tsnor
1100 3522 1209 3583 autem

87 3631 243 3698 dictarum
260 3632 449 3700 litterarum
465 3641 650 3698 nostrarum
666 3632 743 3697 talis
761 3637 811 3696 est
827 3655 834 3694 :

185 3740 371 3823 Gregorius
395 3740 578 3825 Episcopus
604 3739 665 3804 stb.
692 3738 835 3805 Alberto
860 3737 948 3804 Duci
979 3733 1117 3802 Austris
1149 3732 1210 3797 stb.

87 3845 284 3928 (lbrstlrezik
302 3847 371 3915 XI.
388 3846 532 3932 Gergsly
552 3851 647 3915 1374.
665 3849 751 3932 april
769 3847 835 3911 s-ki
851 3845 961 3928 lescle,
981 3845 1063 3909 mint
1079 3838 1210 3906 lentebb

89 3959 133 4020 63.
150 3978 189 4021 sa.
205 3957 252 4042 a.)

186 4064 316 4130 Datum
348 4063 480 4130 Sallone
512 4061 719 4128 Arelatensis
750 4061 899 4127 Diocesis
931 4059 1029 4130 VIII.
1054 4055 1212 4124 kalendas

87 4169 172 4254 Iulii,
190 4172 415 4238 Pontificatus
431 4172 536 4237 nostri
553 4193 638 4236 anno
656 4178 784 4255 quarto.

196 4301 340 4364 (Eredetis
354 4299 539 4364 borhtrtyrtn,
553 4314 569 4348 a
583 4299 655 4350 bessi
670 4299 788 4348 massari
802 4297 890 4348 tltkos
903 4295 1097 4356 levtltitrban.)

572 4458 728 4471 ——o—-o—f-
