3172 5254
436 353 497 426 its
789 355 1023 423 urenonnoznr
1040 353 1207 422 emlinus.

434 538 616 606 Trinitatis,
640 536 792 603 Johanne
819 539 857 600 ‹le
884 536 1021 604 Vilior-io
1048 537 1160 602 Sancti
1178 537 1338 602 Simeonis
1356 537 1394 602 (lc
1411 518 1542 605 Veneriis

433 646 508 709 olim
526 645 649 710 domini
666 645 819 726 Anatolii,
836 645 1001 710 liudovico
1026 642 1212 708 Contareno
1230 643 1307 707 olim
1325 643 1442 709 domini
1460 645 1544 708 Fran·

435 754 511 820 cisci
529 751 642 818 Sancti
662 754 887 837 Appolinaris‚
903 752 928 817 J
930 752 1058 816 ohanne
1083 751 1189 817 Miani
1215 751 1293 816 olim
1320 752 1440 818 domini
1456 753 1542 817 Fran-

432 863 509 927 cisci
526 860 640 926 Sancti
659 860 790 941 Vitalis,
817 860 946 924 domino
964 859 1118 923 Johanne
1144 860 1183 923 de
1211 859 1367 925 Nordolis
1383 862 1423 924 de
1439 860 1543 924 Y'mole

437 967 644 1034 Cancellario
661 969 746 1033 dicte
758 967 909 1034 Civitatis
926 966 1021 1048 Arbi,
1032 974 1064 1032 et
1076 967 1223 1050 Zangelo
1241 967 1279 1032 sle
1297 967 1405 1032 Desco
1422 969 1461 1034 de
1473 966 1547 1032 Arbo

434 1076 574 1141 testibus
600 1076 726 1158 rogatis
751 1081 784 1140 et
809 1075 851 1165 ad
876 1075 935 1138 hec
953 1074 1139 1157 specialiter
1156 1075 1349 1157 conuocatis,
1366 1083 1397 1139 et
1415 1075 1483 1140 aliis
1498 1074 1544 1138 ibi·

432 1183 513 1249 dem.
541 1183 623 1249 Oum
650 1185 814 1270 Egregius
831 1190 864 1248 et
881 1183 1009 1266 sapiens
1028 1185 1076 1246 rir
1094 1183 1243 1247 dominus
1269 1183 1452 1249 Lodoricua
1471 1183 1543 1248 Lau·

432 1291 579 1372 redonus,
605 1313 687 1357 nnus
714 1313 753 1356 ex
769 1290 999 1355 Provisoribus
1027 1287 1165 1354 Armate
1181 1287 1403 1358 Veneoiarum
1419 1299 1450 1355 et
1465 1288 1546 1373 Capi·

432 1404 547 1464 taneos
573 1398 682 1464 decem
709 1401 875 1482 galearum
901 1405 1027 1464 armate
1049 1397 1237 1464 Communis
1253 1396 1469 1465 Veneciarum
1484 1419 1545 1461 ron·

433 1509 579 1592 stitutus²
596 1515 695 1591 prout
711 1515 848 1590 apparet
864 1511 896 1572 in
913 1507 1124 1590 infrascripto
1141 1509 1359 1573 instrumento
1378 1505 1548 1572 Siudioatus

431 1622 465 1680 et
481 1615 714 1694 Procuratorii,
729 1617 969 1698 comparuisset
989 1615 1108 1680 ibidem
1126 1637 1198 1678 eum
1216 1614 1313 1680 dictis
1331 1615 1441 1681 decem
1459 1613 1545 1698 galeis

430 1731 587 1806 tanquam
615 1723 776 1805 Sinnium,
803 1733 894 1790 actor
912 1723 1074 1788 sactorum
1100 1727 1307 1805 negociorum
1325 1723 1446 1788 domini
1462 1720 1549 1786 Ducis

430 1838 463 1896 et
488 1831 676 1898 Communis
702 1833 926 1913 Veneciarum
953 1839 1063 1916 gestor
1095 1855 1132 1897 ao
1158 1832 1345 1915 legiptimus
1374 1837 1549 1915 procurator

430 1961 501 2004 oum
526 1941 741 2005 instrumento
768 1939 907 2024 quodam
936 1939 1123 2005 Sindicatus
1140 1947 1173 2004 et
1191 1939 1414 2006 Procuratorii
1440 1941 1547 2022 scripto

430 2070 527 2112 rnanu
544 2047 635 2114 Steni
656 2049 713 2113 filii
732 2049 884 2114 Borllroli
903 2049 943 2113 de
961 2046 1062 2113 Stena
1086 2049 1204 2114 Sancte
1221 2049 1323 2114 Lucio
1339 2050 1379 2113 tle
1397 2048 1544 2118 Veneriis,

428 2155 560 2221 Publici
576 2155 742 2239 Imperiali
753 2157 947 2221 auctoritate
958 2156 1099 2238 Notarii,
1110 2179 1148 2222 ac
1159 2155 1299 2221 Notario
1316 2156 1437 2220 domini
1449 2153 1546 2221 Victo·

429 2264 474 2328 ris
499 2264 612 2328 Pisani
639 2287 697 2347 pro
723 2265 840 2330 Ducali
875 2265 1107 2330 Dominalione
1133 2264 1351 2331 Veneciarum
1385 2262 1545 2330 Generalis

430 2367 601 2455 Capitanei
628 2371 733 2436 Maris
760 2374 792 2436 in
818 2373 988 2437 millesimo
1010 2374 1237 2438 trecentesimo
1255 2373 1490 2456 septuagesimo
1505 2392 1548 2434 oc·

429 2487 502 2543 lavo
518 2479 695 2543 indictione
711 2482 818 2563 prima
845 2482 963 2545 mensis
984 2479 1179 2546 Nouembris
1196 2479 1248 2546 die
1265 2482 1403 2564 septimo
1421 2481 1452 2544 in
1468 2477 1548 2561 aquis

429 2588 534 2653 Jadre
544 2589 629 2673 apud
639 2590 664 2656 J
666 2587 779 2655 adram
791 2611 887 2673 super
898 2589 994 2673 galea
1005 2591 1165 2656 armizala
1182 2589 1223 2655 ad
1242 2590 1363 2656 ferrum
1375 2589 1506 2673 Egregii
1519 2595 1547 2648 et

430 2699 571 2781 potentis
588 2698 650 2761 riri
666 2697 788 2762 domini
805 2696 952 2764 Victoris
971 2698 1095 2778 Pisani,
1111 2718 1171 2782 pro
1188 2697 1307 2764 Ducali
1324 2697 1477 2763 Dominio
1494 2693 1548 2761 Ve·

429 2807 594 2871 neeiarum
606 2807 814 2872 honorandus
825 2805 1024 2889 Capitanens
1034 2803 1205 2871 Generalis
1217 2806 1331 2886 Maris,
1348 2807 1435 2871 inter
1450 2809 1546 2869 cetera

430 2919 606 2998 continens,
624 2915 765 2997 qualiter
780 2916 943 2998 predictus
962 2916 1111 2981 dominus
1128 2915 1246 2982 Victor
1264 2915 1378 2980 Pisani
1394 2914 1546 2998 predictus

429 3021 630 3106 Capitonens
657 3022 829 3091 Generalis
856 3023 970 3104 Meris,
996 3022 1147 3089 (lominus
1174 3022 1355 3088 Penthaleo
1375 3021 1502 3088 Barbas
1517 3025 1547 3082 et

430 3129 611 3196 Lodovicus
627 3131 831 3212 lauredann
848 3131 1037 3199 Prorisores
1055 3153 1151 3215 super
1161 3131 1247 3197 felici
1265 3136 1393 3195 arrunte
1410 3129 1550 3196 Commu·

429 3241 478 3304 nie
495 3235 711 3305 Veneciarum
729 3262 789 3322 pro
806 3241 877 3322 ipsa
892 3238 1012 3305 Ducali
1028 3237 1262 3304 Dominatione
1278 3236 1500 3315 Veneciarum,
1514 3257 1549 3300 ac

430 3345 580 3412 domiuus
606 3346 752 3412 Jacobus
778 3347 941 3430 Delphino
967 3347 1074 3431 Miles,
1098 3353 1132 3413 et
1149 3347 1268 3412 Petrus
1285 3345 1479 3427 Gradenico,
1494 3365 1548 3427 pro

428 3454 541 3520 eadem
568 3455 799 3521 Dominatione
825 3455 1043 3522 Veneciarum
1070 3455 1252 3539 Capitonei.
1279 3461 1417 3539 agentes
1434 3454 1551 3518 nomine

428 3568 461 3625 et
486 3563 552 3628 vice
581 3564 701 3630 domini
726 3564 828 3629 Ducis
855 3572 887 3630 ot
914 3563 1102 3629 Communis
1129 3564 1355 3646 Veneciarum,
1382 3566 1501 3628 virtute
1524 3567 1553 3623 et

429 3675 637 3756 auctoritate,
663 3695 759 3756 quam
784 3672 907 3738 habent
924 3695 944 3739 a
959 3672 1078 3738 Ducali
1095 3671 1315 3738 dominatione
1340 3670 1551 3740 Veneriorum

429 3784 498 3843 tam
509 3781 630 3845 virtute
648 3779 905 3846 commissionum
923 3781 1064 3864 ipsorum
1083 3779 1283 3844 donrinornru
1303 3778 1552 3863 Capitoneorum

428 3893 459 3951 ot
491 3881 727 3970 Prorisornm,
774 3910 871 3972 qnam
903 3887 1040 3953 alterius
1072 3889 1302 3973 cuiuscumque
1333 3888 1481 3954 mandati
1510 3883 1554 3948 rol

427 3995 588 4060 ducalium
621 3995 805 4060 litterarum
838 3995 987 4060 omnibus
1018 3995 1123 4076 modo,
1155 3997 1206 4060 via
1237 4003 1270 4060 et
1295 3997 1365 4061 iure
1392 4003 1422 4060 et
1448 3995 1556 4072 forma

428 4103 545 4186 quibus
571 4104 684 4168 melius
711 4104 863 4168 sciuerint
889 4111 921 4168 et
947 4105 1123 4188 potuerint,
1150 4112 1216 4168 tam
1245 4101 1284 4168 (le
1311 4105 1382 4168 iure
1408 4125 1504 4188 quam
1521 4100 1556 4165 ‹le

427 4210 659 4276 consuetudine
692 4209 911 4294 quarumlibet
938 4209 1115 4276 Civitatum
1152 4218 1186 4275 et
1217 4211 1375 4293 locorum,
1409 4210 1558 4288 lecerunt,

426 4326 625 4400 creaverunt,
652 4323 898 4400 constituerunt,
931 4319 1161 4386 ordinaverunt
1195 4341 1285 4384 suum
1319 4341 1374 4384 seu
1402 4319 1482 4385 dicti
1507 4319 1557 4384 do·

427 4427 504 4490 mini
530 4427 633 4492 Ducis
662 4433 695 4492 et
722 4425 908 4492 Communis
944 4427 1161 4495 Veneciarum
1190 4425 1368 4508 Sindicum,
1405 4434 1558 4505 actorem,

427 4530 583 4600 factorem
627 4537 830 4620 negociorum
872 4536 993 4602 domini
1030 4536 1132 4600 Ducis
1169 4533 1388 4602 Veneriorum
1428 4545 1461 4600 et
1493 4535 1559 4602 eius
