3226 5254
615 329 709 398 1380.

620 532 692 592 110.

8 689 10 792 i
90 690 224 776 Spiaolo
241 692 423 756 Boldr‘zsdr
440 693 473 756 c's
488 692 595 757 Jctnoc
611 691 733 754 croccoi
749 691 880 754 bannale
897 716 917 755 a
926 691 1083 778 floreaczr'
1097 692 1225 757 tuerer.

540 802 645 885 susdy.
672 798 768 862 1380.

196 959 341 1024 Domino
357 958 576 1024 Baldassarro
602 957 738 1042 Spinolo
756 965 790 1022 et
805 957 936 1024 domino
952 959 1098 1026 Johanui
1116 961 1223 1027 Bano.

8 1143 10 1152 y
195 1064 327 1130 Nobilis
352 1066 454 1132 amice
479 1065 658 1132 karissime.
683 1064 832 1130 Maxima
856 1066 1010 1131 mentium
1032 1072 1219 1133 nostrarum

8 1163 10 1258 l
87 1171 308 1240 admiratione
335 1175 416 1239 serie
432 1181 614 1240 vestrarum
629 1173 816 1238 litterarum
827 1176 1017 1257 accepimus
1035 1175 1123 1258 quod
1139 1199 1221 1260 gens

8 1327 9 1332 η
88 1278 298 1365 lingarcrum
324 1283 529 1350 serenissimi
555 1281 718 1366 Principis
745 1289 778 1347 et
804 1283 938 1347 Domini
964 1285 1067 1349 nostri
1098 1284 1221 1350 domini

8 1427 10 1474 3
85 1387 187 1472 Regis
198 1389 355 1474 Ungaria,
372 1396 408 1455 ut
423 1389 466 1454 ad
477 1388 810 1456 fratrumnostrorum
827 1390 949 1457 auxilia
964 1391 1219 1475 proficiscantur

8 1477 10 1582 f
86 1496 182 1590 debet
198 1501 232 1564 iu
249 1500 613 1584 nostrumterritorium
628 1499 842 1582 pertransire.
854 1499 941 1565 Nam
958 1501 1042 1566 sicut
1056 1523 1116 1585 per
1131 1500 1222 1566 litte-

86 1627 139 1671 ras
155 1606 277 1690 pretati
293 1606 415 1672 domini
440 1605 551 1690 Regis,
578 1629 617 1673 ac
643 1607 814 1672 clarissimi
830 1607 995 1690 Principis
1011 1608 1134 1673 domini
1149 1606 1219 1674 Ka·

85 1716 146 1780 roli
172 1715 212 1780 de
237 1715 403 1798 Dyrachio
430 1715 626 1797 declaratur,
650 1723 762 1799 gentes
781 1715 885 1798 Regio
910 1722 1023 1782 nostra
1048 1717 1217 1781 territoria

8 1817 10 1872 l
85 1844 150 1888 non
167 1822 290 1889 debent
305 1825 447 1905 intrarc3
472 1830 505 1888 et
522 1824 562 1890 ob
578 1823 612 1887 icl
630 1824 794 1905 miramur,
810 1824 898 1908 quod
915 1824 1120 1891 ordinatione
1136 1827 1221 1891 tanti

8 2015 9 2018 Ἴ
87 1932 253 2018 Principis
271 1934 318 2000 sic
333 1933 491 2018 neglecta,
506 1935 569 1999 iter
587 1935 673 1999 intra
690 1940 818 1999 nostros
834 1934 955 2001 limites
966 1936 1116 2018 eligatur,
1133 1934 1221 2017 quod

8 2019 10 2100 ἶ
87 2044 188 2107 etiarn
205 2040 363 2107 veniendo
388 2043 431 2106 ad
452 2040 649 2108 destinatum
666 2044 772 2106 locum
789 2063 853 2107 non
870 2048 1023 2126 oporteat
1039 2043 1219 2108 observare.

87 2147 252 2214 Miramur
269 2151 375 2231 ctiam,
401 2149 488 2233 quod
515 2148 556 2214 ad
573 2148 733 2233 plurimos
750 2151 1030 2216 circumstantium
1046 2150 1145 2216 luerit
1161 2171 1219 2234 per

8 2319 10 2330 ,
85 2277 142 2322 ros
157 2259 324 2340 scriptum,
351 2255 438 2340 quod
462 2279 482 2322 a
506 2264 617 2324 nostro
635 2254 807 2323 Communi
823 2261 1001 2325 transitum
1017 2259 1222 2351 postulastis,

86 2386 182 2448 super
208 2387 273 2448 quo
300 2385 465 2448 nunquam
491 2371 616 2430 vestras
642 2365 692 2430 vel
717 2365 853 2431 alterius
883 2366 1013 2432 litteras
1031 2387 1090 2431 nos
1106 2365 1221 2431 recoli·

8 2545 9 2548 Ἴ
86 2493 157 2536 mus
173 2472 345 2555 recepisse,
362 2493 401 2536 ex
418 2493 482 2554 quo
500 2473 716 2555 suspicionem
733 2494 798 2538 non
813 2473 973 2540 modicam
989 2473 1155 2539 intulistis.
1176 2473 1223 2538 Et

8 2605 11 2668 ᾗ,
87 2579 126 2644 ob
145 2579 178 2644 id
195 2577 227 2642 N
230 2577 411 2645 obilitatem
428 2578 583 2646 Vestram
599 2601 638 2644 ex
654 2588 748 2664 parte
764 2579 868 2664 Regie
888 2580 1086 2666 Majestatis,
1102 2587 1138 2646 ut
1154 2580 1222 2646 eius

8 2673 10 2712 ³
88 2687 303 2752 obsem'entur
320 2687 438 2767 littere,
454 2688 650 2770 requirimus
676 2693 707 2753 et
732 2709 896 2771 rogamus,
916 2693 1078 2773 quatenus
1093 2688 1223 2773 placeat

88 2795 200 2861 taliter
216 2794 380 2876 ordinare,
397 2794 484 2879 quod
511 2801 625 2860 contra
642 2817 698 2861 seu
715 2803 826 2880 preter
845 2795 949 2880 Regis
966 2795 1160 2863 Serenitatis
1175 2796 1223 2860 in-

89 2902 190 2984 dulta,
215 2908 331 2968 nostra
353 2903 538 2988 jurisdictio
563 2925 622 2988 per
642 2909 756 2987 gentes
773 2903 958 2971 huiusmodi
973 2926 1038 2970 non
1054 2908 1220 2988 tangatur.

89 3012 175 3076 Nam
193 3011 341 3093 quamvis
358 3010 490 3093 pacifice
507 3010 636 3090 uellent,
653 3018 690 3076 ut
706 3013 872 3091 asseritur,
899 3011 1222 3096 pertransireprop·

8 3177 10 3216 =
88 3124 139 3183 ter
156 3116 276 3184 damna
293 3124 431 3200 tantum,
448 3141 468 3184 a
484 3119 599 3202 quibus
616 3121 717 3184 nescit
733 3119 887 3186 militaris
903 3119 1037 3184 lascivia
1047 3119 1222 3198 continere,

8 3219 10 3304 l
90 3230 197 3307 posset
213 3227 293 3291 oriri
310 3225 501 3291 scandalum
527 3225 617 3291 robis
644 3233 676 3290 et
698 3226 791 3292 uobis
816 3232 884 3291 tarn
902 3224 1102 3308 displicibile,
1119 3245 1218 3307 quarn

8 3329 10 3396 3
89 3333 267 3399 molestum.
291 3331 383 3399 Data
408 3332 576 3399 Florentio
602 3335 653 3400 die
679 3334 783 3400 XIII.
809 3332 1008 3418 Septembris
1034 3333 1100 3398 ΙΙΙ.
1121 3330 1219 3398 indic·

93 3440 179 3505 tione
196 3439 447 3506 MOOLXXX.

8 3579 10 3640 l
91 3579 213 3648 (Eredeti
226 3585 443 3649 sogalmazvtny
459 3601 475 3634 a
490 3587 627 3654 ›Signori,
642 3585 796 3650 Carteggie,
811 3585 941 3634 Missive«
957 3585 1008 3634 stb.
1023 3585 1132 3649 osztsly
1144 3584 1221 3634 XIX.

8 3663 10 3690 ³
268 3673 422 3738 kttegtben
436 3679 479 3726 42.
493 3691 530 3726 sz.
545 3692 579 3740 a,
594 3693 610 3726 a
623 3677 753 3727 florenczi
765 3689 841 3740 nagy
854 3674 1043 3736 lertlttrban.)

625 3967 697 4030 171.

8 4149 10 4168 ’
126 4127 247 4193 Vilmos
258 4130 355 4215 pytrc‘
367 4127 552 4213 puspolcnes
569 4151 590 4192 a
598 4127 751 4214 floreaczi
767 4127 1054 4214 lcormrtaytanrtcs.
1082 4127 1179 4191 1380.

307 4288 476 4372 Episcopo
493 4285 517 4351 J
519 4287 670 4352 auriensi.

199 4392 392 4462 Reverendo
409 4393 442 4459 in
459 4391 593 4459 Christo
609 4394 721 4460 Pater.
736 4396 821 4461 Ecce
838 4394 926 4478 quod
941 4395 1142 4478 postulatum
1160 4394 1224 4459 sal·

101 4521 167 4568 rum
184 4505 381 4569 conductum
398 4503 487 4568 vobis
504 4503 596 4568 iuxta
611 4502 829 4570 Paternitatis
839 4502 963 4572 Vestro
979 4502 1108 4566 litteras
1125 4499 1224 4566 desti·

139 4641 200 4678 uos.
219 4642 299 4678 anne.
316 4641 384 4676 urar.
401 4651 444 4660 —
462 4640 529 4676 scra
546 4642 609 4678 uxr.
625 4643 663 4676 ru.
1073 4611 1115 4674 23
