3134 5254
557 475 653 540 1379.
1110 478 1168 542 241

18 713 19 726 ἢ
63 645 108 710 ille
123 646 219 714 frater
234 648 432 716 Benedictus
457 651 499 716 ad
525 651 660 716 eandem
686 673 802 735 penam
819 675 877 737 per
892 655 918 722 J
919 655 1046 721 adicem
1063 663 1096 721 et
1113 656 1173 724 Su·

18 739 21 800 l
61 756 201 835 periorem
217 781 324 840 suum3
341 767 375 824 et
384 759 458 824 ideo
469 759 560 825 salva
576 762 759 826 reverentia
769 763 922 847 ipsorum,
933 786 998 829 nou
1009 765 1174 832 debebant

59 862 99 926 illi
114 866 245 948 capitulo
262 867 370 932 facere
387 868 487 933 talem
514 868 797 950 modificationem,
815 892 874 936 neo
890 871 970 938 dare
986 859 1081 939 aures
1097 876 1171 940 tali·

18 1053 20 1068 >
59 969 110 1034 bus
124 971 240 1038 delictis
267 981 300 1040 et
326 975 371 1040 sio
396 975 589 1042 enormibus.
615 979 702 1044 Nam
724 999 763 1042 ex
779 979 934 1061 petitione
950 979 1012 1064 ipsi
1027 981 1170 1047 Domino

18 1069 21 1202 l
58 1077 157 1144 Padue
171 1079 258 1145 facta
274 1082 315 1147 de
331 1083 486 1166 predictis
514 1083 693 1148 clarissime
719 1085 904 1168 apparebat
919 1087 1071 1153 delictum
1088 1091 1172 1173 ipso·

18 1205 20 1264 v
57 1207 133 1269 rum;
155 1190 230 1271 quia
255 1197 314 1254 aut
341 1193 542 1256 serviverant
567 1191 630 1256 sibi
656 1197 732 1256 tuno
756 1195 919 1276 temporis,
937 1201 970 1260 et
986 1195 1047 1260 hoc
1063 1195 1171 1262 facere

18 1267 20 1376 l
56 1314 108 1357 nou
123 1302 295 1378 potueruut
320 1299 442 1382 absque
467 1299 652 1383 proditione
679 1296 878 1386 Communis,
895 1307 928 1366 et
944 1303 990 1368 sic
1007 1310 1171 1370 merentur

18 1399 20 1498 ζ
55 1403 142 1470 multo
156 1408 313 1492 majorem
338 1429 474 1492 penam;
498 1409 524 1473 ei
542 1431 619 1474 vero
644 1430 708 1474 uon
734 1411 936 1476 serviverant
951 1412 991 1496 ei,
1008 1414 1077 1496 ipse
1103 1433 1169 1477 nou

56 1511 140 1578 hebet
155 1536 285 1583 causam
301 1517 433 1601 petendi
450 1539 515 1597 eos,
542 1539 614 1582 cum
630 1519 691 1601 ipsi
709 1517 774 1582 sint
792 1516 885 1584 Cives
900 1518 1114 1592 Veuetiaruru
1130 1543 1169 1588 ao

56 1619 183 1705 Nobiles,
201 1629 233 1689 et
251 1625 292 1690 de
308 1625 387 1708 ipsis
403 1624 503 1690 nichil
520 1625 649 1692 omnino
676 1625 783 1692 facere
799 1626 906 1691 habet.
923 1626 1028 1712 Super
1045 1629 1170 1695 modifi-

55 1732 164 1794 catione
188 1735 266 1797 noui
292 1733 427 1816 capituli
452 1732 586 1799 Andree
619 1732 783 1816 Zaparolo
814 1735 1048 1818 respondimus,
1080 1736 1168 1819 quod

53 1835 118 1900 illud
134 1838 211 1921 quid
227 1839 350 1904 facturn
368 1840 431 1905 fuit
446 1845 562 1906 contra
577 1861 660 1921 eum,
677 1841 739 1906 fuit
754 1840 876 1906 factum
893 1843 1068 1908 secundum
1079 1846 1166 1910 ordi-

18 1927 20 2038 ξ
54 1963 98 2007 res
112 1952 212 2028 terre,
236 1954 270 2013 et
287 1949 312 2012 si
330 1954 419 2013 tenet
444 1969 478 2014 se
504 1955 685 2032 gravatum,
710 1949 811 2015 habet
826 1951 1004 2016 remedium
1022 1952 1169 2036 appella-

18 2039 20 2092 3
52 2051 142 2136 tionis,
157 2077 215 2120 uec
231 2065 283 2121 est
299 2077 428 2123 necesse
454 2058 489 2121 in
513 2057 602 2122 dioto
618 2079 695 2122 casu
713 2058 803 2123 adire
817 2057 974 2143 judicium
992 2059 1167 2142 Beronum,

51 2179 108 2226 rum
131 2165 163 2228 iu
188 2166 343 2250 Venetije
369 2187 498 2250 semper
522 2167 670 2231 omnibus
696 2165 854 2249 equaliter
880 2174 914 2233 et
940 2166 1164 2233 indifferenter

52 2265 157 2335 inomni
171 2272 242 2353 fuit,
260 2280 294 2340 et
319 2272 477 2339 cottidere
502 2273 540 2338 fit
565 2273 715 2340 omnibus
735 2275 819 2358 juris
835 2281 868 2339 et
879 2275 1010 2359 justicie
1027 2276 1166 2360 comple·

18 2387 20 2444 j
50 2383 185 2446 neutum.
210 2378 321 2464 Super
345 2379 576 2446 reformatione
602 2381 718 2446 decimi
755 2381 890 2465 capituli
916 2382 955 2447 de
983 2381 1165 2450 Oav'arcere

50 2480 120 2571 (lgr)
142 2489 380 2573 respondimus,
406 2489 494 2573 quod
520 2510 630 2554 eorum
656 2489 849 2554 reformatio
876 2496 948 2555 erat
961 2490 1111 2573 juridica,
1132 2501 1165 2558 et

48 2591 183 2672 placebut
198 2599 307 2664 uobis.
324 2596 430 2681 Super
445 2597 675 2664 reformatione
699 2597 860 2663 undecimi
877 2599 1011 2684 capituli
1028 2599 1164 2684 dicente,

18 2763 19 2766 ,
48 2699 234 2770 undecimum
251 2705 433 2789 capitulum
448 2706 644 2771 rationabile
660 2706 974 2788 est,etobservetur;
994 2707 1163 2791 respoudi-

47 2827 112 2891 mus,
127 2813 210 2894 quod
227 2814 321 2879 salua
337 2835 449 2880 eorum
465 2817 656 2894 reverentia,
672 2835 783 2880 eorum
799 2814 990 2880 reformatio
1002 2838 1065 2880 uon
1084 2817 1162 2882 bene

18 2903 20 2940 ³
47 2917 148 3000 stabat,
172 2943 232 2987 uec
257 2929 332 2988 erat
353 2923 506 3007 juridica,
522 2943 582 2988 neo
598 2923 792 2988 videbantur
808 2921 961 2989 habuisse
979 2923 1099 2990 bonam
1117 2926 1163 2990 in-

18 3045 19 3048 *
46 3022 258 3095 formationem
286 3029 327 3095 de
351 3029 439 3096 facto
456 3030 612 3113 predicto.
637 3029 725 3095 Nam
740 3030 862 3094 factum
879 3031 927 3096 ita
943 3052 978 3094 se
993 3030 1162 3097 habebat:

19 3183 20 3186 η
46 3134 110 3214 quia
124 3136 199 3202 dum
216 3139 288 3222 ipse
305 3138 454 3205 domiuus
480 3137 678 3203 Francisous
704 3139 811 3204 Docto
828 3138 959 3202 citasset
975 3159 1085 3203 coram
1100 3137 1125 3201 J
1126 3161 1161 3202 u-

18 3229 20 3300 ἰ
45 3240 154 3310 dicibus
169 3244 387 3312 Venetiarum
414 3247 514 3312 alium
539 3244 701 3311 forensem
718 3253 869 3311 vocatum
888 3244 1068 3328 Spinellum
1085 3267 1160 3310 con-

18 3377 23 3454 ζ
44 3350 105 3417 darn
121 3351 194 3419 Loti
211 3356 252 3421 de
269 3354 303 3419 la
318 3353 435 3436 Maza;
459 3357 528 3438 ipse
545 3353 694 3419 domiuus
708 3353 906 3419 Franciscus
923 3375 943 3417 a
959 3352 1056 3419 dictis
1066 3353 1161 3420 Judi-

18 3457 21 3472 ¹
45 3459 121 3526 cibus
136 3462 278 3528 obtinuit
295 3464 487 3529 seutentiam
505 3468 619 3527 contra
635 3461 739 3544 ipsum
758 3459 947 3544 Spiuellum,
964 3463 1020 3544 qui
1037 3459 1160 3544 Spiuel-

42 3567 84 3632 lus
98 3571 276 3656 appellavit
291 3571 333 3636 ad
349 3568 485 3636 Judioee
500 3567 780 3652 Appellationum,
797 3574 830 3631 et
846 3588 903 3649 por
919 3568 1007 3650 ipsos
1022 3569 1047 3634 J
1050 3567 1159 3633 udices

18 3743 21 3762 ‚
46 3673 311 3764 Appellatiouum,
321 3681 442 3745 auditis
451 3681 476 3745 J
478 3677 634 3758 udicibus,
650 3679 706 3760 qui
718 3675 879 3741 dederuut
894 3676 1015 3741 dictam
1032 3683 1160 3742 senten-

18 3763 23 3886 ξ
43 3785 119 3869 tiam,
133 3795 166 3853 et
179 3787 312 3874 juribus
328 3789 470 3871 partium
487 3787 521 3851 in
539 3782 684 3850 Consilio
704 3782 855 3850 ordinato
866 3784 1040 3849 secuudum
1051 3806 1158 3850 mores

18 3887 21 3962 l
42 3885 253 3982 venetiarum,
279 3899 351 3982 ipsa
376 3895 536 3962 sententia
562 3899 713 3959 revocata
730 3894 792 3957 fuit
809 3898 963 3976 tanquam
989 3893 1109 3978 injuste
1125 3899 1159 3958 et

18 3981 20 4110 l
40 3999 167 4072 indebite
182 4007 255 4071 lata
270 4027 330 4088 per
344 4005 467 4088 primos
491 4002 515 4067 J
517 4001 628 4066 udices
644 3999 848 4082 Ordinarios,
864 4006 896 4064 et
912 4021 977 4065 nou
994 4001 1072 4082 quia
1088 4001 1157 4084 ipse

18 4107 174 4178 'domiuus
205 4113 402 4179 Franciscus
434 4111 534 4176 fuerit
564 4108 735 4174 familiaris
765 4108 900 4173 Domini
933 4107 1063 4190 Padue3
1097 4131 1157 4174 nec

41 4219 125 4286 etiarn
143 4224 220 4304 quia
238 4244 271 4287 se
289 4221 365 4286 fecit
381 4219 450 4284 fiori
476 4219 610 4284 militem
628 4217 661 4281 iu
678 4216 830 4282 conflictu
846 4223 967 4298 nostro,
983 4223 1020 4280 ut
1036 4216 1070 4280 in
1086 4217 1156 4300 ipso

36 4329 169 4410 capitulo
193 4331 389 4395 continetur.
412 4327 459 4391 Et-
484 4327 570 4409 quod
595 4327 655 4392 hoc
681 4326 724 4390 sit
740 4347 859 4406 verum,
876 4329 966 4408 patet
982 4323 1156 4408 evidenter,

42 4437 108 4515 quia
121 4439 215 4521 primi
231 4437 368 4505 Judices
385 4434 562 4518 Ordinarij,
578 4435 604 4498 si
621 4433 811 4500 habuissent
827 4438 1009 4515 respectum
1026 4431 1155 4514 predic·

40 4548 108 4625 tum,
122 4569 185 4610 nou
201 4546 366 4610 dedissent
383 4543 578 4610 seutentiam
594 4542 628 4605 in
644 4539 785 4608 favorem
802 4541 904 4623 ipsius
915 4539 1038 4602 domini
1049 4538 1155 4604 Fran-

41 4654 114 4734 cisci,
131 4662 166 4720 ut
181 4655 345 4736 fecerunt;
371 4653 427 4718 sed
455 4651 534 4717 moti
560 4651 756 4716 couscientia
772 4671 830 4714 sua
846 4646 1083 4728 lactearum,
1108 4649 1155 4712 sic

77 4791 136 4828 noa.
149 4793 232 4830 nuso.
247 4793 315 4828 nior.
330 4801 373 4812 -
390 4791 459 4826 acra
475 4789 536 4824 uxr.
553 4789 591 4824 ru.
1004 4759 1043 4830 16
