<?xml version="1.0" encoding="UTF-8"?>
<!DOCTYPE html PUBLIC "-//W3C//DTD XHTML 1.0 Transitional//EN"
    "http://www.w3.org/TR/xhtml1/DTD/xhtml1-transitional.dtd">
<html xmlns="http://www.w3.org/1999/xhtml" xml:lang="en" lang="en">
 <head>
  <title>
</title>
<meta http-equiv="Content-Type" content="text/html;charset=utf-8" />
  <meta name='ocr-system' content='tesseract 3.04.00' />
  <meta name='ocr-capabilities' content='ocr_page ocr_carea ocr_par ocr_line ocrx_word'/>
</head>
<body>
  <div class='ocr_page' id='page_1' title='image "./magyardiplomacz00wenzgoog_0775.png"; bbox 0 0 3248 5242; ppageno 0'>
   <div class='ocr_carea' id='block_1_1' title="bbox 652 491 1265 566">
    <p class='ocr_par' dir='ltr' id='par_1_1' title="bbox 652 491 1265 566">
     <span class='ocr_line' id='line_1_1' title="bbox 652 491 1265 566; baseline -0.003 0"><span class='ocrx_word' id='word_1_1' title='bbox 652 505 746 566; x_wconf 73' lang='lat'>1394.</span> <span class='ocrx_word' id='word_1_2' title='bbox 1201 491 1265 566; x_wconf 75' lang='lat'>755</span> 
     </span>
    </p>
   </div>
   <div class='ocr_carea' id='block_1_2' title="bbox 128 677 1269 1841">
    <p class='ocr_par' dir='ltr' id='par_1_2' title="bbox 128 677 1269 1841">
     <span class='ocr_line' id='line_1_2' title="bbox 132 677 1269 764; baseline 0.009 -30"><span class='ocrx_word' id='word_1_3' title='bbox 132 677 245 736; x_wconf 89' lang='lat' dir='ltr'>autern</span> <span class='ocrx_word' id='word_1_4' title='bbox 262 681 451 758; x_wconf 79' lang='lat' dir='ltr'>compareat</span> <span class='ocrx_word' id='word_1_5' title='bbox 467 677 600 759; x_wconf 89' lang='lat' dir='ltr'>quidam</span> <span class='ocrx_word' id='word_1_6' title='bbox 625 679 753 764; x_wconf 88' lang='lat' dir='ltr'>nobilis,</span> <span class='ocrx_word' id='word_1_7' title='bbox 769 679 826 761; x_wconf 86' lang='lat' dir='ltr'>qai</span> <span class='ocrx_word' id='word_1_8' title='bbox 846 680 928 763; x_wconf 85' lang='lat' dir='ltr'>petit</span> <span class='ocrx_word' id='word_1_9' title='bbox 944 679 1126 763; x_wconf 87' lang='lat' dir='ltr'>depositum</span> <span class='ocrx_word' id='word_1_10' title='bbox 1143 678 1269 762; x_wconf 89' lang='lat' dir='ltr'>predic·</span> 
     </span>
     <span class='ocr_line' id='line_1_3' title="bbox 131 783 1267 872; baseline 0.009 -31"><span class='ocrx_word' id='word_1_11' title='bbox 131 787 203 842; x_wconf 86' lang='lat' dir='ltr'>tum</span> <span class='ocrx_word' id='word_1_12' title='bbox 220 785 253 845; x_wconf 89' lang='lat' dir='ltr'>et</span> <span class='ocrx_word' id='word_1_13' title='bbox 268 783 369 865; x_wconf 85' lang='lat' dir='ltr'>prode</span> <span class='ocrx_word' id='word_1_14' title='bbox 396 806 497 870; x_wconf 90' lang='lat' dir='ltr'>suum,</span> <span class='ocrx_word' id='word_1_15' title='bbox 523 789 663 870; x_wconf 87' lang='lat' dir='ltr'>probare</span> <span class='ocrx_word' id='word_1_16' title='bbox 690 809 723 852; x_wconf 87' lang='lat' dir='ltr'>se</span> <span class='ocrx_word' id='word_1_17' title='bbox 750 787 898 870; x_wconf 84' lang='lat' dir='ltr'>offerens,</span> <span class='ocrx_word' id='word_1_18' title='bbox 924 787 1070 872; x_wconf 82' lang='lat' dir='ltr'>qualiter</span> <span class='ocrx_word' id='word_1_19' title='bbox 1094 787 1136 853; x_wconf 88' lang='lat' dir='ltr'>ad</span> <span class='ocrx_word' id='word_1_20' title='bbox 1161 789 1267 871; x_wconf 85' lang='lat' dir='ltr'>ipsurn</span> 
     </span>
     <span class='ocr_line' id='line_1_4' title="bbox 131 890 1267 978; baseline 0.004 -26"><span class='ocrx_word' id='word_1_21' title='bbox 131 892 260 972; x_wconf 87' lang='lat' dir='ltr'>spectat</span> <span class='ocrx_word' id='word_1_22' title='bbox 275 891 414 972; x_wconf 90' lang='lat' dir='ltr'>pecunia</span> <span class='ocrx_word' id='word_1_23' title='bbox 439 892 671 977; x_wconf 88' lang='lat' dir='ltr'>suprascripta.</span> <span class='ocrx_word' id='word_1_24' title='bbox 699 892 802 960; x_wconf 84' lang='lat' dir='ltr'>Vadit</span> <span class='ocrx_word' id='word_1_25' title='bbox 818 915 912 978; x_wconf 86' lang='lat' dir='ltr'>pars:</span> <span class='ocrx_word' id='word_1_26' title='bbox 931 890 1014 958; x_wconf 85' lang='lat' dir='ltr'>Cum</span> <span class='ocrx_word' id='word_1_27' title='bbox 1031 894 1074 957; x_wconf 92' lang='lat' dir='ltr'>sit</span> <span class='ocrx_word' id='word_1_28' title='bbox 1089 893 1267 958; x_wconf 90' lang='lat' dir='ltr'>secundum</span> 
     </span>
     <span class='ocr_line' id='line_1_5' title="bbox 128 997 1269 1084; baseline 0.004 -24"><span class='ocrx_word' id='word_1_29' title='bbox 128 997 285 1061; x_wconf 88' lang='lat' dir='ltr'>honorem</span> <span class='ocrx_word' id='word_1_30' title='bbox 319 999 425 1062; x_wconf 86' lang='lat' dir='ltr'>nostri</span> <span class='ocrx_word' id='word_1_31' title='bbox 460 998 650 1065; x_wconf 85' lang='lat' dir='ltr'>Communis</span> <span class='ocrx_word' id='word_1_32' title='bbox 675 1001 847 1084; x_wconf 87' lang='lat' dir='ltr'>unicuique</span> <span class='ocrx_word' id='word_1_33' title='bbox 877 1001 1040 1084; x_wconf 88' lang='lat' dir='ltr'>justitiam</span> <span class='ocrx_word' id='word_1_34' title='bbox 1070 1000 1269 1079; x_wconf 87' lang='lat' dir='ltr'>ministrare,</span> 
     </span>
     <span class='ocr_line' id='line_1_6' title="bbox 131 1105 1268 1192; baseline 0.004 -24"><span class='ocrx_word' id='word_1_35' title='bbox 131 1105 220 1187; x_wconf 90' lang='lat' dir='ltr'>quod</span> <span class='ocrx_word' id='word_1_36' title='bbox 238 1107 463 1172; x_wconf 89' lang='lat' dir='ltr'>committalus</span> <span class='ocrx_word' id='word_1_37' title='bbox 490 1108 696 1175; x_wconf 87' lang='lat' dir='ltr'>Officialibus</span> <span class='ocrx_word' id='word_1_38' title='bbox 712 1110 833 1173; x_wconf 91' lang='lat' dir='ltr'>nostris</span> <span class='ocrx_word' id='word_1_39' title='bbox 860 1105 1040 1192; x_wconf 86' lang='lat' dir='ltr'>Frumenti,</span> <span class='ocrx_word' id='word_1_40' title='bbox 1057 1107 1142 1192; x_wconf 90' lang='lat' dir='ltr'>quod</span> <span class='ocrx_word' id='word_1_41' title='bbox 1160 1109 1268 1173; x_wconf 85' lang='lat' dir='ltr'>viden·</span> 
     </span>
     <span class='ocr_line' id='line_1_7' title="bbox 129 1213 1269 1300; baseline 0.002 -22"><span class='ocrx_word' id='word_1_42' title='bbox 129 1213 221 1278; x_wconf 89' lang='lat' dir='ltr'>tibus</span> <span class='ocrx_word' id='word_1_43' title='bbox 239 1213 303 1278; x_wconf 94' lang='lat' dir='ltr'>illis</span> <span class='ocrx_word' id='word_1_44' title='bbox 321 1223 352 1278; x_wconf 84' lang='lat' dir='ltr'>at</span> <span class='ocrx_word' id='word_1_45' title='bbox 371 1215 570 1281; x_wconf 83' lang='lat' dir='ltr'>habentibus</span> <span class='ocrx_word' id='word_1_46' title='bbox 587 1216 781 1282; x_wconf 82' lang='lat' dir='ltr'>sufficientes</span> <span class='ocrx_word' id='word_1_47' title='bbox 805 1215 1016 1300; x_wconf 84' lang='lat' dir='ltr'>probationes</span> <span class='ocrx_word' id='word_1_48' title='bbox 1034 1223 1067 1280; x_wconf 90' lang='lat' dir='ltr'>et</span> <span class='ocrx_word' id='word_1_49' title='bbox 1083 1215 1269 1281; x_wconf 84' lang='lat' dir='ltr'>claritatem</span> 
     </span>
     <span class='ocr_line' id='line_1_8' title="bbox 130 1321 1268 1408; baseline 0.003 -23"><span class='ocrx_word' id='word_1_50' title='bbox 130 1322 309 1387; x_wconf 87' lang='lat' dir='ltr'>secundnm</span> <span class='ocrx_word' id='word_1_51' title='bbox 330 1324 594 1389; x_wconf 86' lang='lat' dir='ltr'>consuetudinem</span> <span class='ocrx_word' id='word_1_52' title='bbox 613 1325 661 1390; x_wconf 90' lang='lat' dir='ltr'>sni</span> <span class='ocrx_word' id='word_1_53' title='bbox 679 1323 800 1406; x_wconf 84' lang='lat' dir='ltr'>Officii,</span> <span class='ocrx_word' id='word_1_54' title='bbox 827 1323 913 1408; x_wconf 90' lang='lat' dir='ltr'>quod</span> <span class='ocrx_word' id='word_1_55' title='bbox 929 1323 972 1389; x_wconf 90' lang='lat' dir='ltr'>ad</span> <span class='ocrx_word' id='word_1_56' title='bbox 988 1325 1095 1407; x_wconf 88' lang='lat' dir='ltr'>ipsum</span> <span class='ocrx_word' id='word_1_57' title='bbox 1125 1321 1268 1389; x_wconf 88' lang='lat' dir='ltr'>nobilem</span> 
     </span>
     <span class='ocr_line' id='line_1_9' title="bbox 132 1427 1267 1516; baseline 0.004 -24"><span class='ocrx_word' id='word_1_58' title='bbox 132 1439 283 1516; x_wconf 83' lang='lat' dir='ltr'>spectare</span> <span class='ocrx_word' id='word_1_59' title='bbox 311 1431 430 1496; x_wconf 82' lang='lat' dir='ltr'>debeat</span> <span class='ocrx_word' id='word_1_60' title='bbox 454 1433 591 1516; x_wconf 87' lang='lat' dir='ltr'>pecunia</span> <span class='ocrx_word' id='word_1_61' title='bbox 617 1434 839 1516; x_wconf 88' lang='lat' dir='ltr'>suprascripta</span> <span class='ocrx_word' id='word_1_62' title='bbox 857 1437 890 1497; x_wconf 90' lang='lat' dir='ltr'>et</span> <span class='ocrx_word' id='word_1_63' title='bbox 907 1427 1007 1516; x_wconf 90' lang='lat' dir='ltr'>prode</span> <span class='ocrx_word' id='word_1_64' title='bbox 1029 1431 1104 1496; x_wconf 89' lang='lat' dir='ltr'>inde</span> <span class='ocrx_word' id='word_1_65' title='bbox 1121 1436 1267 1496; x_wconf 85' lang='lat' dir='ltr'>secutum</span> 
     </span>
     <span class='ocr_line' id='line_1_10' title="bbox 130 1541 1264 1623; baseline 0.002 -21"><span class='ocrx_word' id='word_1_66' title='bbox 130 1561 190 1623; x_wconf 89' lang='lat' dir='ltr'>per</span> <span class='ocrx_word' id='word_1_67' title='bbox 219 1543 457 1606; x_wconf 81' lang='lat' dir='ltr'>successionem</span> <span class='ocrx_word' id='word_1_68' title='bbox 474 1541 524 1606; x_wconf 83' lang='lat' dir='ltr'>rel</span> <span class='ocrx_word' id='word_1_69' title='bbox 540 1543 645 1622; x_wconf 87' lang='lat' dir='ltr'>aliter,</span> <span class='ocrx_word' id='word_1_70' title='bbox 671 1541 791 1607; x_wconf 87' lang='lat' dir='ltr'>saciant</span> <span class='ocrx_word' id='word_1_71' title='bbox 808 1542 837 1605; x_wconf 92' lang='lat' dir='ltr'>ei</span> <span class='ocrx_word' id='word_1_72' title='bbox 854 1541 924 1607; x_wconf 88' lang='lat' dir='ltr'>lieri</span> <span class='ocrx_word' id='word_1_73' title='bbox 950 1541 1081 1609; x_wconf 87' lang='lat' dir='ltr'>cedulas</span> <span class='ocrx_word' id='word_1_74' title='bbox 1103 1563 1179 1607; x_wconf 88' lang='lat' dir='ltr'>suas</span> <span class='ocrx_word' id='word_1_75' title='bbox 1195 1545 1264 1605; x_wconf 87' lang='lat' dir='ltr'>tam</span> 
     </span>
     <span class='ocr_line' id='line_1_11' title="bbox 130 1647 1266 1734; baseline 0 -22"><span class='ocrx_word' id='word_1_76' title='bbox 130 1650 171 1713; x_wconf 85' lang='lat' dir='ltr'>de</span> <span class='ocrx_word' id='word_1_77' title='bbox 189 1649 331 1732; x_wconf 86' lang='lat' dir='ltr'>capitali,</span> <span class='ocrx_word' id='word_1_78' title='bbox 358 1670 454 1732; x_wconf 88' lang='lat' dir='ltr'>qnam</span> <span class='ocrx_word' id='word_1_79' title='bbox 481 1651 519 1714; x_wconf 82' lang='lat' dir='ltr'>de</span> <span class='ocrx_word' id='word_1_80' title='bbox 546 1651 655 1732; x_wconf 86' lang='lat' dir='ltr'>prode,</span> <span class='ocrx_word' id='word_1_81' title='bbox 680 1650 768 1734; x_wconf 90' lang='lat' dir='ltr'>qnod</span> <span class='ocrx_word' id='word_1_82' title='bbox 793 1649 915 1715; x_wconf 89' lang='lat' dir='ltr'>habere</span> <span class='ocrx_word' id='word_1_83' title='bbox 941 1648 1092 1730; x_wconf 87' lang='lat' dir='ltr'>debebit;</span> <span class='ocrx_word' id='word_1_84' title='bbox 1116 1649 1163 1713; x_wconf 90' lang='lat' dir='ltr'>ita</span> <span class='ocrx_word' id='word_1_85' title='bbox 1179 1647 1266 1732; x_wconf 91' lang='lat' dir='ltr'>quod</span> 
     </span>
     <span class='ocr_line' id='line_1_12' title="bbox 130 1757 927 1841; baseline 0.005 -21"><span class='ocrx_word' id='word_1_86' title='bbox 130 1779 205 1820; x_wconf 85' lang='lat' dir='ltr'>curn</span> <span class='ocrx_word' id='word_1_87' title='bbox 223 1758 412 1838; x_wconf 82' lang='lat' dir='ltr'>integritate</span> <span class='ocrx_word' id='word_1_88' title='bbox 430 1757 559 1840; x_wconf 84' lang='lat' dir='ltr'>habant,</span> <span class='ocrx_word' id='word_1_89' title='bbox 576 1759 660 1840; x_wconf 90' lang='lat' dir='ltr'>quod</span> <span class='ocrx_word' id='word_1_90' title='bbox 678 1759 740 1824; x_wconf 87' lang='lat' dir='ltr'>sibi</span> <span class='ocrx_word' id='word_1_91' title='bbox 757 1759 927 1841; x_wconf 87' lang='lat' dir='ltr'>spectabit.</span> 
     </span>
    </p>
   </div>
   <div class='ocr_carea' id='block_1_3' title="bbox 201 1900 1194 1968">
    <p class='ocr_par' dir='ltr' id='par_1_3' title="bbox 201 1900 1194 1968">
     <span class='ocr_line' id='line_1_13' title="bbox 201 1900 1194 1968; baseline -0.002 -18"><span class='ocrx_word' id='word_1_92' title='bbox 201 1904 234 1962; x_wconf 78' lang='lat' dir='ltr'>(A</span> <span class='ocrx_word' id='word_1_93' title='bbox 256 1903 362 1952; x_wconf 69' lang='lat' dir='ltr'>Minu«</span> <span class='ocrx_word' id='word_1_94' title='bbox 379 1902 469 1952; x_wconf 80' lang='lat' dir='ltr'>enirntt</span> <span class='ocrx_word' id='word_1_95' title='bbox 484 1903 625 1951; x_wconf 83' lang='lat' dir='ltr'>velenezei</span> <span class='ocrx_word' id='word_1_96' title='bbox 638 1903 819 1968; x_wconf 56' lang='lat' dir='ltr'>allambens-v</span> <span class='ocrx_word' id='word_1_97' title='bbox 833 1902 935 1952; x_wconf 82' lang='lat' dir='ltr'>XLIII.</span> <span class='ocrx_word' id='word_1_98' title='bbox 951 1900 1092 1950; x_wconf 71' lang='lat' dir='ltr'>rotomum</span> <span class='ocrx_word' id='word_1_99' title='bbox 1108 1905 1150 1951; x_wconf 79' lang='grc'>68.</span> <span class='ocrx_word' id='word_1_100' title='bbox 1164 1901 1194 1963; x_wconf 89' lang='lat' dir='ltr'>l.)</span> 
     </span>
    </p>
   </div>
   <div class='ocr_carea' id='block_1_4' title="bbox 650 2209 799 2269">
    <p class='ocr_par' dir='ltr' id='par_1_4' title="bbox 650 2209 799 2269">
     <span class='ocr_line' id='line_1_14' title="bbox 650 2209 799 2269; baseline -0.007 0"><span class='ocrx_word' id='word_1_101' title='bbox 650 2209 726 2269; x_wconf 75' lang='lat'>473.</span> <span class='ocrx_word' id='word_1_102' title='bbox 797 2263 799 2268; x_wconf 91' lang='lat'><em>.</em></span> 
     </span>
    </p>
   </div>
   <div class='ocr_carea' id='block_1_5' title="bbox 122 2367 1261 2563">
    <p class='ocr_par' dir='ltr' id='par_1_5' title="bbox 122 2367 1261 2563">
     <span class='ocr_line' id='line_1_15' title="bbox 122 2367 1261 2454; baseline -0.002 -22"><span class='ocrx_word' id='word_1_103' title='bbox 122 2368 154 2432; x_wconf 87' lang='lat' dir='ltr'><em>A</em></span> <span class='ocrx_word' id='word_1_104' title='bbox 173 2367 325 2431; x_wconf 80' lang='lat' dir='ltr'>uelenczai</span> <span class='ocrx_word' id='word_1_105' title='bbox 341 2368 619 2452; x_wconf 70' lang='lat' dir='ltr'>kilztdraaadpnal·</span> <span class='ocrx_word' id='word_1_106' title='bbox 636 2368 770 2431; x_wconf 71' lang='lat' dir='ltr'>valam</span> <span class='ocrx_word' id='word_1_107' title='bbox 789 2367 903 2432; x_wconf 70' lang='lat' dir='ltr'>Morio</span> <span class='ocrx_word' id='word_1_108' title='bbox 929 2389 1071 2453; x_wconf 68' lang='lat' dir='ltr'>mappae·</span> <span class='ocrx_word' id='word_1_109' title='bbox 1097 2367 1261 2454; x_wconf 74' lang='lat' dir='ltr'>kiratyat</span> 
     </span>
     <span class='ocr_line' id='line_1_16' title="bbox 346 2477 1037 2563; baseline -0.004 -24"><span class='ocrx_word' id='word_1_110' title='bbox 346 2479 378 2540; x_wconf 83' lang='lat' dir='ltr'>a&#39;a</span> <span class='ocrx_word' id='word_1_111' title='bbox 395 2478 570 2562; x_wconf 76' lang='lat' dir='ltr'>Zsiqmond</span> <span class='ocrx_word' id='word_1_112' title='bbox 588 2477 698 2562; x_wconf 65' lang='lat' dir='ltr'>kirtly</span> <span class='ocrx_word' id='word_1_113' title='bbox 715 2478 922 2563; x_wconf 73' lang='lat' dir='ltr'>lcbvetaa&#39;pe&#39;ra</span> <span class='ocrx_word' id='word_1_114' title='bbox 941 2477 1037 2540; x_wconf 74' lang='lat'><em>1394.</em></span> 
     </span>
    </p>
   </div>
   <div class='ocr_carea' id='block_1_6' title="bbox 234 2635 1263 2718">
    <p class='ocr_par' dir='ltr' id='par_1_6' title="bbox 234 2635 1263 2718">
     <span class='ocr_line' id='line_1_17' title="bbox 234 2635 1263 2718; baseline -0.003 -16"><span class='ocrx_word' id='word_1_115' title='bbox 234 2637 333 2702; x_wconf 83' lang='lat' dir='ltr'>Anno</span> <span class='ocrx_word' id='word_1_116' title='bbox 351 2635 753 2703; x_wconf 80' lang='lat' dir='ltr'>MCCOLXXXXIIII.</span> <span class='ocrx_word' id='word_1_117' title='bbox 768 2637 944 2702; x_wconf 86' lang='lat' dir='ltr'>indictione</span> <span class='ocrx_word' id='word_1_118' title='bbox 971 2640 1084 2718; x_wconf 89' lang='lat' dir='ltr'>torcia,</span> <span class='ocrx_word' id='word_1_119' title='bbox 1101 2636 1152 2702; x_wconf 90' lang='lat' dir='ltr'>die</span> <span class='ocrx_word' id='word_1_120' title='bbox 1169 2643 1263 2700; x_wconf 83' lang='lat' dir='ltr'>sexto</span> 
     </span>
    </p>
   </div>
   <div class='ocr_carea' id='block_1_7' title="bbox 117 2743 1259 4125">
    <p class='ocr_par' dir='ltr' id='par_1_7' title="bbox 117 2743 1259 4125">
     <span class='ocr_line' id='line_1_18' title="bbox 123 2743 1257 2828; baseline -0.003 -18"><span class='ocrx_word' id='word_1_121' title='bbox 123 2743 334 2827; x_wconf 84' lang='lat' dir='ltr'>Septembris.</span> <span class='ocrx_word' id='word_1_122' title='bbox 359 2744 420 2808; x_wconf 86' lang='lat' dir='ltr'>Oa</span> <span class='ocrx_word' id='word_1_123' title='bbox 431 2752 505 2828; x_wconf 90' lang='lat' dir='ltr'>pta</span> <span class='ocrx_word' id='word_1_124' title='bbox 522 2768 527 2805; x_wconf 96' lang='lat'><strong>:</strong></span> <span class='ocrx_word' id='word_1_125' title='bbox 547 2743 644 2827; x_wconf 83' lang='lat' dir='ltr'>Quod</span> <span class='ocrx_word' id='word_1_126' title='bbox 661 2745 898 2828; x_wconf 88' lang='lat' dir='ltr'>respondeatur</span> <span class='ocrx_word' id='word_1_127' title='bbox 914 2747 985 2810; x_wconf 89' lang='lat' dir='ltr'>istis</span> <span class='ocrx_word' id='word_1_128' title='bbox 1012 2744 1257 2810; x_wconf 85' lang='lat' dir='ltr'>Ambassatori-</span> 
     </span>
     <span class='ocr_line' id='line_1_19' title="bbox 121 2851 1259 2938; baseline 0 -24"><span class='ocrx_word' id='word_1_129' title='bbox 121 2852 184 2916; x_wconf 92' lang='lat' dir='ltr'>bus</span> <span class='ocrx_word' id='word_1_130' title='bbox 214 2851 419 2918; x_wconf 86' lang='lat' dir='ltr'>Serenissimi</span> <span class='ocrx_word' id='word_1_131' title='bbox 451 2853 571 2916; x_wconf 88' lang='lat' dir='ltr'>domini</span> <span class='ocrx_word' id='word_1_132' title='bbox 603 2853 703 2936; x_wconf 80' lang='lat' dir='ltr'>RegIs</span> <span class='ocrx_word' id='word_1_133' title='bbox 734 2861 766 2917; x_wconf 86' lang='lat' dir='ltr'>et</span> <span class='ocrx_word' id='word_1_134' title='bbox 797 2853 924 2918; x_wconf 90' lang='lat' dir='ltr'>dornine</span> <span class='ocrx_word' id='word_1_135' title='bbox 942 2853 1067 2938; x_wconf 83' lang='lat' dir='ltr'>Regina</span> <span class='ocrx_word' id='word_1_136' title='bbox 1086 2852 1259 2934; x_wconf 85' lang='lat' dir='ltr'>Hungarie</span> 
     </span>
     <span class='ocr_line' id='line_1_20' title="bbox 122 2958 1258 3044; baseline -0.001 -20"><span class='ocrx_word' id='word_1_137' title='bbox 122 2959 166 3024; x_wconf 87' lang='lat' dir='ltr'>ad</span> <span class='ocrx_word' id='word_1_138' title='bbox 184 2958 528 3025; x_wconf 82' lang='lat' dir='ltr'>Ambassatamsuanr</span> <span class='ocrx_word' id='word_1_139' title='bbox 545 2960 636 3024; x_wconf 93' lang='lat' dir='ltr'>nobis</span> <span class='ocrx_word' id='word_1_140' title='bbox 653 2963 854 3044; x_wconf 88' lang='lat' dir='ltr'>expositam;</span> <span class='ocrx_word' id='word_1_141' title='bbox 880 2968 912 3025; x_wconf 88' lang='lat' dir='ltr'>ot</span> <span class='ocrx_word' id='word_1_142' title='bbox 928 2962 1033 3044; x_wconf 89' lang='lat' dir='ltr'>primo</span> <span class='ocrx_word' id='word_1_143' title='bbox 1049 2961 1091 3026; x_wconf 89' lang='lat' dir='ltr'>ad</span> <span class='ocrx_word' id='word_1_144' title='bbox 1118 2960 1258 3043; x_wconf 90' lang='lat' dir='ltr'>primam</span> 
     </span>
     <span class='ocr_line' id='line_1_21' title="bbox 122 3068 1257 3152; baseline 0 -23"><span class='ocrx_word' id='word_1_145' title='bbox 122 3073 261 3149; x_wconf 88' lang='lat' dir='ltr'>partem,</span> <span class='ocrx_word' id='word_1_146' title='bbox 278 3089 336 3150; x_wconf 85' lang='lat' dir='ltr'>per</span> <span class='ocrx_word' id='word_1_147' title='bbox 353 3090 450 3151; x_wconf 89' lang='lat' dir='ltr'>quam</span> <span class='ocrx_word' id='word_1_148' title='bbox 468 3068 637 3132; x_wconf 89' lang='lat' dir='ltr'>notificant</span> <span class='ocrx_word' id='word_1_149' title='bbox 654 3074 766 3133; x_wconf 83' lang='lat' dir='ltr'>nostro</span> <span class='ocrx_word' id='word_1_150' title='bbox 783 3069 1042 3152; x_wconf 89' lang='lat' dir='ltr'>Domini0,quod</span> <span class='ocrx_word' id='word_1_151' title='bbox 1059 3075 1193 3152; x_wconf 85' lang='lat' dir='ltr'>propter</span> <span class='ocrx_word' id='word_1_152' title='bbox 1210 3069 1257 3130; x_wconf 93' lang='lat' dir='ltr'>in-</span> 
     </span>
     <span class='ocr_line' id='line_1_22' title="bbox 120 3173 1255 3258; baseline -0.001 -20"><span class='ocrx_word' id='word_1_153' title='bbox 120 3177 267 3239; x_wconf 80' lang='lat' dir='ltr'>vasiones</span> <span class='ocrx_word' id='word_1_154' title='bbox 285 3175 488 3240; x_wconf 81' lang='lat' dir='ltr'>Tarchorum</span> <span class='ocrx_word' id='word_1_155' title='bbox 505 3177 538 3239; x_wconf 93' lang='lat' dir='ltr'>in</span> <span class='ocrx_word' id='word_1_156' title='bbox 556 3173 671 3258; x_wconf 83' lang='lat' dir='ltr'>Regno</span> <span class='ocrx_word' id='word_1_157' title='bbox 689 3199 747 3240; x_wconf 87' lang='lat' dir='ltr'>suo</span> <span class='ocrx_word' id='word_1_158' title='bbox 765 3177 835 3258; x_wconf 90' lang='lat' dir='ltr'>ipse</span> <span class='ocrx_word' id='word_1_159' title='bbox 853 3177 1046 3240; x_wconf 80' lang='lat' dir='ltr'>deliberavit</span> <span class='ocrx_word' id='word_1_160' title='bbox 1062 3197 1134 3242; x_wconf 89' lang='lat' dir='ltr'>cum</span> <span class='ocrx_word' id='word_1_161' title='bbox 1162 3175 1255 3238; x_wconf 89' lang='lat' dir='ltr'>Prin-</span> 
     </span>
     <span class='ocr_line' id='line_1_23' title="bbox 122 3281 1256 3366; baseline -0.003 -19"><span class='ocrx_word' id='word_1_162' title='bbox 122 3281 258 3366; x_wconf 88' lang='lat' dir='ltr'>cipibus,</span> <span class='ocrx_word' id='word_1_163' title='bbox 274 3283 468 3364; x_wconf 73' lang='lat' dir='ltr'>BaronibuS,</span> <span class='ocrx_word' id='word_1_164' title='bbox 489 3281 648 3347; x_wconf 83' lang='lat' dir='ltr'>fratrilms</span> <span class='ocrx_word' id='word_1_165' title='bbox 666 3289 698 3346; x_wconf 91' lang='lat' dir='ltr'>et</span> <span class='ocrx_word' id='word_1_166' title='bbox 723 3283 838 3347; x_wconf 88' lang='lat' dir='ltr'>amicis</span> <span class='ocrx_word' id='word_1_167' title='bbox 864 3284 931 3348; x_wconf 87' lang='lat' dir='ltr'>suis</span> <span class='ocrx_word' id='word_1_168' title='bbox 956 3285 1098 3366; x_wconf 90' lang='lat' dir='ltr'>partium</span> <span class='ocrx_word' id='word_1_169' title='bbox 1124 3303 1256 3348; x_wconf 87' lang='lat' dir='ltr'>suarum</span> 
     </span>
     <span class='ocr_line' id='line_1_24' title="bbox 120 3389 1257 3473; baseline -0.002 -19"><span class='ocrx_word' id='word_1_170' title='bbox 120 3391 162 3454; x_wconf 87' lang='lat' dir='ltr'>do</span> <span class='ocrx_word' id='word_1_171' title='bbox 178 3409 287 3454; x_wconf 84' lang='lat' dir='ltr'>mense</span> <span class='ocrx_word' id='word_1_172' title='bbox 305 3389 386 3456; x_wconf 87' lang='lat' dir='ltr'>Maii</span> <span class='ocrx_word' id='word_1_173' title='bbox 404 3390 548 3473; x_wconf 87' lang='lat' dir='ltr'>proximo</span> <span class='ocrx_word' id='word_1_174' title='bbox 566 3396 699 3455; x_wconf 87' lang='lat' dir='ltr'>venturo</span> <span class='ocrx_word' id='word_1_175' title='bbox 716 3410 842 3454; x_wconf 88' lang='lat' dir='ltr'>movere</span> <span class='ocrx_word' id='word_1_176' title='bbox 859 3411 892 3454; x_wconf 84' lang='lat' dir='ltr'>sa</span> <span class='ocrx_word' id='word_1_177' title='bbox 918 3411 990 3454; x_wconf 88' lang='lat' dir='ltr'>cum</span> <span class='ocrx_word' id='word_1_178' title='bbox 1015 3389 1142 3472; x_wconf 89' lang='lat' dir='ltr'>potenti</span> <span class='ocrx_word' id='word_1_179' title='bbox 1169 3409 1257 3452; x_wconf 85' lang='lat' dir='ltr'>exer-</span> 
     </span>
     <span class='ocr_line' id='line_1_25' title="bbox 119 3495 1254 3564; baseline -0.004 0"><span class='ocrx_word' id='word_1_180' title='bbox 119 3500 187 3564; x_wconf 91' lang='lat' dir='ltr'>citu</span> <span class='ocrx_word' id='word_1_181' title='bbox 204 3520 261 3564; x_wconf 91' lang='lat' dir='ltr'>suo</span> <span class='ocrx_word' id='word_1_182' title='bbox 278 3505 311 3563; x_wconf 82' lang='lat' dir='ltr'>ot</span> <span class='ocrx_word' id='word_1_183' title='bbox 328 3500 375 3562; x_wconf 88' lang='lat' dir='ltr'>ire</span> <span class='ocrx_word' id='word_1_184' title='bbox 389 3507 502 3562; x_wconf 87' lang='lat' dir='ltr'>contra</span> <span class='ocrx_word' id='word_1_185' title='bbox 520 3498 623 3562; x_wconf 87' lang='lat' dir='ltr'>dictos</span> <span class='ocrx_word' id='word_1_186' title='bbox 640 3497 789 3560; x_wconf 88' lang='lat' dir='ltr'>Turcbos</span> <span class='ocrx_word' id='word_1_187' title='bbox 806 3496 849 3561; x_wconf 88' lang='lat' dir='ltr'>ad</span> <span class='ocrx_word' id='word_1_188' title='bbox 869 3496 1023 3562; x_wconf 89' lang='lat' dir='ltr'>damnum</span> <span class='ocrx_word' id='word_1_189' title='bbox 1051 3501 1085 3561; x_wconf 87' lang='lat' dir='ltr'>et</span> <span class='ocrx_word' id='word_1_190' title='bbox 1109 3495 1254 3560; x_wconf 87' lang='lat' dir='ltr'>destruo-</span> 
     </span>
     <span class='ocr_line' id='line_1_26' title="bbox 119 3601 1255 3689; baseline -0.004 -18"><span class='ocrx_word' id='word_1_191' title='bbox 119 3607 240 3672; x_wconf 85' lang='lat' dir='ltr'>tionem</span> <span class='ocrx_word' id='word_1_192' title='bbox 257 3627 359 3689; x_wconf 86' lang='lat' dir='ltr'>suam,</span> <span class='ocrx_word' id='word_1_193' title='bbox 377 3609 410 3668; x_wconf 86' lang='lat' dir='ltr'>et</span> <span class='ocrx_word' id='word_1_194' title='bbox 426 3604 513 3687; x_wconf 93' lang='lat' dir='ltr'>quod</span> <span class='ocrx_word' id='word_1_195' title='bbox 530 3610 706 3688; x_wconf 85' lang='lat' dir='ltr'>propteroa</span> <span class='ocrx_word' id='word_1_196' title='bbox 722 3603 819 3669; x_wconf 92' lang='lat' dir='ltr'>nobis</span> <span class='ocrx_word' id='word_1_197' title='bbox 837 3603 966 3686; x_wconf 86' lang='lat' dir='ltr'>placeat</span> <span class='ocrx_word' id='word_1_198' title='bbox 983 3601 1061 3667; x_wconf 90' lang='lat' dir='ltr'>dare</span> <span class='ocrx_word' id='word_1_199' title='bbox 1078 3603 1140 3669; x_wconf 93' lang='lat' dir='ltr'>sibi</span> <span class='ocrx_word' id='word_1_200' title='bbox 1157 3623 1255 3687; x_wconf 89' lang='lat' dir='ltr'>super</span> 
     </span>
     <span class='ocr_line' id='line_1_27' title="bbox 121 3710 1255 3796; baseline -0.006 -15"><span class='ocrx_word' id='word_1_201' title='bbox 121 3719 180 3783; x_wconf 89' lang='lat' dir='ltr'>boc</span> <span class='ocrx_word' id='word_1_202' title='bbox 198 3717 377 3796; x_wconf 90' lang='lat' dir='ltr'>consilium,</span> <span class='ocrx_word' id='word_1_203' title='bbox 394 3715 547 3779; x_wconf 86' lang='lat' dir='ltr'>auxilium</span> <span class='ocrx_word' id='word_1_204' title='bbox 565 3722 599 3779; x_wconf 89' lang='lat' dir='ltr'>et</span> <span class='ocrx_word' id='word_1_205' title='bbox 614 3713 759 3778; x_wconf 89' lang='lat' dir='ltr'>sanorem</span> <span class='ocrx_word' id='word_1_206' title='bbox 781 3722 842 3777; x_wconf 86' lang='lat' dir='ltr'>eto.</span> <span class='ocrx_word' id='word_1_207' title='bbox 870 3710 967 3795; x_wconf 84' lang='lat' dir='ltr'>Quod</span> <span class='ocrx_word' id='word_1_208' title='bbox 994 3712 1077 3776; x_wconf 91' lang='lat' dir='ltr'>sicut</span> <span class='ocrx_word' id='word_1_209' title='bbox 1103 3712 1149 3777; x_wconf 87' lang='lat' dir='ltr'>eis</span> <span class='ocrx_word' id='word_1_210' title='bbox 1174 3711 1255 3776; x_wconf 83' lang='lat' dir='ltr'>dixi·</span> 
     </span>
     <span class='ocr_line' id='line_1_28' title="bbox 118 3820 1254 3906; baseline -0.007 -16"><span class='ocrx_word' id='word_1_211' title='bbox 118 3849 200 3906; x_wconf 75' lang='lat' dir='ltr'>inuS,</span> <span class='ocrx_word' id='word_1_212' title='bbox 217 3830 301 3890; x_wconf 88' lang='lat' dir='ltr'>teste</span> <span class='ocrx_word' id='word_1_213' title='bbox 317 3823 389 3888; x_wconf 89' lang='lat' dir='ltr'>Deo</span> <span class='ocrx_word' id='word_1_214' title='bbox 405 3844 463 3887; x_wconf 86' lang='lat' dir='ltr'>nos</span> <span class='ocrx_word' id='word_1_215' title='bbox 481 3829 599 3904; x_wconf 84' lang='lat' dir='ltr'>gravat</span> <span class='ocrx_word' id='word_1_216' title='bbox 614 3829 646 3886; x_wconf 89' lang='lat' dir='ltr'>ot</span> <span class='ocrx_word' id='word_1_217' title='bbox 663 3825 817 3903; x_wconf 81' lang='lat' dir='ltr'>gravaret</span> <span class='ocrx_word' id='word_1_218' title='bbox 833 3842 962 3903; x_wconf 88' lang='lat' dir='ltr'>semper</span> <span class='ocrx_word' id='word_1_219' title='bbox 988 3820 1091 3884; x_wconf 90' lang='lat' dir='ltr'>omnis</span> <span class='ocrx_word' id='word_1_220' title='bbox 1117 3820 1254 3898; x_wconf 89' lang='lat' dir='ltr'>novitas,</span> 
     </span>
     <span class='ocr_line' id='line_1_29' title="bbox 118 3923 1253 4018; baseline -0.01 -19"><span class='ocrx_word' id='word_1_221' title='bbox 118 3957 183 4018; x_wconf 89' lang='lat' dir='ltr'>que</span> <span class='ocrx_word' id='word_1_222' title='bbox 201 3932 293 3998; x_wconf 86' lang='lat' dir='ltr'>fieret</span> <span class='ocrx_word' id='word_1_223' title='bbox 309 3939 341 3996; x_wconf 91' lang='lat' dir='ltr'>et</span> <span class='ocrx_word' id='word_1_224' title='bbox 358 3930 494 3996; x_wconf 88' lang='lat' dir='ltr'>molesta</span> <span class='ocrx_word' id='word_1_225' title='bbox 511 3929 596 3994; x_wconf 89' lang='lat' dir='ltr'>soret</span> <span class='ocrx_word' id='word_1_226' title='bbox 613 3929 784 3994; x_wconf 88' lang='lat' dir='ltr'>Maiestati</span> <span class='ocrx_word' id='word_1_227' title='bbox 811 3926 885 4007; x_wconf 88' lang='lat' dir='ltr'>Sue,</span> <span class='ocrx_word' id='word_1_228' title='bbox 913 3926 1070 3992; x_wconf 87' lang='lat' dir='ltr'>subdictis</span> <span class='ocrx_word' id='word_1_229' title='bbox 1087 3931 1119 3990; x_wconf 90' lang='lat' dir='ltr'>et</span> <span class='ocrx_word' id='word_1_230' title='bbox 1136 3923 1253 4006; x_wconf 79' lang='lat' dir='ltr'>Regno</span> 
     </span>
     <span class='ocr_line' id='line_1_30' title="bbox 117 4035 1253 4125; baseline -0.007 -18"><span class='ocrx_word' id='word_1_231' title='bbox 117 4065 177 4108; x_wconf 85' lang='lat' dir='ltr'>suo</span> <span class='ocrx_word' id='word_1_232' title='bbox 195 4065 252 4125; x_wconf 90' lang='lat' dir='ltr'>per</span> <span class='ocrx_word' id='word_1_233' title='bbox 269 4061 500 4125; x_wconf 85' lang='lat' dir='ltr'>quoscumque,</span> <span class='ocrx_word' id='word_1_234' title='bbox 523 4046 557 4103; x_wconf 88' lang='lat' dir='ltr'>ot</span> <span class='ocrx_word' id='word_1_235' title='bbox 572 4039 710 4102; x_wconf 86' lang='lat' dir='ltr'>maxime</span> <span class='ocrx_word' id='word_1_236' title='bbox 726 4059 784 4121; x_wconf 90' lang='lat' dir='ltr'>per</span> <span class='ocrx_word' id='word_1_237' title='bbox 802 4035 904 4101; x_wconf 88' lang='lat' dir='ltr'>dictos</span> <span class='ocrx_word' id='word_1_238' title='bbox 930 4035 1075 4101; x_wconf 86' lang='lat' dir='ltr'>infideles</span> <span class='ocrx_word' id='word_1_239' title='bbox 1101 4056 1253 4117; x_wconf 84' lang='lat' dir='ltr'>persecu-</span> 
     </span>
    </p>
   </div>
   <div class='ocr_carea' id='block_1_8' title="bbox 114 4139 1254 4856">
    <p class='ocr_par' dir='ltr' id='par_1_8' title="bbox 114 4139 1254 4856">
     <span class='ocr_line' id='line_1_31' title="bbox 117 4139 1251 4238; baseline -0.009 -22"><span class='ocrx_word' id='word_1_240' title='bbox 117 4159 206 4238; x_wconf 75' lang='lat' dir='ltr'>tores</span> <span class='ocrx_word' id='word_1_241' title='bbox 222 4148 297 4213; x_wconf 88' lang='lat' dir='ltr'>fidei</span> <span class='ocrx_word' id='word_1_242' title='bbox 309 4145 480 4213; x_wconf 82' lang='lat' dir='ltr'>Oatlrolice</span> <span class='ocrx_word' id='word_1_243' title='bbox 498 4151 530 4209; x_wconf 81' lang='lat' dir='ltr'>et</span> <span class='ocrx_word' id='word_1_244' title='bbox 548 4145 685 4208; x_wconf 86' lang='lat' dir='ltr'>nominis</span> <span class='ocrx_word' id='word_1_245' title='bbox 698 4141 891 4222; x_wconf 61' lang='lat' dir='ltr'>Christiani</span> <span class='ocrx_word' id='word_1_246' title='bbox 902 4149 1036 4226; x_wconf 89' lang='lat' dir='ltr'>propter</span> <span class='ocrx_word' id='word_1_247' title='bbox 1053 4139 1251 4223; x_wconf 87' lang='lat' dir='ltr'>singularem</span> 
     </span>
     <span class='ocr_line' id='line_1_32' title="bbox 116 4249 1251 4339; baseline -0.007 -15"><span class='ocrx_word' id='word_1_248' title='bbox 116 4258 331 4336; x_wconf 83' lang='lat' dir='ltr'>allectionem,</span> <span class='ocrx_word' id='word_1_249' title='bbox 347 4279 444 4339; x_wconf 89' lang='lat' dir='ltr'>quarn</span> <span class='ocrx_word' id='word_1_250' title='bbox 460 4255 618 4320; x_wconf 88' lang='lat' dir='ltr'>habemus</span> <span class='ocrx_word' id='word_1_251' title='bbox 633 4254 677 4318; x_wconf 87' lang='lat' dir='ltr'>ad</span> <span class='ocrx_word' id='word_1_252' title='bbox 694 4254 931 4321; x_wconf 86' lang='lat' dir='ltr'>Excellentiarn</span> <span class='ocrx_word' id='word_1_253' title='bbox 949 4252 1049 4318; x_wconf 86' lang='lat' dir='ltr'>Suam</span> <span class='ocrx_word' id='word_1_254' title='bbox 1069 4256 1101 4315; x_wconf 89' lang='lat' dir='ltr'>et</span> <span class='ocrx_word' id='word_1_255' title='bbox 1118 4249 1159 4316; x_wconf 90' lang='lat' dir='ltr'>ad</span> <span class='ocrx_word' id='word_1_256' title='bbox 1177 4273 1251 4316; x_wconf 93' lang='lat' dir='ltr'>con·</span> 
     </span>
     <span class='ocr_line' id='line_1_33' title="bbox 116 4358 1254 4446; baseline -0.007 -14"><span class='ocrx_word' id='word_1_257' title='bbox 116 4367 331 4432; x_wconf 82' lang='lat' dir='ltr'>servationem</span> <span class='ocrx_word' id='word_1_258' title='bbox 350 4365 397 4429; x_wconf 92' lang='lat' dir='ltr'>sui</span> <span class='ocrx_word' id='word_1_259' title='bbox 419 4369 543 4446; x_wconf 77' lang='lat' dir='ltr'>statua,</span> <span class='ocrx_word' id='word_1_260' title='bbox 568 4368 601 4426; x_wconf 87' lang='lat' dir='ltr'>et</span> <span class='ocrx_word' id='word_1_261' title='bbox 627 4362 795 4428; x_wconf 89' lang='lat' dir='ltr'>reddimus</span> <span class='ocrx_word' id='word_1_262' title='bbox 812 4383 870 4426; x_wconf 87' lang='lat' dir='ltr'>nos</span> <span class='ocrx_word' id='word_1_263' title='bbox 896 4367 1011 4441; x_wconf 73' lang='lat' dir='ltr'>certos</span> <span class='ocrx_word' id='word_1_264' title='bbox 1038 4358 1125 4442; x_wconf 91' lang='lat' dir='ltr'>quod</span> <span class='ocrx_word' id='word_1_265' title='bbox 1151 4361 1254 4424; x_wconf 89' lang='lat' dir='ltr'>omnis</span> 
     </span>
     <span class='ocr_line' id='line_1_34' title="bbox 114 4467 1251 4556; baseline -0.008 -17"><span class='ocrx_word' id='word_1_266' title='bbox 114 4475 309 4540; x_wconf 81' lang='lat' dir='ltr'>deliberatio</span> <span class='ocrx_word' id='word_1_267' title='bbox 326 4473 413 4539; x_wconf 84' lang='lat' dir='ltr'>facta</span> <span class='ocrx_word' id='word_1_268' title='bbox 430 4477 462 4535; x_wconf 87' lang='lat' dir='ltr'>et</span> <span class='ocrx_word' id='word_1_269' title='bbox 478 4493 539 4554; x_wconf 92' lang='lat' dir='ltr'>que</span> <span class='ocrx_word' id='word_1_270' title='bbox 556 4471 647 4536; x_wconf 90' lang='lat' dir='ltr'>fieret</span> <span class='ocrx_word' id='word_1_271' title='bbox 664 4493 719 4556; x_wconf 85' lang='lat' dir='ltr'>per</span> <span class='ocrx_word' id='word_1_272' title='bbox 745 4495 817 4537; x_wconf 90' lang='lat' dir='ltr'>eum</span> <span class='ocrx_word' id='word_1_273' title='bbox 843 4479 911 4536; x_wconf 88' lang='lat' dir='ltr'>tam</span> <span class='ocrx_word' id='word_1_274' title='bbox 937 4469 970 4533; x_wconf 89' lang='lat' dir='ltr'>in</span> <span class='ocrx_word' id='word_1_275' title='bbox 997 4469 1066 4549; x_wconf 89' lang='lat' dir='ltr'>hoc,</span> <span class='ocrx_word' id='word_1_276' title='bbox 1092 4488 1192 4550; x_wconf 90' lang='lat' dir='ltr'>quam</span> <span class='ocrx_word' id='word_1_277' title='bbox 1218 4467 1251 4531; x_wconf 95' lang='lat' dir='ltr'>in</span> 
     </span>
     <span class='ocr_line' id='line_1_35' title="bbox 114 4573 1252 4666; baseline -0.007 -20"><span class='ocrx_word' id='word_1_278' title='bbox 114 4583 373 4666; x_wconf 84' lang='lat' dir='ltr'>quibuscumque</span> <span class='ocrx_word' id='word_1_279' title='bbox 390 4581 472 4658; x_wconf 88' lang='lat' dir='ltr'>aliis,</span> <span class='ocrx_word' id='word_1_280' title='bbox 490 4587 639 4662; x_wconf 88' lang='lat' dir='ltr'>respectu</span> <span class='ocrx_word' id='word_1_281' title='bbox 656 4601 772 4664; x_wconf 84' lang='lat' dir='ltr'>magno</span> <span class='ocrx_word' id='word_1_282' title='bbox 790 4580 957 4663; x_wconf 86' lang='lat' dir='ltr'>sapientie,</span> <span class='ocrx_word' id='word_1_283' title='bbox 983 4597 1046 4660; x_wconf 89' lang='lat' dir='ltr'>que</span> <span class='ocrx_word' id='word_1_284' title='bbox 1071 4575 1105 4640; x_wconf 92' lang='lat' dir='ltr'>in</span> <span class='ocrx_word' id='word_1_285' title='bbox 1131 4573 1252 4639; x_wconf 88' lang='lat' dir='ltr'>Maies-</span> 
     </span>
     <span class='ocr_line' id='line_1_36' title="bbox 114 4681 1252 4772; baseline -0.007 -16"><span class='ocrx_word' id='word_1_286' title='bbox 114 4698 186 4756; x_wconf 86' lang='lat' dir='ltr'>tate</span> <span class='ocrx_word' id='word_1_287' title='bbox 203 4690 271 4756; x_wconf 84' lang='lat' dir='ltr'>Sua</span> <span class='ocrx_word' id='word_1_288' title='bbox 288 4692 374 4772; x_wconf 84' lang='lat' dir='ltr'>riget</span> <span class='ocrx_word' id='word_1_289' title='bbox 390 4695 423 4752; x_wconf 89' lang='lat' dir='ltr'>et</span> <span class='ocrx_word' id='word_1_290' title='bbox 439 4689 470 4752; x_wconf 90' lang='lat' dir='ltr'>in</span> <span class='ocrx_word' id='word_1_291' title='bbox 489 4687 571 4770; x_wconf 84' lang='lat' dir='ltr'>aliis,</span> <span class='ocrx_word' id='word_1_292' title='bbox 588 4710 659 4752; x_wconf 89' lang='lat' dir='ltr'>oum</span> <span class='ocrx_word' id='word_1_293' title='bbox 677 4689 793 4771; x_wconf 87' lang='lat' dir='ltr'>quibus</span> <span class='ocrx_word' id='word_1_294' title='bbox 819 4686 1031 4770; x_wconf 87' lang='lat' dir='ltr'>participavit</span> <span class='ocrx_word' id='word_1_295' title='bbox 1045 4690 1077 4748; x_wconf 91' lang='lat' dir='ltr'>et</span> <span class='ocrx_word' id='word_1_296' title='bbox 1093 4681 1252 4748; x_wconf 86' lang='lat' dir='ltr'>delibera·</span> 
     </span>
     <span class='ocr_line' id='line_1_37' title="bbox 1140 4791 1204 4856; baseline -0.031 0"><span class='ocrx_word' id='word_1_297' title='bbox 1140 4791 1204 4856; x_wconf 83' lang='lat'>48*</span> 
     </span>
    </p>
   </div>
   <div class='ocr_carea' id='block_1_9' title="bbox 0 0 1628 5242">
    <p class='ocr_par' dir='ltr' id='par_1_9' title="bbox 0 0 1628 5242">
     <span class='ocr_line' id='line_1_38' title="bbox 0 0 1628 5242; baseline 0 5"><span class='ocrx_word' id='word_1_298' title='bbox 0 0 1628 5242; x_wconf 95' lang='lat' dir='ltr'> </span> 
     </span>
    </p>
   </div>
  </div>
 </body>
</html>
