3172 5254
594 359 611 392 ⁸
755 407 989 456 uranonsczmr
1007 395 1175 454 sundran.

927 694 999 759 138.

476 860 606 926 Venczel
625 860 733 925 contai
750 860 782 923 e‘s
799 861 865 923 crea
883 858 1066 942 kirdlpnulr
1082 881 1103 922 a
1119 857 1315 923 dihornoloolc
1330 855 1456 944 pptile'se

631 969 690 1033 VI.
709 968 823 1034 Orbda
837 971 928 1052 pdpa
948 966 1193 1031 odlaaztdadrdl.
1217 967 1312 1030 1378.

509 1127 720 1194 Serenissime
745 1127 913 1210 Princeps.
947 1124 1033 1210 Quia
1059 1127 1258 1211 plerumque,
1284 1127 1349 1191 imo
1373 1131 1410 1190 ut
1434 1125 1520 1209 pluri-

402 1259 499 1322 mum,
523 1237 696 1321 presertim
721 1237 755 1300 in
781 1235 879 1301 rebus
905 1235 1027 1316 arduis,
1053 1234 1139 1300 fame
1165 1235 1350 1318 loquacitas
1366 1235 1519 1300 veritatem

402 1344 596 1428 quibusdam
608 1344 800 1411 adulterinis
817 1343 980 1418 coloribus
996 1343 1186 1422 obnubilat3
1211 1343 1284 1408 ideo
1299 1343 1387 1424 quod
1403 1343 1452 1406 his
1467 1340 1520 1405 die·

405 1455 467 1520 bus
493 1454 527 1518 in
552 1452 704 1518 Romana
728 1452 879 1518 Ecclesia
903 1457 1032 1536 gestum
1057 1452 1108 1533 sit,
1127 1451 1218 1517 vobis
1234 1451 1377 1534 presenti
1394 1449 1519 1515 veridica

403 1565 599 1646 nuntiamus,
614 1569 652 1627 ut
670 1569 703 1629 et
717 1565 777 1646 his,
795 1566 851 1647 qui
867 1563 958 1628 robis
983 1585 1052 1629 rem
1077 1562 1174 1628 aliter
1189 1561 1311 1628 factam
1329 1561 1518 1641 narraperinl

406 1677 464 1736 aut
480 1673 679 1756 scripserint,
705 1692 768 1736 non
786 1671 946 1751 credatis3
962 1677 995 1735 et
1012 1692 1102 1736 mens
1119 1677 1236 1752 vestra,
1252 1669 1316 1736 hac
1333 1676 1443 1736 nostra
1456 1668 1520 1734 iasi-

402 1781 557 1846 nuatione
583 1779 771 1861 clarificata‚
797 1779 829 1844 in
856 1779 1037 1861 tranquillo
1064 1786 1096 1844 et
1123 1799 1237 1844 sereno
1263 1779 1414 1844 veritatis
1438 1778 1519 1842 litore

405 1889 625 1972 conquiescat.
650 1886 758 1970 Regia
784 1887 887 1970 igitur
912 1885 1080 1952 (lelsitndo
1107 1891 1292 1970 eognoscat,
1309 1886 1397 1969 quod
1414 1883 1518 1951 Sancte

405 1995 575 2079 felicisque
588 1994 825 2060 recordationis
842 1993 971 2060 domino
982 2000 1077 2078 patre
1088 1999 1208 2075 nostro,
1225 1995 1355 2060 domino
1372 1993 1518 2076 Gregorio

405 2104 500 2186 Papa
516 2103 584 2169 XI.
601 2103 653 2168 die
670 2098 828 2170 XXVII.
844 2101 964 2170 mensis
990 2103 1109 2168 Martii
1125 2123 1229 2186 nuper
1245 2102 1349 2185 elapsi
1364 2105 1447 2169 uiam
1462 2102 1519 2164 uni·

404 2233 492 2276 verse
508 2212 781 2296 carnisingresso,
797 2216 831 2276 et
847 2211 929 2278 sicut
946 2211 986 2275 de
1001 2212 1187 2294 largissima
1203 2211 1266 2276 Dei
1282 2211 1404 2295 pietate
1432 2209 1514 2275 coufi-

324 2399 326 2402 ἱ
406 2319 521 2401 dimus,
537 2325 611 2403 post
625 2319 754 2385 labores
772 2320 814 2385 ad
830 2320 957 2404 premia
981 2326 1123 2400 evocato,
1139 2321 1292 2401 tantique
1307 2321 1421 2404 patris,
1436 2321 1518 2403 prout

405 2435 479 2494 erat
490 2430 574 2514 juris
592 2434 626 2493 et
641 2429 749 2508 moris,
768 2450 841 2492 cum
858 2428 977 2492 debitis
1002 2428 1123 2494 honore
1140 2435 1172 2494 et
1188 2430 1373 2494 reverentia
1390 2427 1518 2510 exequiis

410 2536 591 2616 celebratis,
612 2537 665 2601 die
682 2536 763 2605 VII.
788 2537 908 2601 mensis
935 2533 1063 2620 Aprilis
1089 2559 1193 2620 nuper
1208 2539 1358 2620 preteriti
1375 2536 1520 2603 Conclare

405 2644 532 2710 Palatii
547 2643 741 2728 Apostolici,
757 2646 790 2710 in
807 2666 870 2728 quo
886 2645 1034 2728 prefatus
1051 2643 1199 2710 dominus
1215 2651 1325 2710 noster
1341 2645 1473 2722 abierat,
1487 2663 1518 2706 ne

408 2752 554 2818 dicamus
570 2754 705 2834 obierat,
718 2753 811 2836 juxta
827 2754 1011 2818 sanctiones
1027 2753 1198 2818 canonicas
1215 2752 1413 2818 decrevimus
1434 2754 1520 2818 intro

405 2861 462 2924 ire.
479 2857 544 2925 Sed
561 2860 656 2924 certis
674 2881 712 2924 ex
728 2861 834 2926 causis
851 2860 892 2925 ad
909 2861 943 2925 id
958 2866 1104 2926 nostrum
1128 2860 1359 2925 inducentibus
1384 2862 1519 2940 animum,

404 2968 591 3051 hujusmodi
615 2975 764 3034 nostrum
790 2970 960 3034 introitum
985 2969 1027 3034 ad
1047 2969 1131 3033 diem
1147 2968 1333 3034 immediate
1350 2973 1519 3052 sequentem

406 3075 556 3141 duximus
581 3075 813 3157 differendum
838 3098 901 3159 qua
927 3076 1058 3160 quidem
1084 3075 1145 3159 die,
1171 3077 1322 3142 iidelieet
1359 3075 1455 3142 VIII.
1476 3075 1520 3140 die

403 3186 521 3251 mensis
539 3184 676 3269 Aprilis,
692 3187 841 3269 primitus
857 3188 966 3269 gratia
983 3185 1126 3270 Spiritus
1143 3184 1256 3252 Sancti
1272 3187 1432 3270 invocata,
1446 3185 1518 3252 Gon·

408 3295 499 3360 clave
515 3293 680 3377 prefatum
696 3296 896 3376 intravimus,
913 3296 953 3360 de
970 3295 1126 3360 electione
1144 3303 1175 3360 et
1193 3295 1425 3363 substitutione
1434 3293 1520 3359 futuri

406 3401 577 3466 Pontificis
593 3403 787 3482 tractaturi3
813 3404 1028 3486 sequentique
1054 3403 1116 3485 die,
1136 3404 1279 3470 Luciferi
1295 3404 1465 3468 nescientis
1478 3421 1520 3466 oc-

404 3531 522 3590 casum,
533 3511 632 3592 utpie
649 3509 809 3575 oredimus
827 3511 930 3576 radiis
941 3511 1109 3594 illustrati,
1127 3514 1215 3578 circa
1232 3512 1321 3578 illam
1332 3511 1397 3578 diei
1412 3511 1519 3588 horam,

404 3639 469 3699 qua
486 3615 627 3699 Spiritus
643 3618 699 3684 ille
715 3617 902 3685 Paraclitus
918 3619 951 3683 in
969 3617 1165 3684 Sanctorum
1175 3620 1419 3704 Discipulorum
1434 3616 1520 3683 corda

404 3723 580 3806 descendit,
606 3723 648 3789 ad
672 3745 844 3808 personam
860 3725 1041 3792 Reverendi
1058 3728 1091 3790 in
1107 3724 1241 3793 Christo
1267 3726 1389 3809 fratris,
1413 3723 1520 3791 domini

404 3833 442 3896 Β.
459 3831 709 3917 Archiepiscopi
734 3835 899 3915 Berensis,
924 3835 985 3898 viri
1006 3836 1118 3918 utique
1134 3857 1329 3919 magnorum
1344 3836 1519 3901 meritorum

406 3939 556 4004 claritate
582 3940 743 4022 perspicui
769 3947 802 4006 et
826 3941 1054 4025 multiplicium
1082 3943 1239 4006 uirtutum
1265 3941 1418 4026 lampade
1437 3937 1520 4005 reful-

405 4047 520 4131 gentis,
545 4046 649 4112 libere
674 4052 707 4112 et
730 4050 930 4114 unanimiter
956 4050 1132 4114 direximus
1157 4055 1234 4114 vota
1258 4056 1380 4132 nostra,
1406 4043 1520 4114 eumad

407 4153 618 4220 Celsitudinis
644 4153 838 4239 Apostolice
864 4157 1029 4242 speculam
1061 4158 1266 4224 concorditer
1296 4167 1472 4239 evocantes,
1493 4157 1521 4216 el

406 4261 491 4327 hanc
507 4269 652 4328 nostram
679 4265 901 4329 evocationem
919 4286 974 4330 seu
991 4265 1181 4331 electionem
1197 4267 1231 4330 in
1247 4272 1422 4350 conspectu
1436 4259 1522 4329 maxi·

408 4393 458 4436 me
475 4370 664 4436 Christiane
677 4371 780 4454 plebis
790 4372 1010 4438 multitudinis
1020 4374 1216 4438 nuntiantes.
1233 4369 1386 4438 Ceterum
1404 4373 1454 4438 die
1466 4364 1521 4433 IX.

409 4478 552 4562 ejusdem
578 4480 698 4544 mensis
724 4477 853 4562 Aprilis
878 4479 964 4545 idem
990 4481 1139 4546 dominus
1165 4488 1276 4547 noster
1292 4480 1521 4546 electuscoram

406 4586 504 4653 turba
529 4587 671 4652 fidelium
700 4589 832 4671 copiosa
857 4610 954 4673 super
971 4589 1138 4654 'l'hronum
1155 4588 1327 4674 dignitatis
1344 4585 1521 4675 Apostolice
