3226 5254
615 381 707 442 1380.
975 441 981 452 ,
1153 381 1217 446 339

94 556 199 622 Sancti
214 555 403 640 Augustini,
420 555 519 624 Sacre
535 557 714 640 Theologie
734 555 914 640 Egregium
931 555 1163 639 Professorem
1180 580 1217 624 ac

93 663 234 732 Nobilem
251 665 393 732 Militem
410 667 575 732 dominum
600 664 755 732 Noirium
782 665 904 730 domini
933 665 1043 732 Barne
1068 666 1109 732 de
1134 667 1216 733 Ros·

96 774 215 856 solanis,
232 795 270 840 ao
286 773 478 859 prudentem
496 775 600 840 virum
613 773 754 840 Paulum
764 773 973 856 Bemardini,
989 774 1216 842 dilectissimos

92 883 168 947 cives
183 888 309 948 nostros
326 885 367 948 ad
388 880 583 950 Serenitatis
613 878 733 950 Vestre
760 880 997 949 Oelsitudinem
1023 883 1215 968 Legationis

93 989 180 1054 titulo
195 989 394 1056 destinamus
420 987 547 1073 Quibus
563 991 596 1054 in
614 989 816 1075 explicandis
829 990 981 1072 dignetur
998 988 1123 1058 Vestra
1140 988 1216 1055 Ole-

94 1098 211 1178 mentia,
227 1118 300 1164 cum
315 1097 456 1182 benigne
473 1097 692 1164 exauditionis
709 1098 853 1179 obtentu,
864 1103 1033 1180 tamquam
1052 1097 1217 1164 devotioni

95 1212 193 1270 nostre
210 1206 243 1269 in
260 1205 407 1271 omnibns
425 1203 567 1284 credere,
594 1212 628 1272 et
654 1207 688 1272 in
714 1205 934 1290 supplicandis
961 1207 1138 1290 propitium
1164 1227 1217 1270 ex-

95 1312 203 1384 hibese.
220 1315 311 1382 Data
326 1323 385 1380 etc.
405 1314 517 1400 (1380.
535 1315 639 1398 majus
657 1315 702 1400 6.)

94 1457 125 1519 (A
138 1459 268 1525 »signori
283 1460 437 1526 Cartaggie,
452 1459 578 1510 11111101(
599 1461 652 1510 stb.
676 1461 781 1510 XVIII.
792 1459 939 1525 kiltegdbtll
964 1465 1020 1512 141.
1034 1475 1073 1511 sz.
1092 1459 1217 1521 1.,111-

449 1552 541 1602 renczi
552 1566 625 1616 nagy
639 1552 834 1612 levtlttrbsn.)

653 1711 732 1722 .-—-·

615 1863 688 1924 162.

1 2077 2 2080 ,
95 2020 120 2081 Ι.
133 2023 224 2106 Lujoe
240 2045 382 2108 mopyur
398 2024 430 2086 is
446 2022 570 2108 leopyel
586 2022 703 2106 kirrily
711 2021 817 2086 Jonas
827 2021 949 2085 11011111
968 2021 1056 2100 11111,
1072 2019 1120 2084 1111
1136 2021 1216 2084 mint

1 2171 2 2180 ,
94 2127 168 2190 11011
184 2128 411 2215 coapatainak
438 2131 556 2194 11111111
572 2129 655 2194 111111
683 2129 947 2210 colonorumque,
975 2129 1217 2215 epyszersmiad

287 2237 415 2300 killcslio
423 2235 607 2322 felvdleldre
624 2235 909 2318 mcpbutolmazao.
929 2237 1024 2302 1380.

194 2393 264 2460 Nos
281 2397 448 2462 Lodouius
464 2397 526 2462 Dei
542 2397 655 2482 gracia
672 2397 743 2462 ltux
759 2396 940 2480 Huugarie,
966 2397 1115 2478 Polonie,
1138 2395 1218 2464 Dal·

97 2505 190 2569 macie
216 2512 275 2571 otc.
301 2511 414 2571 tenore
439 2508 642 2591 presencium
669 2506 873 2572 notificamus
897 2504 988 2573 robis
1013 2507 1169 2572 uniuersis
1186 2511 1219 2570 et

97 2611 223 2696 singulis
240 2613 399 2692 Ducibus,
419 2612 579 2696 Dominis
598 2613 855 2696 marchionibus,
882 2613 1057 2696 Militibus,
1083 2613 1219 2680 Comiti-

94 2717 160 2800 bus,
173 2731 206 2786 et
222 2720 397 2787 Nobilibus
414 2743 452 2787 ac
477 2723 667 2807 proceribus
688 2723 773 2804 viris,
790 2729 822 2788 et
838 2721 1061 2788 communibus
1083 2721 1218 2802 ciuibus

3 2913 4 2920 ἵ
96 2831 318 2913 terrarumque
335 2830 494 2912 Dominis,
510 2837 543 2897 et
559 2832 632 2896 aliis
649 2853 842 2917 quocunque
859 2831 956 2897 titulo
975 2838 1006 2896 et
1032 2829 1218 2896 denomina-

3 2923 4 2948 ³
94 2937 181 3001 aione
194 2943 356 3018 notentur,
373 2939 417 3004 ad
434 2959 514 3022 quos
531 2945 696 3022 presentes
712 2939 939 3022 peruenerint‚
964 2939 1076 3003 amicis
1099 2937 1220 3001 nostris

5 3063 7 3118 1
94 3045 279 3110 karissimis.
296 3043 382 3129 Quia
398 3047 610 3131 Magnificum
636 3048 740 3111 virum
761 3046 926 3112 dominum
952 3045 1137 3111 Jobannem
1154 3045 1220 3110 Ba-

6 3193 8 3244 l
94 3173 168 3217 num
179 3153 452 3236 Machouiensem,
463 3153 749 3221 nuncGeneralem
757 3151 972 3238 Capitoneum
986 3155 1091 3236 gentis
1104 3159 1213 3218 nostre

95 3281 225 3345 cumque
243 3263 342 3328 etiam
359 3262 488 3329 fidelem
505 3270 655 3330 nostrum
681 3263 820 3329 latorem
845 3263 1045 3346 presencium
1072 3260 1114 3326 ad
1132 3261 1220 3344 ipsas

95 3366 203 3434 Ytalie
217 3376 330 3454 partes
346 3389 407 3455 pro
422 3372 520 3436 certis
537 3370 658 3437 nostris
678 3372 823 3455 negociis
844 3369 1058 3454 expediendis
1083 3369 1145 3434 sibi
1163 3389 1219 3450 per

95 3498 148 3542 nos
173 3478 358 3564 specialiter
375 3482 554 3546 commissis
569 3478 819 3564 presencialiter
844 3477 1061 3557 destinamus;
1085 3481 1119 3541 et
1144 3477 1221 3559 quia

11 3647 12 3652 ,
95 3585 204 3652 abinde
220 3593 345 3654 remote
361 3609 417 3656 seu
432 3610 489 3673 per
506 3611 570 3655 non
595 3587 721 3655 modica
746 3587 858 3671 spacia
882 3585 1011 3652 itineris
1034 3606 1094 3650 nos
1121 3583 1221 3650 dista-

11 3693 13 3766 ζ
96 3711 168 3774 mus,
183 3701 385 3780 nequeuntes
410 3696 512 3762 eciam
527 3704 702 3780 propterea
718 3695 776 3777 illi,
793 3695 821 3759 si
836 3716 939 3775 casus,
955 3697 989 3758 vt
1005 3714 1080 3778 sepe
1097 3693 1222 3758 contin-

97 3799 150 3882 git,
163 3803 336 3886 ingereret,
354 3803 449 3868 iuxta
465 3803 553 3887 quod
569 3803 737 3888 expediret
753 3809 786 3867 et
802 3801 1007 3884 negotiorum
1024 3799 1167 3884 qualitas
1176 3800 1211 3864 in

97 3917 217 3986 gereret
243 3909 438 3975 subvenire:
457 3919 630 3997 eapropter
653 3909 940 3994 Magnificenciam
967 3915 1000 3974 et
1027 3906 1221 3974 Amiciciam

98 4010 246 4084 Vestram
262 4040 372 4084 amore
389 4021 514 4087 sincero
530 4022 673 4104 petimus
690 4027 723 4085 et
740 4018 900 4086 effectiuis
926 4017 1077 4102 precibus
1094 4024 1222 4082 exorta-

98 4139 171 4205 mur,
188 4131 350 4209 quatenus
367 4126 454 4192 dicto
473 4127 602 4194 domino
619 4125 766 4195 Johanni
783 4126 888 4209 Bano,
915 4126 1097 4212 Capitaneo
1116 4123 1222 4190 Gene-

98 4230 152 4296 roll
161 4231 317 4317 predicto,
327 4256 423 4320 quem
439 4236 482 4301 ad
492 4233 670 4320 petendum
687 4242 720 4302 et
734 4236 958 4321 recipiendum
975 4257 995 4300 a
1013 4234 1103 4302 robis
1114 4234 1220 4300 nostri

101 4347 184 4416 parte
200 4343 289 4408 ultro
305 4344 514 4412 concedenda
532 4351 653 4428 mutua,
671 4367 730 4426 pro
747 4345 843 4411 dictis
860 4345 1005 4428 negociis
1030 4343 1152 4409 nostris
1169 4363 1220 4408 ex·

101 4445 268 4534 pediendis,
285 4451 314 4515 si
334 4474 428 4520 casus
444 4452 650 4518 necessitatis
667 4452 804 4534 adesset,
821 4461 853 4517 et
869 4452 931 4518 sibi
948 4452 1112 4516 ridebitur
1128 4472 1222 4534 expe·

102 4548 171 4634 dire,
186 4563 335 4623 nostrum
351 4582 472 4642 verum,
493 4559 686 4645 legiptimum
702 4583 742 4626 ac
760 4560 935 4626 solemnem
966 4565 1225 4644 procuratorem,

28 4658 34 4669 '
1056 4663 1116 4732 22*
