<?xml version="1.0" encoding="UTF-8"?>
<!DOCTYPE html PUBLIC "-//W3C//DTD XHTML 1.0 Transitional//EN"
    "http://www.w3.org/TR/xhtml1/DTD/xhtml1-transitional.dtd">
<html xmlns="http://www.w3.org/1999/xhtml" xml:lang="en" lang="en">
 <head>
  <title>
</title>
<meta http-equiv="Content-Type" content="text/html;charset=utf-8" />
  <meta name='ocr-system' content='tesseract 3.04.00' />
  <meta name='ocr-capabilities' content='ocr_page ocr_carea ocr_par ocr_line ocrx_word'/>
</head>
<body>
  <div class='ocr_page' id='page_1' title='image "./magyardiplomacz00wenzgoog_0207.png"; bbox 0 0 3172 5254; ppageno 0'>
   <div class='ocr_carea' id='block_1_1' title="bbox 573 383 1182 453">
    <p class='ocr_par' dir='ltr' id='par_1_1' title="bbox 573 383 1182 453">
     <span class='ocr_line' id='line_1_1' title="bbox 573 383 1182 453; baseline 0.005 -3"><span class='ocrx_word' id='word_1_1' title='bbox 573 383 667 450; x_wconf 78' lang='lat'><strong>1379.</strong></span> <span class='ocrx_word' id='word_1_2' title='bbox 1123 390 1182 453; x_wconf 78' lang='lat'>171</span> 
     </span>
    </p>
   </div>
   <div class='ocr_carea' id='block_1_2' title="bbox 1 561 1187 1079">
    <p class='ocr_par' dir='ltr' id='par_1_2' title="bbox 1 561 1187 1079">
     <span class='ocr_line' id='line_1_2' title="bbox 1 561 1187 652; baseline 0 -20"><span class='ocrx_word' id='word_1_3' title='bbox 1 623 2 632; x_wconf 73' lang='grc'>,</span> <span class='ocrx_word' id='word_1_4' title='bbox 68 561 142 644; x_wconf 83' lang='lat' dir='ltr'>giam</span> <span class='ocrx_word' id='word_1_5' title='bbox 158 569 189 626; x_wconf 90' lang='lat' dir='ltr'>et</span> <span class='ocrx_word' id='word_1_6' title='bbox 203 562 380 647; x_wconf 88' lang='lat' dir='ltr'>Regiuales</span> <span class='ocrx_word' id='word_1_7' title='bbox 407 563 600 650; x_wconf 87' lang='lat' dir='ltr'>Majestates</span> <span class='ocrx_word' id='word_1_8' title='bbox 616 591 623 634; x_wconf 76' lang='lat' dir='ltr'>z</span> <span class='ocrx_word' id='word_1_9' title='bbox 644 573 754 632; x_wconf 87' lang='lat' dir='ltr'>tamen</span> <span class='ocrx_word' id='word_1_10' title='bbox 779 566 953 633; x_wconf 80' lang='lat' dir='ltr'>affectuore</span> <span class='ocrx_word' id='word_1_11' title='bbox 968 587 1122 650; x_wconf 80' lang='lat' dir='ltr'><strong>rogamus</strong></span> <span class='ocrx_word' id='word_1_12' title='bbox 1138 567 1187 652; x_wconf 90' lang='lat' dir='ltr'>ip·</span> 
     </span>
     <span class='ocr_line' id='line_1_3' title="bbox 70 670 1187 758; baseline 0.005 -23.651"><span class='ocrx_word' id='word_1_13' title='bbox 70 689 127 734; x_wconf 86' lang='lat' dir='ltr'>sam</span> <span class='ocrx_word' id='word_1_14' title='bbox 138 670 450 738; x_wconf 79' lang='lat' dir='ltr'>Resereudissimam</span> <span class='ocrx_word' id='word_1_15' title='bbox 468 672 709 740; x_wconf 86' lang='lat' dir='ltr'>Paternitatem</span> <span class='ocrx_word' id='word_1_16' title='bbox 720 675 883 754; x_wconf 80' lang='lat' dir='ltr'>Vestram,</span> <span class='ocrx_word' id='word_1_17' title='bbox 900 682 966 740; x_wconf 86' lang='lat' dir='ltr'>tam</span> <span class='ocrx_word' id='word_1_18' title='bbox 984 672 1071 758; x_wconf 87' lang='lat' dir='ltr'>apud</span> <span class='ocrx_word' id='word_1_19' title='bbox 1087 674 1187 758; x_wconf 89' lang='lat' dir='ltr'>Regi-</span> 
     </span>
     <span class='ocr_line' id='line_1_4' title="bbox 1 777 1184 866; baseline 0.007 -25"><span class='ocrx_word' id='word_1_20' title='bbox 1 800 2 866; x_wconf 63' lang='grc' dir='ltr'><strong>ᾔ</strong></span> <span class='ocrx_word' id='word_1_21' title='bbox 69 799 111 842; x_wconf 88' lang='lat' dir='ltr'>am</span> <span class='ocrx_word' id='word_1_22' title='bbox 125 784 155 842; x_wconf 91' lang='lat' dir='ltr'>et</span> <span class='ocrx_word' id='word_1_23' title='bbox 169 777 348 862; x_wconf 86' lang='lat' dir='ltr'>Reginalcs</span> <span class='ocrx_word' id='word_1_24' title='bbox 364 778 572 864; x_wconf 77' lang='lat' dir='ltr'>MajostatcS,</span> <span class='ocrx_word' id='word_1_25' title='bbox 589 803 685 866; x_wconf 89' lang='lat' dir='ltr'>quam</span> <span class='ocrx_word' id='word_1_26' title='bbox 702 783 735 846; x_wconf 94' lang='lat' dir='ltr'>iu</span> <span class='ocrx_word' id='word_1_27' title='bbox 752 781 845 848; x_wconf 87' lang='lat' dir='ltr'>uobis</span> <span class='ocrx_word' id='word_1_28' title='bbox 861 780 1049 862; x_wconf 78' lang='lat' dir='ltr'><strong>commissis,</strong></span> <span class='ocrx_word' id='word_1_29' title='bbox 1066 780 1184 849; x_wconf 89' lang='lat' dir='ltr'>Vobis-</span> 
     </span>
     <span class='ocr_line' id='line_1_5' title="bbox 68 885 1180 974; baseline 0.007 -23.545"><span class='ocrx_word' id='word_1_30' title='bbox 68 905 129 950; x_wconf 88' lang='lat' dir='ltr'>cum</span> <span class='ocrx_word' id='word_1_31' title='bbox 151 885 358 952; x_wconf 88' lang='lat' dir='ltr'>collationem</span> <span class='ocrx_word' id='word_1_32' title='bbox 384 889 597 954; x_wconf 86' lang='lat' dir='ltr'>necessariam</span> <span class='ocrx_word' id='word_1_33' title='bbox 622 889 822 974; x_wconf 88' lang='lat' dir='ltr'>participare</span> <span class='ocrx_word' id='word_1_34' title='bbox 845 890 1014 974; x_wconf 88' lang='lat' dir='ltr'>possimus,</span> <span class='ocrx_word' id='word_1_35' title='bbox 1045 895 1079 958; x_wconf 88' lang='lat' dir='ltr'>et</span> <span class='ocrx_word' id='word_1_36' title='bbox 1094 890 1180 958; x_wconf 84' lang='lat' dir='ltr'>riam</span> 
     </span>
     <span class='ocr_line' id='line_1_6' title="bbox 1 975 564 1079; baseline 0.014 -24"><span class='ocrx_word' id='word_1_37' title='bbox 1 975 2 1067; x_wconf 49' lang='lat' dir='ltr'>s</span> <span class='ocrx_word' id='word_1_38' title='bbox 69 992 94 1058; x_wconf 93' lang='lat' dir='ltr'>iu</span> <span class='ocrx_word' id='word_1_39' title='bbox 108 994 183 1078; x_wconf 89' lang='lat' dir='ltr'>ipsis</span> <span class='ocrx_word' id='word_1_40' title='bbox 200 993 371 1079; x_wconf 86' lang='lat' dir='ltr'>disponere</span> <span class='ocrx_word' id='word_1_41' title='bbox 387 996 564 1063; x_wconf 87' lang='lat' dir='ltr'>meliorem.</span> 
     </span>
    </p>
   </div>
   <div class='ocr_carea' id='block_1_3' title="bbox 115 1191 1128 1277">
    <p class='ocr_par' dir='ltr' id='par_1_3' title="bbox 115 1191 1128 1277">
     <span class='ocr_line' id='line_1_7' title="bbox 115 1191 1128 1277; baseline 0.006 -19"><span class='ocrx_word' id='word_1_42' title='bbox 115 1191 145 1277; x_wconf 79' lang='lat'>7)</span> <span class='ocrx_word' id='word_1_43' title='bbox 169 1193 323 1260; x_wconf 77' lang='lat' dir='ltr'>Orbtu</span> <span class='ocrx_word' id='word_1_44' title='bbox 348 1194 605 1260; x_wconf 80' lang='lat' dir='ltr'>mesteruelr</span> <span class='ocrx_word' id='word_1_45' title='bbox 628 1218 648 1260; x_wconf 87' lang='lat' dir='ltr'>a</span> <span class='ocrx_word' id='word_1_46' title='bbox 672 1196 904 1264; x_wconf 86' lang='lat' dir='ltr'>veleuczei</span> <span class='ocrx_word' id='word_1_47' title='bbox 929 1196 1128 1264; x_wconf 76' lang='lat' dir='ltr'>korctek.</span> 
     </span>
    </p>
   </div>
   <div class='ocr_carea' id='block_1_4' title="bbox 1 1320 1190 2592">
    <p class='ocr_par' dir='ltr' id='par_1_4' title="bbox 271 1320 597 1403">
     <span class='ocr_line' id='line_1_8' title="bbox 271 1320 597 1403; baseline 0.003 -17"><span class='ocrx_word' id='word_1_48' title='bbox 271 1321 434 1403; x_wconf 85' lang='lat' dir='ltr'>Magistro</span> <span class='ocrx_word' id='word_1_49' title='bbox 451 1320 597 1388; x_wconf 86' lang='lat' dir='ltr'>Urbano.</span> 
     </span>
    </p>

    <p class='ocr_par' dir='ltr' id='par_1_5' title="bbox 1 1428 1190 2592">
     <span class='ocr_line' id='line_1_9' title="bbox 1 1428 1188 1518; baseline 0.004 -25"><span class='ocrx_word' id='word_1_50' title='bbox 1 1509 2 1518; x_wconf 8' lang='grc' dir='ltr'>ἵ</span> <span class='ocrx_word' id='word_1_51' title='bbox 162 1428 355 1494; x_wconf 88' lang='lat' dir='ltr'>Reverende</span> <span class='ocrx_word' id='word_1_52' title='bbox 381 1428 544 1513; x_wconf 82' lang='lat' dir='ltr'>Magister</span> <span class='ocrx_word' id='word_1_53' title='bbox 560 1436 593 1495; x_wconf 88' lang='lat' dir='ltr'>et</span> <span class='ocrx_word' id='word_1_54' title='bbox 608 1428 720 1496; x_wconf 84' lang='lat' dir='ltr'>Pater.</span> <span class='ocrx_word' id='word_1_55' title='bbox 752 1429 841 1516; x_wconf 76' lang='lat' dir='ltr'>Quia</span> <span class='ocrx_word' id='word_1_56' title='bbox 857 1433 975 1498; x_wconf 86' lang='lat' dir='ltr'>scimus</span> <span class='ocrx_word' id='word_1_57' title='bbox 991 1431 1059 1500; x_wconf 87' lang='lat' dir='ltr'>Vos</span> <span class='ocrx_word' id='word_1_58' title='bbox 1077 1455 1188 1498; x_wconf 86' lang='lat' dir='ltr'>uman-</span> 
     </span>
     <span class='ocr_line' id='line_1_10' title="bbox 1 1529 1190 1624; baseline 0.008 -25"><span class='ocrx_word' id='word_1_59' title='bbox 1 1529 2 1578; x_wconf 53' lang='grc' dir='ltr'><strong>ἶ</strong></span> <span class='ocrx_word' id='word_1_60' title='bbox 71 1536 216 1602; x_wconf 78' lang='lat' dir='ltr'>tissimum</span> <span class='ocrx_word' id='word_1_61' title='bbox 231 1557 301 1602; x_wconf 87' lang='lat' dir='ltr'>esse</span> <span class='ocrx_word' id='word_1_62' title='bbox 317 1537 508 1620; x_wconf 90' lang='lat' dir='ltr'>Reipublice</span> <span class='ocrx_word' id='word_1_63' title='bbox 525 1543 650 1619; x_wconf 82' lang='lat' dir='ltr'>uostre3</span> <span class='ocrx_word' id='word_1_64' title='bbox 667 1539 869 1621; x_wconf 76' lang='lat' dir='ltr'>presentibus</span> <span class='ocrx_word' id='word_1_65' title='bbox 886 1539 1085 1621; x_wconf 83' lang='lat' dir='ltr'>denotamus,</span> <span class='ocrx_word' id='word_1_66' title='bbox 1101 1541 1190 1624; x_wconf 89' lang='lat' dir='ltr'>quod</span> 
     </span>
     <span class='ocr_line' id='line_1_11' title="bbox 70 1643 1189 1731; baseline 0.008 -23.477"><span class='ocrx_word' id='word_1_67' title='bbox 70 1643 213 1710; x_wconf 88' lang='lat' dir='ltr'>hodierna</span> <span class='ocrx_word' id='word_1_68' title='bbox 239 1645 292 1710; x_wconf 89' lang='lat' dir='ltr'>die</span> <span class='ocrx_word' id='word_1_69' title='bbox 318 1652 434 1709; x_wconf 86' lang='lat' dir='ltr'>octava</span> <span class='ocrx_word' id='word_1_70' title='bbox 459 1643 553 1729; x_wconf 87' lang='lat' dir='ltr'>Junij</span> <span class='ocrx_word' id='word_1_71' title='bbox 580 1645 749 1729; x_wconf 86' lang='lat' dir='ltr'>attigimus</span> <span class='ocrx_word' id='word_1_72' title='bbox 774 1643 1041 1731; x_wconf 88' lang='lat' dir='ltr'>Altumburgum,</span> <span class='ocrx_word' id='word_1_73' title='bbox 1063 1650 1189 1716; x_wconf 82' lang='lat' dir='ltr'>venturi</span> 
     </span>
     <span class='ocr_line' id='line_1_12' title="bbox 1 1751 1186 1846; baseline 0.006 -31"><span class='ocrx_word' id='word_1_74' title='bbox 1 1803 2 1846; x_wconf 61' lang='lat'>,</span> <span class='ocrx_word' id='word_1_75' title='bbox 69 1761 272 1834; x_wconf 83' lang='lat' dir='ltr'>properanter</span> <span class='ocrx_word' id='word_1_76' title='bbox 297 1752 340 1818; x_wconf 84' lang='lat' dir='ltr'>ad</span> <span class='ocrx_word' id='word_1_77' title='bbox 367 1759 574 1836; x_wconf 88' lang='lat' dir='ltr'>conspectum</span> <span class='ocrx_word' id='word_1_78' title='bbox 591 1751 797 1820; x_wconf 74' lang='lat' dir='ltr'>serenissimi</span> <span class='ocrx_word' id='word_1_79' title='bbox 814 1755 937 1822; x_wconf 88' lang='lat' dir='ltr'>domiui</span> <span class='ocrx_word' id='word_1_80' title='bbox 954 1756 1056 1840; x_wconf 87' lang='lat' dir='ltr'>Regis</span> <span class='ocrx_word' id='word_1_81' title='bbox 1073 1755 1186 1840; x_wconf 86' lang='lat' dir='ltr'>Vuga·</span> 
     </span>
     <span class='ocr_line' id='line_1_13' title="bbox 70 1859 1187 1947; baseline 0.005 -23"><span class='ocrx_word' id='word_1_82' title='bbox 70 1859 117 1924; x_wconf 88' lang='lat' dir='ltr'>rie.</span> <span class='ocrx_word' id='word_1_83' title='bbox 145 1861 189 1926; x_wconf 85' lang='lat' dir='ltr'>Et</span> <span class='ocrx_word' id='word_1_84' title='bbox 214 1861 293 1943; x_wconf 91' lang='lat' dir='ltr'>quia</span> <span class='ocrx_word' id='word_1_85' title='bbox 318 1881 394 1924; x_wconf 85' lang='lat' dir='ltr'>roro</span> <span class='ocrx_word' id='word_1_86' title='bbox 419 1860 539 1926; x_wconf 88' lang='lat' dir='ltr'>iudicio</span> <span class='ocrx_word' id='word_1_87' title='bbox 565 1861 668 1928; x_wconf 85' lang='lat' dir='ltr'>multa</span> <span class='ocrx_word' id='word_1_88' title='bbox 693 1883 862 1945; x_wconf 89' lang='lat' dir='ltr'>speramus</span> <span class='ocrx_word' id='word_1_89' title='bbox 881 1885 940 1947; x_wconf 90' lang='lat' dir='ltr'>pro</span> <span class='ocrx_word' id='word_1_90' title='bbox 957 1863 1187 1930; x_wconf 77' lang='lat' dir='ltr'>informatione</span> 
     </span>
     <span class='ocr_line' id='line_1_14' title="bbox 1 1969 1189 2054; baseline 0.002 -20"><span class='ocrx_word' id='word_1_91' title='bbox 1 1980 2 2034; x_wconf 73' lang='lat' dir='ltr'>i</span> <span class='ocrx_word' id='word_1_92' title='bbox 70 1974 170 2032; x_wconf 87' lang='lat' dir='ltr'>nostra</span> <span class='ocrx_word' id='word_1_93' title='bbox 184 1969 307 2034; x_wconf 88' lang='lat' dir='ltr'>habere</span> <span class='ocrx_word' id='word_1_94' title='bbox 323 1969 365 2034; x_wconf 91' lang='lat' dir='ltr'>ab</span> <span class='ocrx_word' id='word_1_95' title='bbox 382 1969 452 2034; x_wconf 89' lang='lat' dir='ltr'>alta</span> <span class='ocrx_word' id='word_1_96' title='bbox 467 1975 575 2036; x_wconf 82' lang='lat' dir='ltr'>restra</span> <span class='ocrx_word' id='word_1_97' title='bbox 590 1970 779 2054; x_wconf 90' lang='lat' dir='ltr'>prudencia,</span> <span class='ocrx_word' id='word_1_98' title='bbox 796 1979 830 2037; x_wconf 89' lang='lat' dir='ltr'>et</span> <span class='ocrx_word' id='word_1_99' title='bbox 844 1973 987 2039; x_wconf 90' lang='lat' dir='ltr'>utillima</span> <span class='ocrx_word' id='word_1_100' title='bbox 997 1970 1093 2038; x_wconf 82' lang='lat' dir='ltr'>iactis</span> <span class='ocrx_word' id='word_1_101' title='bbox 1103 1994 1189 2038; x_wconf 89' lang='lat' dir='ltr'>com-</span> 
     </span>
     <span class='ocr_line' id='line_1_15' title="bbox 1 2076 1188 2164; baseline 0.005 -24"><span class='ocrx_word' id='word_1_102' title='bbox 1 2079 2 2140; x_wconf 70' lang='lat'>}</span> <span class='ocrx_word' id='word_1_103' title='bbox 70 2077 166 2142; x_wconf 89' lang='lat' dir='ltr'>missis</span> <span class='ocrx_word' id='word_1_104' title='bbox 181 2077 292 2157; x_wconf 90' lang='lat' dir='ltr'>nobis;</span> <span class='ocrx_word' id='word_1_105' title='bbox 318 2076 493 2143; x_wconf 83' lang='lat' dir='ltr'>affectuose</span> <span class='ocrx_word' id='word_1_106' title='bbox 526 2099 686 2162; x_wconf 82' lang='lat' dir='ltr'>rogamus,</span> <span class='ocrx_word' id='word_1_107' title='bbox 711 2080 800 2162; x_wconf 89' lang='lat' dir='ltr'>quod</span> <span class='ocrx_word' id='word_1_108' title='bbox 815 2079 1102 2148; x_wconf 85' lang='lat' dir='ltr'>Revereudissima</span> <span class='ocrx_word' id='word_1_109' title='bbox 1117 2101 1188 2164; x_wconf 88' lang='lat' dir='ltr'>per·</span> 
     </span>
     <span class='ocr_line' id='line_1_16' title="bbox 70 2181 1190 2272; baseline 0.007 -25.536"><span class='ocrx_word' id='word_1_110' title='bbox 70 2181 417 2267; x_wconf 84' lang='lat' dir='ltr'>sonaVest1·a,quam</span> <span class='ocrx_word' id='word_1_111' title='bbox 443 2186 534 2251; x_wconf 86' lang='lat' dir='ltr'>duait</span> <span class='ocrx_word' id='word_1_112' title='bbox 559 2207 652 2254; x_wconf 87' lang='lat' dir='ltr'>amor</span> <span class='ocrx_word' id='word_1_113' title='bbox 675 2187 870 2272; x_wconf 83' lang='lat' dir='ltr'>Reipublice</span> <span class='ocrx_word' id='word_1_114' title='bbox 900 2187 1073 2268; x_wconf 85' lang='lat' dir='ltr'>antedicta,</span> <span class='ocrx_word' id='word_1_115' title='bbox 1111 2187 1190 2254; x_wconf 82' lang='lat' dir='ltr'>uelit</span> 
     </span>
     <span class='ocr_line' id='line_1_17' title="bbox 1 2267 1183 2379; baseline 0.003 -24"><span class='ocrx_word' id='word_1_116' title='bbox 1 2267 2 2362; x_wconf 41' lang='lat' dir='ltr'>i</span> <span class='ocrx_word' id='word_1_117' title='bbox 67 2291 181 2358; x_wconf 83' lang='lat' dir='ltr'>tamdiu</span> <span class='ocrx_word' id='word_1_118' title='bbox 203 2314 330 2358; x_wconf 89' lang='lat' dir='ltr'>moram</span> <span class='ocrx_word' id='word_1_119' title='bbox 354 2293 388 2356; x_wconf 93' lang='lat' dir='ltr'>iu</span> <span class='ocrx_word' id='word_1_120' title='bbox 412 2292 509 2358; x_wconf 90' lang='lat' dir='ltr'>Buda</span> <span class='ocrx_word' id='word_1_121' title='bbox 533 2294 586 2358; x_wconf 86' lang='lat' dir='ltr'>rel</span> <span class='ocrx_word' id='word_1_122' title='bbox 610 2294 644 2359; x_wconf 92' lang='lat' dir='ltr'>iu</span> <span class='ocrx_word' id='word_1_123' title='bbox 670 2294 720 2360; x_wconf 89' lang='lat' dir='ltr'>his</span> <span class='ocrx_word' id='word_1_124' title='bbox 747 2295 896 2379; x_wconf 84' lang='lat' dir='ltr'>partibus</span> <span class='ocrx_word' id='word_1_125' title='bbox 920 2294 1061 2377; x_wconf 81' lang='lat' dir='ltr'>trahere,</span> <span class='ocrx_word' id='word_1_126' title='bbox 1094 2295 1183 2378; x_wconf 89' lang='lat' dir='ltr'>quod</span> 
     </span>
     <span class='ocr_line' id='line_1_18' title="bbox 70 2397 1188 2487; baseline 0.011 -29"><span class='ocrx_word' id='word_1_127' title='bbox 70 2397 222 2466; x_wconf 80' lang='lat' dir='ltr'>vobiscum</span> <span class='ocrx_word' id='word_1_128' title='bbox 239 2401 446 2467; x_wconf 87' lang='lat' dir='ltr'>collationem</span> <span class='ocrx_word' id='word_1_129' title='bbox 462 2407 666 2484; x_wconf 82' lang='lat' dir='ltr'>pertractare</span> <span class='ocrx_word' id='word_1_130' title='bbox 681 2403 840 2485; x_wconf 86' lang='lat' dir='ltr'>possimus</span> <span class='ocrx_word' id='word_1_131' title='bbox 857 2423 954 2486; x_wconf 91' lang='lat' dir='ltr'>super</span> <span class='ocrx_word' id='word_1_132' title='bbox 971 2403 1095 2486; x_wconf 87' lang='lat' dir='ltr'>optima</span> <span class='ocrx_word' id='word_1_133' title='bbox 1111 2425 1188 2487; x_wconf 53' lang='lat' dir='ltr'>quea</span> 
     </span>
     <span class='ocr_line' id='line_1_19' title="bbox 1 2507 1032 2592; baseline 0.008 -24"><span class='ocrx_word' id='word_1_134' title='bbox 1 2527 2 2533; x_wconf 47' lang='lat'>¹</span> <span class='ocrx_word' id='word_1_135' title='bbox 69 2507 162 2574; x_wconf 88' lang='lat' dir='ltr'>reuda</span> <span class='ocrx_word' id='word_1_136' title='bbox 177 2508 230 2574; x_wconf 84' lang='lat' dir='ltr'>ria</span> <span class='ocrx_word' id='word_1_137' title='bbox 248 2515 281 2574; x_wconf 83' lang='lat' dir='ltr'>ot</span> <span class='ocrx_word' id='word_1_138' title='bbox 296 2509 432 2574; x_wconf 89' lang='lat' dir='ltr'>consilio</span> <span class='ocrx_word' id='word_1_139' title='bbox 450 2509 650 2592; x_wconf 82' lang='lat' dir='ltr'>agendorum</span> <span class='ocrx_word' id='word_1_140' title='bbox 666 2511 910 2576; x_wconf 87' lang='lat' dir='ltr'>commissorum</span> <span class='ocrx_word' id='word_1_141' title='bbox 929 2509 1032 2576; x_wconf 88' lang='lat' dir='ltr'>nobis.</span> 
     </span>
    </p>
   </div>
   <div class='ocr_carea' id='block_1_5' title="bbox 172 2681 1045 2792">
    <p class='ocr_par' dir='ltr' id='par_1_6' title="bbox 172 2681 1045 2792">
     <span class='ocr_line' id='line_1_20' title="bbox 172 2681 1045 2792; baseline 0.003 -20"><span class='ocrx_word' id='word_1_142' title='bbox 172 2681 175 2686; x_wconf 15' lang='grc' dir='ltr'><strong>Δ</strong></span> <span class='ocrx_word' id='word_1_143' title='bbox 204 2709 239 2792; x_wconf 85' lang='grc'>8)</span> <span class='ocrx_word' id='word_1_144' title='bbox 262 2705 297 2772; x_wconf 88' lang='lat' dir='ltr'>A</span> <span class='ocrx_word' id='word_1_145' title='bbox 320 2707 549 2774; x_wconf 81' lang='lat' dir='ltr'>relenczei</span> <span class='ocrx_word' id='word_1_146' title='bbox 574 2707 775 2790; x_wconf 81' lang='lat' dir='ltr'>dogeuek</span> <span class='ocrx_word' id='word_1_147' title='bbox 800 2729 820 2772; x_wconf 91' lang='lat' dir='ltr'>a</span> <span class='ocrx_word' id='word_1_148' title='bbox 844 2707 1045 2775; x_wconf 75' lang='lat' dir='ltr'>ktiretelr.</span> 
     </span>
    </p>
   </div>
   <div class='ocr_carea' id='block_1_6' title="bbox 1 2833 1190 4434">
    <p class='ocr_par' dir='ltr' id='par_1_7' title="bbox 1 2833 1190 4434">
     <span class='ocr_line' id='line_1_21' title="bbox 56 2833 1190 2903; baseline -0.001 -3"><span class='ocrx_word' id='word_1_149' title='bbox 56 2880 60 2888; x_wconf 86' lang='lat'><em>·</em></span> <span class='ocrx_word' id='word_1_150' title='bbox 165 2834 379 2902; x_wconf 82' lang='lat' dir='ltr'>Sereuissime</span> <span class='ocrx_word' id='word_1_151' title='bbox 396 2841 429 2902; x_wconf 89' lang='lat' dir='ltr'>et</span> <span class='ocrx_word' id='word_1_152' title='bbox 444 2834 874 2903; x_wconf 84' lang='lat' dir='ltr'>ExcellentissimeDomiue</span> <span class='ocrx_word' id='word_1_153' title='bbox 890 2841 1009 2900; x_wconf 87' lang='lat' dir='ltr'>noster.</span> <span class='ocrx_word' id='word_1_154' title='bbox 1042 2833 1106 2900; x_wconf 91' lang='lat' dir='ltr'>Die</span> <span class='ocrx_word' id='word_1_155' title='bbox 1132 2834 1190 2900; x_wconf 87' lang='lat' dir='ltr'>do·</span> 
     </span>
     <span class='ocr_line' id='line_1_22' title="bbox 69 2942 1188 3026; baseline 0.003 -22"><span class='ocrx_word' id='word_1_156' title='bbox 69 2943 176 3009; x_wconf 84' lang='lat' dir='ltr'>miuiea</span> <span class='ocrx_word' id='word_1_157' title='bbox 193 2944 276 3008; x_wconf 89' lang='lat' dir='ltr'>XII.</span> <span class='ocrx_word' id='word_1_158' title='bbox 302 2944 327 3010; x_wconf 87' lang='lat' dir='ltr'><strong>J</strong></span> <span class='ocrx_word' id='word_1_159' title='bbox 329 2943 397 3026; x_wconf 86' lang='lat' dir='ltr'>unij</span> <span class='ocrx_word' id='word_1_160' title='bbox 423 2943 594 3026; x_wconf 89' lang='lat' dir='ltr'>attigimus</span> <span class='ocrx_word' id='word_1_161' title='bbox 618 2942 758 3022; x_wconf 88' lang='lat' dir='ltr'>Budam,</span> <span class='ocrx_word' id='word_1_162' title='bbox 773 2949 807 3008; x_wconf 89' lang='lat' dir='ltr'>et</span> <span class='ocrx_word' id='word_1_163' title='bbox 823 2943 1010 3025; x_wconf 84' lang='lat' dir='ltr'>invenimus,</span> <span class='ocrx_word' id='word_1_164' title='bbox 1027 2943 1114 3026; x_wconf 91' lang='lat' dir='ltr'>quod</span> <span class='ocrx_word' id='word_1_165' title='bbox 1131 2943 1188 3008; x_wconf 89' lang='lat' dir='ltr'>do·</span> 
     </span>
     <span class='ocr_line' id='line_1_23' title="bbox 68 3050 1189 3134; baseline 0.002 -20"><span class='ocrx_word' id='word_1_166' title='bbox 68 3051 162 3115; x_wconf 89' lang='lat' dir='ltr'>miuus</span> <span class='ocrx_word' id='word_1_167' title='bbox 179 3051 252 3116; x_wconf 86' lang='lat' dir='ltr'>Rex</span> <span class='ocrx_word' id='word_1_168' title='bbox 268 3057 340 3116; x_wconf 86' lang='lat' dir='ltr'>erat</span> <span class='ocrx_word' id='word_1_169' title='bbox 354 3050 449 3134; x_wconf 89' lang='lat' dir='ltr'>louge</span> <span class='ocrx_word' id='word_1_170' title='bbox 466 3071 486 3116; x_wconf 89' lang='lat' dir='ltr'>a</span> <span class='ocrx_word' id='word_1_171' title='bbox 502 3050 600 3115; x_wconf 88' lang='lat' dir='ltr'>Buda</span> <span class='ocrx_word' id='word_1_172' title='bbox 624 3050 763 3134; x_wconf 88' lang='lat' dir='ltr'>perduc</span> <span class='ocrx_word' id='word_1_173' title='bbox 779 3051 920 3117; x_wconf 86' lang='lat' dir='ltr'>miliaria</span> <span class='ocrx_word' id='word_1_174' title='bbox 937 3053 970 3115; x_wconf 94' lang='lat' dir='ltr'>in</span> <span class='ocrx_word' id='word_1_175' title='bbox 986 3052 1105 3116; x_wconf 88' lang='lat' dir='ltr'>solacio</span> <span class='ocrx_word' id='word_1_176' title='bbox 1122 3072 1189 3128; x_wconf 89' lang='lat' dir='ltr'>suo,</span> 
     </span>
     <span class='ocr_line' id='line_1_24' title="bbox 69 3158 1188 3242; baseline 0.001 -22"><span class='ocrx_word' id='word_1_177' title='bbox 69 3163 95 3220; x_wconf 87' lang='lat' dir='ltr'>et</span> <span class='ocrx_word' id='word_1_178' title='bbox 109 3159 195 3240; x_wconf 88' lang='lat' dir='ltr'>quod</span> <span class='ocrx_word' id='word_1_179' title='bbox 211 3160 304 3225; x_wconf 89' lang='lat' dir='ltr'>uobis</span> <span class='ocrx_word' id='word_1_180' title='bbox 331 3159 544 3242; x_wconf 85' lang='lat' dir='ltr'>deputaverat</span> <span class='ocrx_word' id='word_1_181' title='bbox 569 3181 628 3242; x_wconf 91' lang='lat' dir='ltr'>pro</span> <span class='ocrx_word' id='word_1_182' title='bbox 645 3158 851 3224; x_wconf 81' lang='lat' dir='ltr'>auditoribus</span> <span class='ocrx_word' id='word_1_183' title='bbox 867 3159 1188 3242; x_wconf 86' lang='lat' dir='ltr'>uostris,domiuu1u</span> 
     </span>
     <span class='ocr_line' id='line_1_25' title="bbox 69 3262 1190 3351; baseline 0.002 -23"><span class='ocrx_word' id='word_1_184' title='bbox 69 3262 182 3330; x_wconf 89' lang='lat' dir='ltr'>Ducem</span> <span class='ocrx_word' id='word_1_185' title='bbox 198 3267 374 3347; x_wconf 86' lang='lat' dir='ltr'>Karalum,</span> <span class='ocrx_word' id='word_1_186' title='bbox 390 3267 555 3334; x_wconf 90' lang='lat' dir='ltr'>domiuum</span> <span class='ocrx_word' id='word_1_187' title='bbox 583 3267 780 3351; x_wconf 82' lang='lat' dir='ltr'>Episcopum</span> <span class='ocrx_word' id='word_1_188' title='bbox 802 3265 933 3334; x_wconf 81' lang='lat' dir='ltr'>Junoue</span> <span class='ocrx_word' id='word_1_189' title='bbox 952 3266 1021 3351; x_wconf 87' lang='lat' dir='ltr'>(tgy</span> <span class='ocrx_word' id='word_1_190' title='bbox 1037 3266 1190 3332; x_wconf 83' lang='lat' dir='ltr'>Jaurien·</span> 
     </span>
     <span class='ocr_line' id='line_1_26' title="bbox 68 3374 1188 3459; baseline 0.004 -24"><span class='ocrx_word' id='word_1_191' title='bbox 68 3375 149 3459; x_wconf 88' lang='lat' dir='ltr'>sem),</span> <span class='ocrx_word' id='word_1_192' title='bbox 164 3374 332 3441; x_wconf 92' lang='lat' dir='ltr'>domiuum</span> <span class='ocrx_word' id='word_1_193' title='bbox 357 3377 556 3458; x_wconf 81' lang='lat' dir='ltr'>Episcopum</span> <span class='ocrx_word' id='word_1_194' title='bbox 573 3375 829 3456; x_wconf 84' lang='lat' dir='ltr'>Waradieusem,</span> <span class='ocrx_word' id='word_1_195' title='bbox 846 3382 879 3440; x_wconf 91' lang='lat' dir='ltr'>et</span> <span class='ocrx_word' id='word_1_196' title='bbox 896 3375 1063 3440; x_wconf 91' lang='lat' dir='ltr'>domiuum</span> <span class='ocrx_word' id='word_1_197' title='bbox 1088 3374 1188 3440; x_wconf 86' lang='lat' dir='ltr'>Jaco-</span> 
     </span>
     <span class='ocr_line' id='line_1_27' title="bbox 1 3479 1190 3567; baseline 0.003 -23"><span class='ocrx_word' id='word_1_198' title='bbox 1 3491 2 3555; x_wconf 57' lang='grc' dir='ltr'>ξ</span> <span class='ocrx_word' id='word_1_199' title='bbox 69 3479 135 3544; x_wconf 91' lang='lat' dir='ltr'>bum</span> <span class='ocrx_word' id='word_1_200' title='bbox 158 3483 327 3566; x_wconf 88' lang='lat' dir='ltr'>Ispanum.</span> <span class='ocrx_word' id='word_1_201' title='bbox 362 3481 427 3565; x_wconf 79' lang='lat' dir='ltr'>Qui</span> <span class='ocrx_word' id='word_1_202' title='bbox 453 3481 505 3547; x_wconf 84' lang='lat' dir='ltr'>dic</span> <span class='ocrx_word' id='word_1_203' title='bbox 530 3481 622 3548; x_wconf 87' lang='lat' dir='ltr'>Luue</span> <span class='ocrx_word' id='word_1_204' title='bbox 648 3483 798 3565; x_wconf 87' lang='lat' dir='ltr'>sequenti</span> <span class='ocrx_word' id='word_1_205' title='bbox 824 3485 981 3550; x_wconf 88' lang='lat' dir='ltr'>miserunt</span> <span class='ocrx_word' id='word_1_206' title='bbox 1006 3504 1066 3567; x_wconf 92' lang='lat' dir='ltr'>pro</span> <span class='ocrx_word' id='word_1_207' title='bbox 1087 3482 1190 3566; x_wconf 86' lang='lat' dir='ltr'>nobis,</span> 
     </span>
     <span class='ocr_line' id='line_1_28' title="bbox 69 3589 1190 3674; baseline 0.003 -23"><span class='ocrx_word' id='word_1_208' title='bbox 69 3590 209 3672; x_wconf 76' lang='lat' dir='ltr'>volentes,</span> <span class='ocrx_word' id='word_1_209' title='bbox 238 3591 327 3674; x_wconf 88' lang='lat' dir='ltr'>quod</span> <span class='ocrx_word' id='word_1_210' title='bbox 353 3611 586 3673; x_wconf 84' lang='lat' dir='ltr'>exponeremus</span> <span class='ocrx_word' id='word_1_211' title='bbox 613 3591 659 3656; x_wconf 89' lang='lat' dir='ltr'>eis</span> <span class='ocrx_word' id='word_1_212' title='bbox 686 3591 911 3656; x_wconf 88' lang='lat' dir='ltr'>Ambasiatam</span> <span class='ocrx_word' id='word_1_213' title='bbox 938 3598 1093 3658; x_wconf 88' lang='lat' dir='ltr'>nostram.</span> <span class='ocrx_word' id='word_1_214' title='bbox 1120 3589 1190 3654; x_wconf 91' lang='lat' dir='ltr'>Nos</span> 
     </span>
     <span class='ocr_line' id='line_1_29' title="bbox 1 3689 1189 3782; baseline 0.002 -20"><span class='ocrx_word' id='word_1_215' title='bbox 1 3689 2 3740; x_wconf 60' lang='lat'><em>³</em></span> <span class='ocrx_word' id='word_1_216' title='bbox 69 3704 166 3764; x_wconf 87' lang='lat' dir='ltr'>autem</span> <span class='ocrx_word' id='word_1_217' title='bbox 182 3705 400 3782; x_wconf 85' lang='lat' dir='ltr'>procurantes</span> <span class='ocrx_word' id='word_1_218' title='bbox 416 3699 563 3764; x_wconf 88' lang='lat' dir='ltr'>obtinere</span> <span class='ocrx_word' id='word_1_219' title='bbox 579 3718 674 3781; x_wconf 90' lang='lat' dir='ltr'>posse</span> <span class='ocrx_word' id='word_1_220' title='bbox 686 3699 792 3765; x_wconf 82' lang='lat' dir='ltr'>facere</span> <span class='ocrx_word' id='word_1_221' title='bbox 803 3698 1033 3766; x_wconf 87' lang='lat' dir='ltr'>Ambasiatam</span> <span class='ocrx_word' id='word_1_222' title='bbox 1044 3707 1189 3765; x_wconf 86' lang='lat' dir='ltr'>nostram</span> 
     </span>
     <span class='ocr_line' id='line_1_30' title="bbox 1 3804 1190 3891; baseline 0.003 -22"><span class='ocrx_word' id='word_1_223' title='bbox 1 3857 2 3889; x_wconf 79' lang='lat'>,</span> <span class='ocrx_word' id='word_1_224' title='bbox 69 3804 191 3873; x_wconf 90' lang='lat' dir='ltr'>domino</span> <span class='ocrx_word' id='word_1_225' title='bbox 205 3807 302 3890; x_wconf 85' lang='lat' dir='ltr'>Regi,</span> <span class='ocrx_word' id='word_1_226' title='bbox 327 3813 394 3872; x_wconf 86' lang='lat' dir='ltr'>tarn</span> <span class='ocrx_word' id='word_1_227' title='bbox 421 3807 518 3890; x_wconf 86' lang='lat' dir='ltr'>apud&#39;</span> <span class='ocrx_word' id='word_1_228' title='bbox 534 3807 697 3872; x_wconf 89' lang='lat' dir='ltr'>dominam</span> <span class='ocrx_word' id='word_1_229' title='bbox 722 3807 894 3891; x_wconf 83' lang='lat' dir='ltr'>Reginam,</span> <span class='ocrx_word' id='word_1_230' title='bbox 911 3829 1007 3890; x_wconf 90' lang='lat' dir='ltr'>quam</span> <span class='ocrx_word' id='word_1_231' title='bbox 1023 3806 1110 3891; x_wconf 84' lang='lat' dir='ltr'>apud</span> <span class='ocrx_word' id='word_1_232' title='bbox 1125 3805 1190 3872; x_wconf 87' lang='lat' dir='ltr'>Ba·</span> 
     </span>
     <span class='ocr_line' id='line_1_31' title="bbox 69 3913 1190 3999; baseline 0.003 -23.771"><span class='ocrx_word' id='word_1_233' title='bbox 69 3933 163 3998; x_wconf 90' lang='lat' dir='ltr'>roues,</span> <span class='ocrx_word' id='word_1_234' title='bbox 178 3937 253 3980; x_wconf 92' lang='lat' dir='ltr'>cum</span> <span class='ocrx_word' id='word_1_235' title='bbox 277 3915 443 3999; x_wconf 88' lang='lat' dir='ltr'>adjutorio</span> <span class='ocrx_word' id='word_1_236' title='bbox 468 3917 566 3980; x_wconf 88' lang='lat' dir='ltr'>etiam</span> <span class='ocrx_word' id='word_1_237' title='bbox 589 3914 773 3981; x_wconf 83' lang='lat' dir='ltr'>Reverendi</span> <span class='ocrx_word' id='word_1_238' title='bbox 789 3915 912 3980; x_wconf 90' lang='lat' dir='ltr'>domini</span> <span class='ocrx_word' id='word_1_239' title='bbox 928 3914 1102 3982; x_wconf 85' lang='lat' dir='ltr'>Generalis</span> <span class='ocrx_word' id='word_1_240' title='bbox 1118 3913 1190 3980; x_wconf 89' lang='lat' dir='ltr'>Ma-</span> 
     </span>
     <span class='ocr_line' id='line_1_32' title="bbox 1 4023 1190 4107; baseline -0.002 -19"><span class='ocrx_word' id='word_1_241' title='bbox 1 4065 2 4068; x_wconf 58' lang='lat'><em>=</em></span> <span class='ocrx_word' id='word_1_242' title='bbox 69 4024 155 4105; x_wconf 87' lang='lat' dir='ltr'>gistri</span> <span class='ocrx_word' id='word_1_243' title='bbox 179 4023 348 4106; x_wconf 83' lang='lat' dir='ltr'>Lodorici,</span> <span class='ocrx_word' id='word_1_244' title='bbox 365 4024 421 4107; x_wconf 92' lang='lat' dir='ltr'>qui</span> <span class='ocrx_word' id='word_1_245' title='bbox 439 4023 685 4107; x_wconf 88' lang='lat' dir='ltr'>diligentissime</span> <span class='ocrx_word' id='word_1_246' title='bbox 702 4045 736 4089; x_wconf 92' lang='lat' dir='ltr'>se</span> <span class='ocrx_word' id='word_1_247' title='bbox 751 4023 867 4090; x_wconf 88' lang='lat' dir='ltr'>habuit</span> <span class='ocrx_word' id='word_1_248' title='bbox 883 4025 917 4088; x_wconf 90' lang='lat' dir='ltr'>iu</span> <span class='ocrx_word' id='word_1_249' title='bbox 934 4025 984 4088; x_wconf 89' lang='lat' dir='ltr'>his</span> <span class='ocrx_word' id='word_1_250' title='bbox 1000 4023 1106 4106; x_wconf 87' lang='lat' dir='ltr'>factis,</span> <span class='ocrx_word' id='word_1_251' title='bbox 1127 4044 1190 4088; x_wconf 92' lang='lat' dir='ltr'>non</span> 
     </span>
     <span class='ocr_line' id='line_1_33' title="bbox 69 4129 1189 4214; baseline -0.002 -18.114"><span class='ocrx_word' id='word_1_252' title='bbox 69 4133 223 4213; x_wconf 87' lang='lat' dir='ltr'>potuimus</span> <span class='ocrx_word' id='word_1_253' title='bbox 241 4131 408 4212; x_wconf 82' lang='lat' dir='ltr'>obtinere3</span> <span class='ocrx_word' id='word_1_254' title='bbox 425 4132 556 4214; x_wconf 89' lang='lat' dir='ltr'>quaudo</span> <span class='ocrx_word' id='word_1_255' title='bbox 573 4137 742 4214; x_wconf 89' lang='lat' dir='ltr'>oporteret</span> <span class='ocrx_word' id='word_1_256' title='bbox 758 4152 817 4197; x_wconf 93' lang='lat' dir='ltr'>uos</span> <span class='ocrx_word' id='word_1_257' title='bbox 833 4131 941 4197; x_wconf 80' lang='lat' dir='ltr'>facere</span> <span class='ocrx_word' id='word_1_258' title='bbox 958 4129 1189 4197; x_wconf 83' lang='lat' dir='ltr'>Ambasiatam</span> 
     </span>
     <span class='ocr_line' id='line_1_34' title="bbox 70 4239 1190 4326; baseline 0 -24"><span class='ocrx_word' id='word_1_259' title='bbox 70 4251 205 4308; x_wconf 86' lang='lat' dir='ltr'>nostram</span> <span class='ocrx_word' id='word_1_260' title='bbox 230 4243 310 4326; x_wconf 88' lang='lat' dir='ltr'>ipsis</span> <span class='ocrx_word' id='word_1_261' title='bbox 337 4241 476 4307; x_wconf 84' lang='lat' dir='ltr'>dominis</span> <span class='ocrx_word' id='word_1_262' title='bbox 501 4239 739 4321; x_wconf 81' lang='lat' dir='ltr'>Auditoribus;</span> <span class='ocrx_word' id='word_1_263' title='bbox 764 4263 860 4324; x_wconf 88' lang='lat' dir='ltr'>quam</span> <span class='ocrx_word' id='word_1_264' title='bbox 876 4241 1012 4306; x_wconf 77' lang='lat' dir='ltr'>fecimus</span> <span class='ocrx_word' id='word_1_265' title='bbox 1030 4239 1082 4304; x_wconf 88' lang='lat' dir='ltr'>dic</span> <span class='ocrx_word' id='word_1_266' title='bbox 1098 4239 1190 4303; x_wconf 83' lang='lat' dir='ltr'>Luna</span> 
     </span>
     <span class='ocr_line' id='line_1_35' title="bbox 1 4347 1189 4434; baseline 0.004 -25"><span class='ocrx_word' id='word_1_267' title='bbox 1 4405 2 4409; x_wconf 75' lang='grc'>,</span> <span class='ocrx_word' id='word_1_268' title='bbox 71 4350 208 4430; x_wconf 83' lang='lat' dir='ltr'>predict-a</span> <span class='ocrx_word' id='word_1_269' title='bbox 224 4357 300 4434; x_wconf 87' lang='lat' dir='ltr'>post</span> <span class='ocrx_word' id='word_1_270' title='bbox 315 4369 465 4434; x_wconf 85' lang='lat' dir='ltr'>resperas</span> <span class='ocrx_word' id='word_1_271' title='bbox 482 4348 657 4414; x_wconf 89' lang='lat' dir='ltr'>secuudum</span> <span class='ocrx_word' id='word_1_272' title='bbox 689 4347 827 4414; x_wconf 86' lang='lat' dir='ltr'>formam</span> <span class='ocrx_word' id='word_1_273' title='bbox 844 4347 938 4431; x_wconf 88' lang='lat' dir='ltr'>primi</span> <span class='ocrx_word' id='word_1_274' title='bbox 965 4348 1099 4431; x_wconf 87' lang='lat' dir='ltr'>capituli</span> <span class='ocrx_word' id='word_1_275' title='bbox 1118 4369 1189 4414; x_wconf 88' lang='lat' dir='ltr'>uos·</span> 
     </span>
    </p>
   </div>
   <div class='ocr_carea' id='block_1_7' title="bbox 71 4453 1316 4540">
    <p class='ocr_par' dir='ltr' id='par_1_8' title="bbox 71 4453 1316 4540">
     <span class='ocr_line' id='line_1_36' title="bbox 71 4453 1316 4540; baseline 0.003 -22"><span class='ocrx_word' id='word_1_276' title='bbox 71 4465 115 4522; x_wconf 86' lang='lat' dir='ltr'>tre</span> <span class='ocrx_word' id='word_1_277' title='bbox 138 4458 381 4525; x_wconf 82' lang='lat' dir='ltr'>commissionis</span> <span class='ocrx_word' id='word_1_278' title='bbox 414 4454 488 4540; x_wconf 79' lang='lat' dir='ltr'>Qua</span> <span class='ocrx_word' id='word_1_279' title='bbox 512 4453 603 4521; x_wconf 86' lang='lat' dir='ltr'>facta</span> <span class='ocrx_word' id='word_1_280' title='bbox 623 4455 703 4520; x_wconf 87' lang='lat' dir='ltr'>dicti</span> <span class='ocrx_word' id='word_1_281' title='bbox 728 4453 907 4521; x_wconf 88' lang='lat' dir='ltr'>Auditores</span> <span class='ocrx_word' id='word_1_282' title='bbox 924 4454 1085 4538; x_wconf 88' lang='lat' dir='ltr'>dixerunt,</span> <span class='ocrx_word' id='word_1_283' title='bbox 1102 4457 1190 4540; x_wconf 92' lang='lat' dir='ltr'>quod</span> <span class='ocrx_word' id='word_1_284' title='bbox 1315 4481 1316 4486; x_wconf 46' lang='lat'>¹</span> 
     </span>
    </p>
   </div>
   <div class='ocr_carea' id='block_1_8' title="bbox 1 4561 1190 4662">
    <p class='ocr_par' dir='ltr' id='par_1_9' title="bbox 1 4561 1190 4662">
     <span class='ocr_line' id='line_1_37' title="bbox 1 4561 1190 4662; baseline 0.003 -34"><span class='ocrx_word' id='word_1_285' title='bbox 1 4589 2 4602; x_wconf 53' lang='lat'>¹</span> <span class='ocrx_word' id='word_1_286' title='bbox 74 4561 206 4632; x_wconf 84' lang='lat' dir='ltr'>demere</span> <span class='ocrx_word' id='word_1_287' title='bbox 223 4567 434 4650; x_wconf 86' lang='lat' dir='ltr'>Vugarorum</span> <span class='ocrx_word' id='word_1_288' title='bbox 459 4585 526 4631; x_wconf 90' lang='lat' dir='ltr'>nou</span> <span class='ocrx_word' id='word_1_289' title='bbox 551 4570 622 4632; x_wconf 85' lang='lat' dir='ltr'>erat</span> <span class='ocrx_word' id='word_1_290' title='bbox 646 4563 730 4630; x_wconf 91' lang='lat' dir='ltr'>velle</span> <span class='ocrx_word' id='word_1_291' title='bbox 745 4564 854 4648; x_wconf 85' lang='lat' dir='ltr'>rerba,</span> <span class='ocrx_word' id='word_1_292' title='bbox 870 4583 929 4630; x_wconf 88' lang='lat' dir='ltr'>nec</span> <span class='ocrx_word' id='word_1_293' title='bbox 956 4569 1085 4662; x_wconf 86' lang='lat' dir='ltr'>tempus</span> <span class='ocrx_word' id='word_1_294' title='bbox 1101 4565 1190 4632; x_wconf 87' lang='lat' dir='ltr'>iuva-</span> 
     </span>
    </p>
   </div>
   <div class='ocr_carea' id='block_1_9' title="bbox 0 0 1592 5254">
    <p class='ocr_par' dir='ltr' id='par_1_10' title="bbox 0 0 1592 5254">
     <span class='ocr_line' id='line_1_38' title="bbox 0 0 1592 5254; baseline 0 0"><span class='ocrx_word' id='word_1_295' title='bbox 0 0 1592 5254; x_wconf 95' lang='lat' dir='ltr'> </span> 
     </span>
    </p>
   </div>
  </div>
 </body>
</html>
