3134 5254
401 417 464 481 258
752 433 986 481 orenouaemm
1006 421 1172 481 sirinnan.

400 617 477 678 pum
504 594 775 678 quamplurimum
800 594 980 679 fatigatum
1004 594 1255 662 deliberavimus
1281 594 1430 679 quendam
1450 593 1499 658 lm·

399 710 482 767 trem
499 703 660 768 Minorem
688 704 809 768 socium
836 703 937 786 ipsius
964 702 1087 770 domini
1112 703 1295 787 Generalis,
1314 704 1367 787 qui
1383 705 1435 768 seit
1448 700 1500 767 Vn·

399 812 555 894 garioum,
572 811 702 877 mittere
718 831 790 876 cras
815 810 857 874 ad
883 812 989 895 ipsum
1016 811 1182 878 domiuum
1198 813 1367 878 Karolum.
1390 810 1428 875 In
1441 832 1500 876 casu

400 936 475 985 uero
489 941 554 1001 quo
567 920 636 1003 ipse
647 918 797 984 dominus
808 918 955 984 Karolus
971 919 1103 987 recedat
1119 922 1159 985 de
1176 943 1290 1005 campo
1307 920 1501 985 cumexercitu

399 1047 466 1104 suo,
483 1027 561 1108 quia
577 1027 673 1091 nimis
688 1026 785 1111 longe
801 1047 944 1092 essemus
961 1029 1002 1095 ab
1019 1028 1091 1112 ipso
1100 1050 1214 1113 eampo
1231 1029 1348 1094 stando
1364 1027 1427 1108 bio,
1441 1033 1467 1090 et
1478 1028 1501 1089 in

400 1135 525 1200 Mestre
551 1136 629 1218 quia
654 1133 809 1200 habemus
837 1136 954 1200 multos
981 1157 1082 1220 equos
1098 1143 1131 1202 et
1148 1158 1300 1221 magnam
1315 1137 1468 1214 familiam,
1480 1140 1502 1197 et

399 1243 490 1308 locus
506 1249 557 1306 est
573 1242 658 1308 male
675 1242 806 1309 fulcitus
832 1245 1028 1312 victualibus
1045 1267 1104 1329 pro
1120 1251 1214 1312 tanta
1235 1253 1341 1328 gente,
1356 1268 1412 1310 nec
1426 1245 1501 1309 etian

401 1353 492 1417 loeus
517 1351 643 1416 Mestre
669 1351 835 1434 predictus
861 1359 911 1417 est
937 1351 1020 1419 bene
1037 1375 1152 1444 sanus,
1177 1355 1399 1420 nichilominus
1415 1372 1503 1435 seque·

400 1479 473 1522 mur
497 1459 603 1542 ipsum
629 1481 778 1542 campum
804 1460 974 1542 usquead
1000 1462 1104 1526 locum
1132 1461 1315 1543 predictum
1333 1483 1399 1526 cum
1416 1464 1503 1524 scorto

401 1566 522 1631 domini
541 1567 668 1648 Karoli,
686 1587 784 1650 quam
801 1569 1049 1649 procurabimus
1061 1569 1198 1649 habere;
1221 1577 1255 1634 et
1267 1575 1359 1635 tanto
1375 1570 1411 1634 de
1419 1568 1504 1644 nobis,

401 1673 531 1740 famulis
549 1681 582 1740 et
599 1676 690 1758 equis
705 1677 828 1740 nostris
844 1675 1035 1741 Dominatio
1052 1675 1173 1742 Vestra
1189 1678 1351 1760 precipiat
1362 1679 1438 1742 sicut
1451 1675 1504 1758 pla·

402 1790 461 1848 eet
486 1782 626 1866 Insuper
652 1783 863 1849 recordamur
888 1805 961 1848 eum
987 1785 1074 1849 omni
1100 1786 1281 1849 reverentia
1307 1781 1503 1851 Dominationi

404 1889 533 1970 Vestre,
558 1890 645 1974 quod
672 1890 825 1975 dignetur
850 1896 960 1956 tenere
980 1890 1121 1972 modum,
1138 1891 1224 1974 quod
1242 1892 1332 1957 locus
1348 1892 1470 1968 Mestre,
1482 1895 1504 1952 ot

401 1998 501 2063 turris
529 1995 642 2063 Sancti
667 1998 827 2080 Julianni,
853 2005 886 2064 et
903 2001 1026 2064 bastita
1054 1999 1209 2083 Mergare
1225 2005 1260 2064 et
1276 2000 1335 2064 riri
1353 1998 1469 2076 vitalis,
1482 2003 1503 2059 et

402 2107 476 2188 alie,
492 2107 519 2170 si
537 2128 598 2189 que
616 2112 726 2172 essent
742 2108 830 2172 circa
845 2115 956 2190 partes
972 2107 1056 2188 illus,
1073 2108 1139 2172 sint
1154 2108 1235 2174 bene
1255 2105 1366 2172 fulcite
1387 2102 1505 2170 victuali·

401 2213 471 2293 bus,
487 2214 595 2296 armis,
612 2220 709 2297 gente
734 2221 768 2279 et
793 2215 867 2298 alijs
885 2216 1073 2298 oportunis;
1097 2215 1145 2280 ita
1162 2215 1248 2298 quod
1267 2218 1391 2298 possint
1407 2235 1436 2278 se
1451 2233 1504 2276 con·

404 2343 532 2388 servare
549 2322 592 2389 ad
609 2323 763 2389 honorem
779 2325 892 2392 Vestri
909 2323 1062 2410 Dominij.
1089 2325 1251 2391 Preterea
1267 2332 1344 2390 sunt
1359 2324 1451 2407 aliqui
1464 2319 1505 2404 qui

402 2431 523 2510 dicunt,
549 2431 636 2512 quod
660 2431 820 2496 Dominus
847 2430 961 2496 Padue
977 2413 1104 2497 videtur
1121 2431 1241 2497 habere
1258 2433 1458 2498 intentionem
1472 2427 1507 2493 la·
1548 2501 1553 2512 ,

403 2538 509 2603 ciendi
534 2560 629 2604 unam
657 2561 769 2604 cavam
795 2541 883 2606 circo
917 2541 1019 2605 turris
1054 2538 1168 2605 Sancti
1194 2541 1347 2606 Julianni
1373 2561 1424 2606 seu
1439 2537 1506 2602 inira

403 2667 515 2712 versus
531 2645 699 2727 Venetias,
716 2653 748 2712 et
764 2646 881 2712 ducere
892 2647 1085 2729 ganzarolos
1104 2670 1201 2733 super
1219 2669 1344 2732 currus,
1360 2655 1391 2714 et
1405 2667 1452 2712 eos
1465 2637 1506 2727 po·

404 2775 481 2819 nere
508 2755 540 2817 in
566 2775 678 2819 cavam
710 2754 902 2838 predictam,
927 2761 961 2820 et
985 2777 1058 2822 cum
1084 2758 1190 2822 culmo
1207 2779 1291 2840 aque
1308 2758 1438 2822 credunt
1452 2772 1506 2818 eun

404 2862 554 2945 gentibus
571 2884 679 2928 eorum
706 2864 876 2946 armigeris
892 2865 1002 2929 venire
1021 2862 1186 2932 Venetias.
1212 2863 1294 2949 Qus,
1312 2868 1393 2931 siout
1409 2861 1507 2927 intelle·

403 2973 517 3052 ximus,
534 2970 687 3036 Dominio
714 2970 836 3038 Vestro
853 2995 913 3057 pro
931 2974 999 3056 ejus
1019 2973 1249 3039 informatione
1267 2973 1421 3040 denotare
1436 2989 1508 3034 cura-

404 3082 516 3146 vimus.
532 3079 622 3146 Data
639 3079 778 3164 Tarvisij
798 3081 881 3146 XX.
898 3079 1109 3166 Septembris.

537 3279 593 3364 32)
618 3279 651 3344 A
675 3280 906 3345 velenezei
929 3280 1130 3364 degenelr
1154 3304 1174 3347 a
1196 3281 1394 3348 kbvetek.

514 3405 723 3471 Serenissime
739 3405 889 3473 Domine.
915 3409 1053 3474 Excelse
1072 3407 1193 3475 Duoali
1209 3407 1431 3476 Dominatioui
1445 3404 1509 3472 ves-

405 3522 455 3582 tre
470 3522 584 3580 tenore
608 3515 822 3598 presentium,
833 3516 1034 3599 denotamus,
1061 3520 1149 3601 quod
1165 3519 1249 3585 sicut
1265 3518 1444 3604 scripsimus
1457 3513 1509 3577 De

408 3624 581 3688 minationi
597 3622 726 3703 Vestre,
743 3624 888 3690 misimus
905 3623 1080 3691 Notarium
1097 3633 1240 3692 vestrum
1255 3627 1331 3694 Bon
1346 3627 1370 3694 J
1373 3628 1510 3693 ohannem

406 3731 448 3796 ad
475 3730 640 3795 dominum
666 3731 827 3796 Karolum
855 3739 888 3797 et
912 3733 1072 3814 Ramnes,
1098 3736 1175 3818 quia
1195 3735 1344 3801 dominus
1362 3727 1510 3801 Generalis

406 3845 478 3903 erat
505 3837 743 3922 quodammodo
770 3845 926 3923 gravatus
952 3840 991 3904 de
1008 3862 1156 3925 persona,
1172 3850 1205 3908 et
1222 3865 1285 3908 non
1302 3844 1409 3928 potuit
1423 3844 1464 3906 ire
1477 3833 1510 3902 ad

405 3947 639 4012 ostendendum
664 3945 854 4012 mandatum
881 3947 975 4013 nobis
1000 3957 1209 4033 apportatum
1240 3974 1300 4036 per
1327 3974 1408 4034 eum,
1431 3943 1510 4015 etad

406 4053 548 4119 dandum
574 4055 700 4137 copiam
727 4055 796 4138 ejus
821 4056 952 4121 domino
979 4057 1124 4138 Karolo;
1148 4065 1182 4124 et
1207 4068 1342 4144 propter
1357 4056 1510 4138 verbapri-

406 4165 458 4229 die
475 4163 568 4228 nobis
586 4163 674 4229 dicta
695 4185 754 4247 per
781 4164 945 4230 dominum
963 4165 1169 4249 Generalem,
1184 4170 1307 4234 scilieet
1333 4170 1415 4254 quod
1431 4163 1512 4232 domi·

408 4294 467 4336 nus
485 4270 633 4336 Karolus
650 4270 753 4336 eidem
772 4272 909 4354 dixerat,
927 4273 1014 4357 quod
1031 4275 1191 4342 Dominus
1208 4278 1333 4360 Padue,
1349 4299 1405 4345 nec
1427 4275 1512 4340 Jauu-

407 4401 509 4460 enses,
526 4379 594 4444 ullo
611 4380 707 4445 modo
733 4388 827 4447 erant
845 4381 995 4464 dispositi
1013 4385 1055 4448 ad
1071 4406 1202 4468 pacem,
1226 4387 1290 4451 imo
1307 4387 1451 4452 totaliter
1463 4381 1513 4446 dis

406 4489 504 4572 positi
531 4495 626 4553 erant
652 4489 693 4553 ad
720 4491 972 4556 destructionem
1000 4489 1232 4576 Venetiamm;
1268 4505 1300 4560 et
1326 4493 1513 4580 quodetiam

407 4597 569 4662 Dominus
587 4596 700 4662 Padue
719 4597 847 4662 dixerat
863 4599 966 4664 eidem
984 4601 1114 4666 domino
1131 4601 1267 4684 liarolo,
1284 4603 1372 4687 quod
1387 4602 1513 4668 dominus
