3226 5258
400 286 440 346 ab
751 300 983 348 nrrncuacmar
1002 285 1167 346 uiridium.

396 453 490 543 parte
515 460 672 524 adhibens
697 462 827 546 plenam
844 461 950 540 fidem,
966 461 1127 544 peticioni
1138 479 1257 540 eorurn,
1273 480 1347 544 ymo
1364 466 1474 526 nostre
1489 467 1518 524 et

397 568 483 632 dicte
494 566 649 646 Eccleeie,
665 566 756 632 filiali
768 567 999 652 promtitudine
1010 587 1153 632 annuere
1168 589 1233 633 non
1250 567 1383 632 omittas
1398 567 1519 632 Datum
1589 629 1594 646 ,

396 673 484 757 apud
507 671 746 742 Villamnovam
768 671 1001 742 Arinionensis
1018 675 1167 740 Diocesis
1200 674 1264 740 XI.
1281 674 1439 740 kalendas
1455 675 1519 740 Au·

396 783 493 864 gusti,
510 781 726 848 Pontificatus
744 783 846 849 nostri
863 805 948 850 anno
965 783 1116 850 secunde.

719 931 780 992 (XI.
795 929 914 995 Gergely
927 931 1000 994 papa
1013 929 1200 994 regestitibol.)

881 1093 913 1102 ιι·-
924 1093 1039 1101 ..-..-..

935 1242 986 1304 28.

397 1399 427 1464 I.
445 1401 545 1484 Lojos
559 1422 697 1486 niaque-r
714 1400 745 1463 ds
761 1399 882 1486 lerrqycl
900 1400 1081 1484 kirrilynok
1098 1424 1118 1464 u
1134 1400 1296 1486 gutierrici
1306 1399 1519 1464 kereskeddare

397 1507 569 1572 conotlozd
588 1508 821 1594 privilegiatus
838 1531 858 1570 a
873 1508 1145 1594 magyororszripi
1161 1509 1192 1572 ds
1208 1508 1458 1594 leapyelorszdpi
1473 1508 1520 1570 te·

738 1616 889 1680 reskedb'lr
904 1621 1064 1680 szdnru'ru.
1090 1615 1186 1681 1372.

504 1772 576 1838 Nos
593 1773 780 1840 Ludouicus
794 1776 856 1840 Dei
867 1777 982 1859 gracia
1000 1776 1071 1842 Rex
1088 1777 1272 1860 Hungarie,
1283 1777 1429 1856 Polonie‚
1445 1775 1520 1842 Dal-

398 1882 685 1948 macieetc.notum
697 1881 833 1948 facimus
843 1886 999 1950 uniuersis
1010 1891 1043 1950 et
1052 1886 1191 1970 singulis
1201 1885 1320 1971 quibus
1331 1884 1521 1968 expeditper

398 1997 575 2072 presentes,
591 1990 677 2074 quod
687 1990 767 2076 Nos,
778 2013 858 2076 quos
868 1993 989 2060 Diuine
999 1993 1223 2078 disposicionis
1237 1992 1410 2058 clemencia
1426 1991 1521 2074 pluri·

397 2117 521 2162 morum
537 2097 729 2182 Regnorum
745 2105 779 2166 et
795 2102 945 2183 gencium
961 2101 1181 2185 gubernaculo
1198 2106 1230 2165 et
1246 2100 1396 2183 regimini
1409 2098 1521 2163 extulit

399 2210 429 2267 et
441 2204 586 2289 prefecit,
598 2209 765 2292 cupientes
782 2229 821 2273 ex
837 2211 946 2277 animo
957 2210 1091 2276 utilitati
1107 2217 1139 2274 et
1156 2207 1323 2274 commodo
1341 2208 1483 2272 omnium
1494 2211 1522 2268 et

398 2311 601 2394 singulorum
617 2323 802 2382 nostrorum
818 2318 1023 2384 subditorum
1038 2317 1181 2385 fidelium
1197 2317 1322 2384 solicite
1339 2323 1372 2382 et
1388 2316 1521 2398 diligen-

398 2423 447 2483 ter
464 2421 646 2506 invigilare,
663 2432 696 2491 et
711 2446 750 2491 ea
766 2447 829 2509 que
846 2427 989 2510 ipsorum
1015 2433 1131 2508 status,
1157 2425 1413 2516 reformacionis,
1429 2425 1523 2488 hono

399 2525 510 2610 risque
533 2535 567 2594 et
592 2530 741 2596 utilitatis
767 2540 944 2615 augmenta
979 2534 1189 2618 conspiciunt,
1215 2539 1308 2598 tanto
1334 2530 1522 2616 propensius

399 2636 699 2720 circumspeccionis
726 2645 836 2706 nostre
862 2641 970 2707 studio
997 2641 1172 2707 efficaciter
1187 2660 1388 2726 promouere,
1404 2644 1523 2722 quanto

399 2762 438 2805 ex
455 2742 515 2808 hoc
532 2749 564 2808 et
580 2742 705 2828 Regale
731 2747 830 2814 decus
855 2748 1033 2814 alcioribus
1052 2749 1212 2832 preconiis
1229 2748 1416 2828 extollatur,
1432 2754 1465 2811 ct
1480 2747 1524 2830 ip-

399 2870 507 2915 sorum
531 2850 673 2918 fidelium
700 2855 885 2921 deuocionis
911 2857 1083 2922 sinceritas
1109 2855 1152 2922 ad
1177 2855 1359 2922 exhibenda
1385 2854 1524 2921 seruicia

399 2959 546 3039 gratuita
571 2960 675 3044 Regia
700 2962 869 3030 Maiestati
888 2963 1070 3029 feruencius
1087 2965 1255 3030 excitetur.
1271 2963 1461 3047 Eapropter
1475 2983 1524 3025 ro·

397 3066 500 3131 lentes
516 3070 683 3135 commodo
699 3077 732 3136 et
746 3071 906 3154 profectui
921 3071 1066 3138 fidelium
1078 3077 1262 3138 nostrorum
1279 3071 1525 3154 regnicolarum,

399 3171 585 3257 Regnorum
602 3177 753 3243 uidelicet
776 3185 962 3246 nostrorum
990 3180 1163 3262 Hungarie
1178 3187 1212 3245 et
1227 3179 1365 3244 Polonie
1381 3177 1527 3263 speciali·

398 3287 449 3345 ter
467 3281 507 3347 de
524 3281 629 3368 Regia
645 3286 778 3369 pietatis
795 3286 971 3353 clemencia
987 3289 1136 3371 graciose
1148 3287 1331 3372 prouidere,
1347 3291 1381 3352 et
1396 3284 1526 3352 eosdem

398 3386 567 3456 fauoribus
591 3391 746 3460 decorare
770 3396 945 3478 graciosis3
969 3396 1128 3462 uniuersis
1155 3402 1188 3460 et
1214 3394 1350 3478 singulis
1366 3395 1527 3459 dictorum

398 3493 597 3580 Regnorum,
615 3499 787 3584 Hungarie
803 3505 955 3570 videlicet
965 3511 998 3570 ct
1007 3504 1152 3585 Polonie‚
1161 3502 1407 3585 mercatoribus,
1422 3501 1528 3583 regni·

399 3604 486 3685 colis,
502 3605 626 3691 damus,
642 3609 816 3677 tribuimus
832 3619 866 3677 et
880 3614 1026 3696 graciose
1043 3612 1248 3679 concedimus
1264 3610 1405 3678 liberum
1415 3616 1529 3694 etper-

399 3717 532 3794 petuum
558 3716 731 3782 transitum
758 3719 800 3784 ad
825 3721 991 3786 ciuitatem
1017 3713 1163 3787 nostram
1189 3720 1471 3803 Leniburgeusem,
1489 3737 1529 3784 ar

398 3819 441 3884 ad
467 3820 549 3888 alias
574 3830 685 3908 partes
710 3827 872 3912 quaslibet
897 3837 929 3895 et
955 3831 1142 3914 prouincias
1159 3828 1261 3895 Terre
1277 3836 1387 3895 nostre
1403 3825 1526 3893 Russia

398 3948 456 4012 pro
474 3930 634 3998 mercibus
651 3954 707 3998 seu
724 3934 821 4001 rebus
837 3936 1133 4005 mercimonialibus
1153 3938 1372 4020 cuiuscunque
1388 3933 1530 4018 generis,

399 4037 526 4119 speciei,
552 4040 667 4106 coloris
693 4062 748 4107 scu
775 4044 923 4110 materiei
950 4067 989 4110 ac
1015 4045 1116 4129 precii
1142 4046 1293 4127 existant,
1309 4043 1451 4110 emendis
1466 4062 1531 4107 seu

399 4146 625 4226 comparandis
640 4149 764 4231 pariter
779 4157 813 4216 et
828 4153 1093 4235 commuttandis,
1110 4174 1148 4217 ae
1165 4154 1309 4238 ipsorum
1336 4149 1532 4217 commercio

399 4247 518 4316 ibidem
545 4257 730 4338 exercendo,
746 4258 870 4342 absque
895 4259 1128 4343 impedimento
1154 4260 1300 4344 aliquali.
1329 4257 1534 4324 Huiusmodi

399 4361 506 4424 tamen
523 4363 698 4429 transitum
715 4366 814 4430 certis
839 4367 1073 4434 mercatoribus
1099 4370 1273 4452 extraneis,
1288 4373 1404 4451 utputa
1419 4364 1534 4430 Bohe·

399 4465 468 4550 mis,
478 4465 634 4556 Morauis,
645 4469 795 4554 Silesitis,
805 4471 989 4558 Prussenis,
1000 4477 1168 4560 signanter
1178 4482 1288 4542 autem
1299 4473 1530 4542 Thorunensi-
