3190 5252
598 384 692 452 1382.
1145 383 1208 449 461

83 565 136 631 nia
153 565 306 634 solvenda
321 565 399 649 ipsis
416 571 449 629 et
465 585 575 630 eorum
585 562 831 630 Commuuitati.
843 561 966 626 Datum
976 561 1010 626 in
1022 561 1211 646 Diosgueur

83 672 259 758 penultimo
277 671 329 738 die
345 672 465 738 mensis
482 671 676 738 Decembris
692 692 778 737 auno
797 671 931 736 Domini
956 669 1130 736 millesimo
1147 677 1211 736 tre·

84 781 257 847 centesimo
274 782 495 864 octuagesimo
513 782 626 864 primo.

83 931 117 990 (A
138 929 241 994 »Copia
254 930 287 979 de
301 929 648 981 commemoris1i‹czimu
667 926 847 991 allamkbnyv
860 923 937 975 VIII.
948 922 1092 974 kbtetebb'l
1109 929 1168 974 112.
1182 919 1212 991 l.)

615 1293 689 1358 224„

84 1455 108 1516 l.
128 1457 228 1539 Lajoo
243 1477 384 1539 niapyar
399 1454 431 1517 esc
447 1454 568 1538 lcupyel
580 1454 690 1538 lcirdlp
709 1453 850 1518 titkdrat
866 1449 995 1519 Caiclier
1012 1451 1137 1516 Istudat
1159 1450 1212 1515 1εὸ-

384 1562 466 1626 vetiil
483 1561 581 1626 aulai
601 1561 792 1627 l'eleuczdbe.
818 1560 914 1625 1382.

191 1722 378 1787 Ludoricus
419 1721 484 1786 Dei
520 1721 632 1804 gracia
667 1720 825 1805 Vngarie‚
865 1720 1010 1800 Polonie‚
1046 1718 1215 1786 Dalmacie

85 1837 141 1894 etc.
158 1829 244 1895 Rex.

192 1937 367 2002 Carissimi
383 1937 485 2002 amici.
511 1937 675 2001 Mittimus
692 1937 736 2002 ad
752 1940 852 2002 vestri
868 1935 1071 2020 presenciam
1088 1935 1215 2000 fidelem

84 2053 234 2110 nostrum
252 2045 472 2112 Secretarium
498 2044 767 2112 Protonotarium
783 2044 1007 2110 honorabilem
1024 2045 1129 2109 virum
1145 2041 1217 2108 Ste-

85 2155 231 2238 phanum
249 2153 372 2217 dictum
397 2152 533 2218 Ozicher
553 2153 670 2218 harum
686 2152 875 2234 oblatorem,
892 2151 931 2218 de
949 2152 1045 2218 certis
1061 2152 1217 2215 intencio-

84 2262 181 2328 nibus
198 2261 320 2326 nostris
346 2267 453 2326 vestre
478 2261 624 2326 amicicie
650 2259 844 2326 fiducialiter
860 2260 1084 2343 exponendum
1100 2257 1218 2322 suffici-

85 2371 198 2435 eucius
213 2369 444 2448 informatum
469 2369 599 2434 summis
627 2368 803 2434 desideriis
818 2368 1041 2451 deprecantes,
1057 2373 1218 2450 quatenus

86 2476 187 2542 eidem
201 2475 384 2560 stephano
411 2477 445 2540 in
471 2473 618 2541 dicendis
638 2476 757 2542 nostris
773 2497 833 2558 pro
850 2484 944 2560 parte
959 2477 1023 2540 ista
1039 2477 1106 2540 vioe
1122 2472 1217 2538 fidem

1 2568 2 2573 ἵ
85 2585 255 2651 credulam
280 2592 313 2650 et
339 2583 504 2650 indubiam
530 2585 635 2650 velitis
660 2583 824 2650 adhibere.
856 2583 993 2650 Minime
1023 2583 1219 2662 dubitamus,

87 2694 165 2774 quin
182 2715 224 2758 ea
240 2713 302 2775 que
318 2692 448 2773 dixerit,
466 2691 594 2758 effectui
610 2692 754 2776 gratuito
771 2699 803 2756 et
819 2691 1003 2760 desiderato
1019 2691 1219 2775 mancipetis.

85 2799 179 2866 Data
198 2800 252 2865 die
269 2799 413 2866 secunda
436 2800 556 2864 mensis
581 2797 736 2884 Januarij
762 2821 848 2865 anno
874 2800 1048 2866 millesimo
1064 2805 1220 2864 trecente-

86 2909 167 2973 simo
185 2907 406 2990 octuagesimo
424 2906 574 2973 secundo.

198 3017 301 3081 Kivdl
318 3039 329 3080 :
345 3015 522 3098 Magnifico
539 3016 666 3099 potenti
684 3015 826 3080 Domino
843 3016 973 3080 domino
989 3014 1124 3080 Andree
1136 3013 1221 3080 (lon-

86 3129 206 3188 tareno
221 3122 318 3202 Dum,
343 3141 401 3186 nec
426 3143 491 3186 non
517 3122 679 3187 nobilibus
705 3129 737 3187 et
758 3124 960 3207 sapientibus
976 3122 1055 3187 viris
1072 3119 1219 3186 Consilio

87 3238 120 3295 et
135 3229 376 3320 Communitati
392 3229 619 3310 Verieeiarum,
636 3231 748 3296 amicis
765 3233 887 3296 nostris
904 3231 1091 3296 carissimis

87 3377 123 3436 (A
139 3376 247 3440 »Copia
260 3375 294 3424 de
318 3375 556 3426 Commemoriali‹
578 3375 668 3425 ezimtl
680 3377 820 3427 velenczei
833 3375 1062 3440 allemkbuyvbb'l
1074 3375 1151 3424 VIII.
1164 3375 1221 3424 kot.

590 3470 648 3516 112.
663 3466 729 3530 lap.)

577 3625 734 3636 —---..--.

92 3987 156 4051 ΙΙΙ.
184 3989 354 4054 Durazzoi
379 3989 506 4076 Kdroly
530 3988 656 4053 sicilici
681 3988 864 4075 kirdlyualc
895 3989 1081 4074 adomdnya
1098 3987 1221 4053 Miletos
1259 3993 1261 4000 ’

167 4097 482 4186 Maqyarorsqubdl
498 4099 563 4162 vele
570 4101 636 4182 jota
652 4096 848 4162 udoarnolra
863 4100 1026 4160 szdma'ra.
1050 4098 1147 4161 1382.

199 4255 347 4322 Karolus
373 4257 505 4324 Tertius
529 4258 593 4325 Dei
618 4258 728 4341 gratia
752 4253 937 4320 Jerusalem
954 4262 988 4319 et
1004 4252 1116 4320 Sicilie
1140 4251 1224 4333 Rex,

92 4363 266 4430 Prouincie
284 4372 317 4431 et
332 4367 556 4452 Foroalquerij
574 4389 611 4433 ac
626 4365 834 4431 Pedimontis
846 4361 963 4428 Comes
974 4363 1134 4428 uniuersis
1150 4381 1224 4445 pre-

93 4477 197 4539 sentis
213 4475 376 4560 priuilegij
404 4479 521 4543 seriem
541 4475 737 4561 inspecturis
753 4479 822 4538 tam
838 4473 1044 4557 presentibus
1060 4493 1159 4558 quam
1175 4469 1223 4534 iu·

92 4582 184 4648 turis.
200 4581 338 4664 Regalis
364 4585 566 4651 Excellentie
592 4586 737 4669 dignitas
763 4601 801 4644 eo
827 4578 992 4648 laudanda
1006 4581 1110 4647 titulis
1127 4577 1226 4645 subli-
