3134 5254
418 473 481 536 249
770 489 1007 538 brettortncztnt
1024 471 1191 539 tricasinum.

416 651 448 714 in
465 652 596 716 ,Iudicio
621 653 866 738 Appellationis
892 655 964 736 ipsa
985 654 1147 718 sententia
1164 675 1228 718 uon
1246 674 1285 716 ex
1301 653 1402 718 causis
1417 650 1516 734 predic·

415 761 467 838 tia,
484 761 542 824 sed
558 783 596 825 ex
613 783 697 845 pura
714 769 746 827 et
762 784 839 827 vera
856 763 1053 828 conscicntia
1078 767 1232 826 revocata
1249 760 1318 825 fuit.
1335 763 1377 826 Et
1392 761 1455 824 ideo
1469 759 1515 840 ipsi

415 867 546 933 <fairrino
572 870 748 935 Francisco
774 872 902 936 restitui
928 893 992 935 non
1020 870 1116 935 debet
1137 869 1273 953 pecunia
1289 868 1480 951 predictaut
1494 866 1516 928 in

416 976 647 1042 reformatione
675 1001 770 1062 super
796 983 864 1061 ipso
890 981 1033 1064 crilritnlo
1060 979 1149 1044 facta
1174 979 1372 1056 continetur3
1396 977 1444 1039 secl
1460 976 1516 1039 ficet

414 1083 502 1149 facta
518 1085 616 1150 fuerit
644 1088 714 1168 ipsa
739 1089 913 1168 revocatio,
940 1094 1048 1153 tamen
1075 1094 1185 1172 partes
1202 1087 1346 1171 predicte
1364 1088 1469 1150 iterato
1482 1082 1517 1144 uti

414 1199 547 1273 possunt
561 1192 690 1274 juribus
716 1195 782 1258 suis
809 1217 917 1259 eoram
943 1195 1128 1278 Ordinarijs
1146 1195 1170 1261 J
1173 1195 1331 1258 uciicibus.
1348 1191 1446 1275 Super
1460 1190 1518 1252 duta
1537 1275 1539 1280 Ι

415 1299 539 1363 decimo
551 1301 693 1383 capitulo
711 1301 750 1365 de
768 1301 916 1367 Tarvisio
927 1312 957 1368 ct
970 1303 1160 1385 Tarvenna,
1170 1325 1360 1387 responsum
1377 1308 1421 1365 cst
1435 1318 1518 1381 snpra

416 1405 521 1490 Super
537 1409 768 1480 reformatione
795 1412 901 1476 ultimi
929 1413 1063 1495 capituli
1088 1435 1149 1495 que
1172 1413 1308 1494 incipit:
1328 1411 1413 1474 »Pro
1427 1429 1518 1491 expeu-

415 1516 457 1577 sis
473 1517 576 1598 prime
593 1525 623 1582 et
642 1520 778 1584 secunde
804 1517 921 1603 guerre
938 1520 1055 1586 <lentur
1073 1522 1134 1585 sibi
1152 1527 1280 1586 eentum
1300 1521 1391 1585 milia
1406 1518 1519 1583 floreno-

414 1646 505 1687 rnmr
526 1633 603 1707 etc.;
635 1629 867 1710 respondimus,
894 1629 980 1712 qumi
1006 1629 1095 1693 salva
1121 1652 1199 1712 pace
1226 1651 1338 1694 eorum
1354 1625 1519 1692 talisrefur·

415 1733 515 1796 motio
542 1755 605 1797 uon
631 1745 702 1798 erat
724 1735 876 1817 juridica,
894 1758 952 1800 nee
978 1736 1132 1816 bonesta;
1156 1759 1226 1801 cum
1244 1738 1277 1801 in
1296 1737 1401 1820 prima
1426 1750 1519 1818 guerra

415 1841 483 1922 ipse
500 1841 659 1906 Dominus
677 1843 790 1906 Padne
807 1843 904 1906 fuerit
921 1845 952 1906 in
971 1845 1141 1908 ntanifesto
1168 1845 1302 1927 obliquo
1324 1844 1486 1918 nobiscum,
1497 1847 1539 1902 et·

416 1949 542 2012 (ferierit
568 1949 661 2014 nobis
688 1973 817 2014 causam
843 1953 927 2016 dicte
954 1974 1071 2034 guerre
1097 1975 1137 2016 ex
1159 1953 1372 2035 occupatione
1389 1943 1520 2026 territorij

415 2057 526 2136 nostri,
542 2079 639 2141 quam
656 2059 790 2140 propria
807 2061 983 2122 autoritate
1000 2057 1084 2140 fecit,
1109 2081 1211 2142 aqua
1232 2059 1448 2141 occupatione,
1461 2055 1539 2118 licet·

416 2165 544 2228 anobis
566 2165 686 2248 pluries
711 2173 741 2228 et
767 2167 889 2248 pluries
915 2166 1131 2231 amicabiliter
1156 2169 1339 2249 requisitus,
1355 2188 1388 2228 se
1406 2158 1522 2228 noluerit

415 2293 578 2336 remouere
596 2274 629 2335 iu
646 2274 708 2336 ista
724 2276 863 2354 presenti
881 2295 1017 2356 guerra3
1034 2297 1198 2358 nunquam
1217 2277 1245 2338 ci
1262 2281 1337 2357 post
1355 2293 1460 2356 pacem
1474 2268 1523 2332 fac·

414 2387 480 2442 tam
499 2401 571 2443 eum
587 2380 657 2462 ipso
673 2381 816 2463 aliquam
832 2381 963 2446 fecimus
990 2403 1131 2462 causam,
1150 2390 1399 2466 propterquam
1417 2377 1522 2443 deberet

416 2508 473 2552 nos
490 2485 648 2566 diffidere,
673 2496 709 2552 ut
734 2488 819 2569 fecit,
845 2491 892 2553 ita
918 2489 1006 2571 quod
1024 2511 1044 2554 a
1059 2491 1328 2555 commotionibus
1354 2483 1524 2572 supradictis

416 2617 475 2659 neo
490 2615 550 2677 pro
568 2597 715 2678 expensis
731 2597 833 2679 prime
851 2619 975 2681 guterre,
993 2598 1143 2664 obstante
1154 2601 1252 2663 etiam
1268 2619 1359 2681 pace,
1375 2619 1431 2681 per
1446 2611 1524 2678 cluant

417 2705 525 2768 onmia
543 2703 670 2786 (tamna,
687 2705 805 2788 injurie
832 2712 891 2772 etc.
916 2708 1048 2770 remisso
1073 2705 1212 2788 fuerunt,
1227 2729 1287 2771 nec
1304 2708 1406 2774 etiam
1422 2725 1474 2788 pro
1488 2721 1525 2762 ex·

417 2814 525 2893 pensis
552 2813 643 2877 istius
670 2835 788 2896 guterre
817 2820 973 2896 tanquam
1000 2817 1117 2900 injuste
1135 2823 1166 2880 et
1182 2814 1327 2880 indebite
1354 2813 1525 2878 nobismote

418 2941 479 3002 per
496 2943 578 3002 eura,
604 2922 729 3005 aliquid
755 2946 814 3006 pro
840 2927 987 3006 expensis
1004 2945 1023 2988 a
1040 2925 1132 2989 nobis
1153 2925 1274 2989 habere
1292 2923 1450 3000 debebat;
1471 2925 1538 2982 eon?

418 3028 592 3110 cludentes,
618 3030 704 3111 quod
730 3032 757 3094 si
783 3053 842 3114 pro
868 3031 989 3097 talibus
1009 3035 1155 3116 expensis
1171 3033 1257 3098 dicto
1274 3032 1416 3096 Domino
1433 3013 1538 3112 Padus}

418 3135 541 3219 aliquid
558 3137 701 3218 daretur,
718 3139 805 3220 qumi
822 3141 952 3205 omnino
969 3139 1038 3206 fieri
1057 3163 1120 3206 non
1131 3139 1279 3219 debebat,
1296 3140 1336 3202 de
1353 3137 1377 3201 J
1380 3159 1436 3202 ure
1452 3129 1538 3200 ‹tau-³

416 3252 470 3307 tur
487 3267 586 3310 carisa
601 3253 633 3310 et
650 3250 788 3312 materia
814 3248 888 3332 alijs
915 3248 1077 3332 colligatis
1095 3249 1161 3313 suis
1177 3255 1286 3331 petere
1304 3249 1403 3312 etiam
1419 3265 1475 3329 pro
1488 3243 1538 3305 es?

417 3354 523 3435 peusis
548 3375 682 3437 magnas
708 3359 841 3438 pecunie
868 3360 1079 3440 quantitates,
1105 3358 1191 3439 quod
1218 3357 1332 3420 leuiter
1358 3377 1424 3419 esse
1441 3353 1538 3437 posu}

417 3481 515 3524 cansa
531 3461 725 3544 impediendi
750 3487 861 3547 pacem
886 3471 918 3528 ct
944 3466 1150 3531 concordium
1167 3465 1316 3528 tiendum.
1344 3463 1468 3547 Quibus
1481 3479 1529 3524 ree

416 3568 627 3650 ponsionibus
643 3569 764 3634 auditis
778 3591 874 3653 super
890 3571 1174 3638 reformationibus
1190 3573 1255 3636 suis
1274 3572 1436 3652 dixerunt,
1461 3563 1537 3651 (prm⁴

417 3697 515 3758 snper
541 3678 616 3759 ipsis
642 3679 824 3743 deliberare
850 3681 1020 3762 volebant;
1046 3690 1076 3746 et
1092 3682 1169 3746 licet
1194 3682 1281 3745 inter
1296 3681 1386 3762 ipsos
1403 3677 1530 3742 Berones

419 3788 449 3846 et
475 3804 533 3846 nos
558 3791 629 3866 post
656 3787 802 3868 predicta
828 3787 916 3852 dicta
942 3789 1074 3854 fuerunt
1101 3791 1204 3854 multa
1231 3791 1342 3872 rerba,
1366 3798 1397 3855 et
1423 3780 1533 3854 narrati

417 3889 547 3954 fuerunt
573 3892 667 3957 multi
692 3895 781 3959 modi
806 3919 902 3979 super
935 3903 1078 3962 tractatu
1115 3899 1212 3981 pecie,
1239 3906 1271 3962 et
1296 3919 1355 3981 per
1380 3919 1438 3962 nos
1462 3896 1532 3960 facte

417 3995 549 4062 fuerunt
580 4001 621 4064 ad
663 4003 811 4083 predicta
845 4005 946 4068 multe
979 4007 1203 4089 responsiones
1237 4012 1268 4070 et
1309 4008 1534 4090 replicationes

418 4127 479 4187 que
505 4107 613 4172 omnia
638 4108 858 4191 longissimum
886 4120 971 4177 esset
1007 4135 1180 4190 enarrare3
1211 4113 1355 4180 finaliter
1390 4117 1452 4199 ipsi
1476 4131 1535 4179 con·

419 4213 502 4276 sultc
534 4223 691 4280 venerunt
723 4219 765 4282 ad
799 4218 983 4303 hujusmodi
1017 4221 1263 4299 conclusionem,
1290 4225 1378 4306 quod
1411 4226 1437 4288 si
1467 4222 1534 4286 rofe-

416 4319 529 4384 bamus
556 4345 748 4404 cognoscere
780 4327 947 4392 dominum
979 4329 1103 4411 Regem
1135 4337 1167 4394 et
1197 4331 1334 4395 heredes
1366 4340 1399 4397 et
1431 4349 1537 4396 succet-

418 4449 506 4490 sores
535 4453 609 4495 snos
635 4433 667 4496 in
693 4439 882 4516 perpetuum
908 4437 939 4499 in
965 4437 1124 4504 Domitios
1157 4437 1308 4504 Civitatis
1336 4439 1536 4506 Venetierum

419 4555 488 4597 oum
516 4545 646 4602 centum
671 4541 801 4606 milibus
826 4543 1020 4610 florenorum
1047 4547 1081 4610 in
1107 4567 1192 4611 anno
1218 4547 1258 4611 de
1284 4569 1394 4630 censu,
1420 4559 1452 4612 et
1471 4547 1536 4612 dare

420 4641 480 4704 sibi
506 4643 585 4708 citios
611 4647 758 4712 milioues
785 4649 978 4715 florenorum
1005 4654 1125 4736 partim
1158 4655 1279 4735 statim,
1304 4663 1336 4720 et
1365 4657 1481 4740 partim
1504 4649 1536 4719 at
