3214 5250
383 287 448 352 634
735 309 970 357 nvenouaonvar
987 285 1153 355 suntuna.

384 468 470 532 mino
486 467 584 532 etiam
601 468 746 534 Ecclesia
771 467 1028 536 indesinentibus
1053 467 1203 551 precibus
1228 469 1443 548 impetratam
1469 486 1517 529 re·

384 580 624 659 cognoscentes,
641 577 752 660 eisque
778 598 861 661 puro
887 576 984 643 corde
1001 576 1126 660 gratias
1151 582 1297 657 agentes,
1323 575 1370 640 sic
1395 577 1431 639 in
1446 573 1517 638 eius

384 683 500 748 timore
516 683 622 749 vivere
639 690 671 749 et
695 687 825 769 operari
850 685 1018 765 studeatis
1045 683 1133 767 quod
1157 683 1227 766 ipse
1244 683 1343 766 digne
1368 680 1517 749 stabiliat

385 789 500 856 solium
517 797 669 872 vestrum,
685 792 830 877 illudque
856 794 943 858 omni
971 790 1151 858 stabilitate
1177 790 1339 868 fecundet,
1363 788 1519 873 vobisque

386 899 484 966 donet
495 899 548 966 'ita
563 923 621 984 per
635 901 721 967 bona
737 901 933 985 temporalia
949 902 1102 982 transire,
1128 898 1216 984 quod
1232 921 1298 965 non
1324 897 1522 963 ammittatis

387 1013 511 1074 eterne.
532 1004 687 1074 Ceterum
713 1011 885 1075 suademus
912 1008 1092 1076 Serenitati
1118 1006 1198 1087 Tne,
1221 1015 1259 1071 ut
1284 1029 1357 1072 cum
1383 1005 1522 1090 pretatis

390 1114 481 1183 Duce
499 1122 532 1181 et
548 1114 791 1182 Communitate
808 1123 901 1201 grate
918 1124 949 1182 te
967 1115 1176 1199 gerens,illos
1192 1114 1396 1198 gratimdine
1413 1121 1447 1178 et
1464 1113 1519 1179 be·

385 1223 510 1290 neficiis
526 1224 654 1290 illectos
674 1225 716 1291 ad
732 1224 861 1291 favores
887 1231 961 1290 tuos
987 1246 1113 1308 semper
1139 1222 1259 1288 efficias
1285 1223 1520 1306 promptiores

386 1331 531 1398 Possunt
546 1332 639 1414 enim,
656 1354 715 1422 nec
731 1333 927 1416 dubitamus,
943 1354 1013 1398 esse
1029 1332 1140 1398 volunt
1156 1331 1222 1396 tuis
1249 1331 1403 1414 partibus
1420 1329 1522 1414 pluri·

385 1460 472 1506 mum
497 1438 663 1506 fructuosi.
688 1438 725 1506 Si
749 1446 860 1507 autern
884 1439 996 1525 aliqua
1021 1437 1227 1524 expedientia
1248 1460 1307 1523 per
1334 1459 1396 1504 noe
1413 1436 1524 1505 fienda

385 1549 584 1631 cognoveris,
600 1548 694 1614 nobis
710 1546 782 1614 Tua
798 1549 927 1614 intimet
937 1546 1124 1630 Oelsitud03
1140 1548 1321 1614 sicutenim
1342 1548 1443 1628 nosti,
1462 1567 1521 1628 pro

385 1654 603 1721 stabilimento
619 1660 652 1722 et
667 1657 911 1722 conservatione
929 1656 994 1722 tuis
1005 1654 1211 1722 adhibuimus
1227 1661 1259 1718 et
1277 1653 1436 1719 adhibere
1456 1652 1521 1718 dis·

385 1763 484 1848 positi
501 1785 610 1828 sumus
627 1784 721 1847 opem
737 1771 770 1829 et
786 1785 920 1847 operam
942 1762 1097 1832 efficaces.
1113 1763 1239 1828 Datum
1256 1761 1348 1826 Luce
1374 1759 1521 1827 XVIII.

387 1871 544 1938 kalendas
560 1872 585 1937 J
587 1871 653 1954 ulii,
670 1871 885 1937 Pontificatus
902 1871 1004 1936 nostri
1021 1892 1107 1936 anno
1123 1871 1254 1936 decimo.

496 1978 619 2045 Similis
634 1982 770 2046 mutatis
786 1980 952 2048 mutandis
969 1980 1136 2047 carissime
1155 1981 1189 2045 in
1210 1976 1346 2046 Christo
1363 1978 1430 2044 filie
1447 1978 1523 2045 Ma·

388 2089 435 2152 rie
452 2089 579 2174 Regiae
589 2088 737 2172 Ungarie
753 2089 883 2155 illustri.

387 2233 421 2295 (A
438 2233 540 2300 »copta
554 2233 587 2284 de
600 2233 841 2287 commemoriali«
866 2236 956 2286 czimtt
969 2235 1106 2284 vetenczei
1119 2233 1302 2299 altamlrbnyv
1315 2234 1393 2284 VIII.
1407 2233 1520 2283 totene-

866 2325 919 2374 bol.
939 2329 999 2375 304.
1012 2326 1041 2387 1.)

873 2485 1032 2498 ..υ-..ιιι-

914 2652 988 2714 367.

390 2809 448 2875 VI.
462 2812 573 2877 Orbdn
602 2815 695 2898 pdpa
711 2811 912 2899 mepktisztina'
929 2837 950 2876 a
966 2768 1121 2878 celenensi
1141 2811 1425 2898 bdatdraoertynal·
1446 2809 1517 2874 Me·

387 2917 443 2981 riu
456 2940 596 3004 mappae
612 2919 765 3006 kirctlyne
784 2915 981 3006 fcpsdpdbo'l
1006 2920 1082 2984 eald
1097 2918 1375 3006 felazebadutciaa
1401 2917 1520 2992 tereti

796 3027 989 3093 monetata
1008 3030 1104 3092 1387.

476 3182 651 3253 ¹Urbanus
668 3188 851 3271 Episcopus
868 3209 978 3252 servus
1003 3207 1168 3254 servorum
1194 3185 1257 3252 Dei
1282 3186 1415 3252 dilectis
1438 3186 1516 3251 filiis

387 3293 489 3360 nobili
505 3295 575 3361 viro
592 3295 740 3362 Antonio
761 3295 904 3364 Venerio
929 3296 1013 3362 Duci
1039 3301 1071 3361 et
1097 3293 1332 3360 Communitati
1357 3293 1514 3361 Venetia·

386 3424 458 3468 rum
483 3401 623 3468 salutem
649 3409 681 3468 et
708 3401 932 3487 Apostolicam
956 3403 1226 3468 benedictionem.
1251 3401 1368 3486 Nuper
1393 3403 1514 3472 Vestra

385 3510 576 3576 Deuotionis
608 3516 779 3595 gratanter
810 3517 942 3594 accepte
972 3511 1084 3576 littere
1116 3509 1334 3594 continebant,
1359 3509 1451 3594 quod
1476 3509 1516 3576 de

386 3617 541 3686 mandato
557 3625 666 3684 vestro
685 3617 794 3684 dilecti
811 3616 870 3682 filii
886 3617 1002 3683 nobilis
1018 3618 1122 3684 vir...
1134 3616 1335 3702 Oapitaneus
1353 3623 1387 3682 et
1403 3623 1518 3706 gentes

386 3726 553 3810 galearum
570 3726 613 3791 ad
629 3727 809 3792 custodiam
827 3725 946 3810 Oulphi
963 3726 1292 3810 deputate1·um,cum
1309 3724 1430 3791 dilecto
1449 3726 1517 3791 filio

382 3834 484 3900 nobili
500 3835 568 3900 viro
585 3835 610 3901 J
612 3835 737 3900 ohanne
748 3832 876 3899 Gemite
888 3831 1065 3918 Segniense
1082 3840 1115 3899 et
1132 3832 1249 3917 Regali
1260 3834 1409 3900 exercitu
1425 3833 1516 3918 apud

385 3942 540 4010 Castrum
556 3943 694 4025 Novum,
711 3943 767 4008 ubi
783 3942 952 4009 carissima
967 3944 1001 4007 in
1018 3939 1153 4006 Christo
1177 3942 1246 4007 filia
1270 3947 1387 4008 nostra
1411 3941 1523 4008 Maria

388 4050 519 4134 Regina
550 4049 699 4134 Vngarie
724 4051 868 4117 Illustris
901 4051 1110 4118 detinebatur
1136 4051 1272 4135 captiva,
1297 4072 1369 4116 curn
1397 4051 1522 4117 eisdem

386 4157 488 4242 galeis
505 4160 740 4240 convenientes,
757 4165 789 4224 et
806 4159 848 4223 ad
864 4159 949 4223 idem
967 4160 1091 4244 pariter
1107 4160 1325 4240 intendentes
1342 4161 1523 4243 prudenter

389 4287 427 4332 ac
453 4266 638 4347 efficaciter,
663 4273 699 4332 et
722 4273 882 4350 quantum
907 4267 1081 4350 expedivit,
1107 4269 1234 4350 operati
1261 4265 1405 4350 fuerunt,
1431 4267 1521 4352 quod

386 4372 499 4438 eadem
516 4373 645 4456 Regina
662 4375 758 4441 etiam
776 4376 835 4441 sub
852 4376 958 4441 medio
976 4399 1033 4460 per
1048 4383 1171 4443 vestros
1186 4376 1340 4442 datorum
1358 4376 1519 4458 obsidum,

387 4481 443 4565 qui
459 4487 573 4567 postea
587 4483 682 4569 juxta
698 4483 913 4553 conditionem
930 4483 1080 4556 habitam
1105 4484 1236 4554 liberati
1263 4483 1407 4565 suerunt,
1431 4488 1523 4552 resti·
