3182 5252
611 351 704 414 1383.

617 659 691 719 283.

87 813 117 881 I.
135 813 254 877 Mdric
270 816 303 880 e's
314 815 461 880 Erszdbet
477 839 618 903 mappcr
634 816 809 902 kirdlyndlc
825 839 846 878 a
863 815 970 879 turini
986 813 1159 898 hc'lcesse'pet
1175 835 1219 874 es·

429 921 523 986 lcttvel
540 924 674 988 crdsitilc
690 946 767 1008 πως.
787 922 881 987 1383.

201 1079 242 1144 In
258 1080 386 1147 Christi
403 1083 533 1147 nomine
543 1081 658 1147 Amen.
669 1081 768 1148 Anno
784 1081 979 1146 Natiuitatis
995 1077 1138 1162 ejusdcm
1151 1077 1220 1141 mil-

90 1187 209 1252 lesimo
225 1190 452 1254 trecentesimo
469 1191 689 1272 octuagesimo
708 1192 820 1272 tercio,
845 1188 1026 1254 indiccione
1051 1193 1152 1266 sexta,
1168 1183 1219 1249 die

92 1294 214 1378 quinto
231 1299 350 1362 mensis
367 1294 578 1381 Septembris.
605 1299 688 1364 Cum
703 1301 737 1363 in
763 1299 978 1363 instrumento
996 1297 1093 1380 pacis,
1109 1299 1220 1378 pacto·

91 1423 166 1466 rum
184 1409 217 1468 et
233 1405 488 1472 conuencionnm
503 1405 664 1472 factorum
681 1412 715 1471 et
725 1407 928 1472 firmatorum
939 1424 996 1488 per
1013 1402 1220 1468 Reverendos

89 1509 126 1573 in
144 1508 275 1578 Christo
287 1510 414 1595 Patres,
431 1513 597 1580 dominum
609 1513 821 1580 Valentinum
832 1509 1220 1594 Quinque-Ecclesiarum

22 1625 29 1636 '
90 1617 312 1682 Decrelorum
328 1620 515 1704 Doctorem,
530 1629 563 1687 et
588 1621 727 1687 Paulum
752 1620 1006 1704 Zagrabiensem
1033 1616 1222 1701 Episcopos,

90 1731 174 1789 tunc
198 1733 435 1811 procuratores,
461 1735 595 1812 actores,
620 1732 753 1794 nuncios
779 1735 812 1793 et
837 1727 963 1811 legatos
988 1726 1041 1809 pic
1067 1723 1221 1788 memorie

94 1831 303 1900 Serenissimi
322 1842 355 1902 et
370 1837 646 1903 Excellentissimi
663 1836 829 1920 Principis
855 1842 888 1900 et
914 1834 1035 1900 domini
1062 1830 1220 1896 Ludovioi

91 1939 161 2006 Dei
175 1942 289 2024 gracia
304 1941 484 2026 Hungarie,
502 1942 647 2026 Polonie,
663 1943 843 2025 Dalmacie,
855 1943 999 2022 Oroacie,
1017 1941 1130 2021 Ramc,
1146 1935 1221 2002 Ser-

91 2047 159 2128 uie,
176 2046 325 2132 Gallicis,
341 2049 547 2130 Lodomerie‚
563 2049 721 2134 Bulgarie
746 2049 969 2133 Cumanieque
994 2047 1107 2130 Regis,
1126 2045 1221 2110 Prin-

91 2155 177 2240 cipis
193 2153 394 2224 salernitani
412 2168 443 2222 et
459 2159 604 2224 Honoris
614 2157 740 2224 Montis
757 2158 870 2226 Sancti
880 2156 1003 2240 Angeli
1014 2155 1156 2237 Domini,
1166 2152 1222 2218 no·

91 2264 184 2329 mine
202 2271 235 2329 et
250 2265 319 2330 vice
337 2266 454 2350 prefati
471 2267 634 2350 quondam
651 2267 772 2334 domini
798 2267 899 2350 Regis
915 2288 955 2332 ex
970 2287 1033 2329 vna
1048 2269 1158 2348 parte;
1190 2265 1223 2324 et

92 2369 222 2437 nobiles
238 2380 271 2438 et
287 2374 451 2465 sapientes
468 2376 554 2441 viros
568 2375 717 2442 dominos
732 2375 928 2442 Zachariam
953 2372 1149 2450 Oontareno,
1163 2368 1186 2433 J
1189 2389 1222 2432 o·

92 2479 236 2544 hannem
252 2467 440 2548 Gredonico
469 2491 503 2548 et
530 2484 721 2550 Michaelem
745 2483 943 2550 Mauroceno
969 2480 1221 2547 Procuratorem

93 2585 213 2653 Sancti
229 2587 344 2672 Marci,
359 2591 445 2655 cives
455 2588 683 2673 Veneciarum,
695 2591 862 2676 Syndioos,
880 2596 1118 2675 procuratores,
1135 2589 1222 2650 acto-

92 2715 151 2758 res
166 2700 199 2758 et
213 2696 347 2762 nuncios
364 2695 521 2780 speciales
537 2697 656 2764 Inclite
672 2701 825 2764 memorie
850 2699 972 2764 domini
988 2697 1122 2764 Andree
1139 2694 1223 2759 Con·

91 2807 212 2867 tareno
227 2802 375 2868 lllustris
391 2801 607 2872 Veneciarum
623 2806 738 2889 Ducis,
749 2803 970 2872 Consiliorum
986 2813 1019 2870 et
1035 2802 1221 2869 Communis

91 2908 314 2976 veneciarum
331 2933 416 2977 anno
433 2911 555 2978 domini
566 2913 749 2979 millessimo
761 2914 989 2978 trecentesimo
1000 2911 1221 2992 octuagesimo

92 3018 212 3100 primo,
228 3019 405 3086 indiccione
422 3027 549 3104 quarta
563 3020 615 3085 die
631 3019 655 3086 J
657 3021 723 3086 ovis
740 3029 854 3086 octavo
880 3020 998 3084 mensis
1022 3018 1170 3103 Augusti
1187 3017 1222 3080 in

92 3130 206 3190 castro
222 3125 376 3210 Taurini,
393 3128 433 3194 de
450 3129 541 3194 cuins
558 3129 692 3212 quidem
708 3129 798 3212 pacis
814 3129 1035 3194 instrumentis
1052 3125 1222 3193 conficien-

93 3233 148 3300 dis
165 3233 308 3298 eiusdem
324 3237 445 3302 tenoris
461 3235 594 3302 fuerunt
608 3237 716 3320 rogati
743 3235 874 3301 Notarii
899 3235 1110 3318 infrascripti,
1135 3232 1223 3296 vide·

93 3340 175 3404 licet
191 3338 215 3405 J
218 3339 360 3407 ohannes
377 3341 532 3428 Ravaysij
551 3340 754 3410 Secretarius
771 3343 915 3409 Illustris
936 3343 1059 3408 domini
1084 3340 1223 3406 Comitis

94 3445 274 3528 sabaudie,
289 3446 455 3514 Antonius
472 3449 512 3516 de
530 3450 711 3516 Gredencia
726 3450 886 3518 Notarius
902 3448 926 3515 J
928 3450 1090 3528 anuensis,
1099 3447 1223 3513 Bandi·

94 3575 158 3620 nus
173 3553 257 3620 lilius
274 3555 398 3640 Angeli
413 3555 545 3623 Notarii
562 3557 602 3623 de
619 3559 739 3642 Bragis
755 3559 912 3625 Notarius
930 3557 1118 3635 Padnanus,
1144 3552 1223 3619 Gal·

93 3683 200 3728 vanus
216 3663 378 3746 quondam
396 3684 447 3728 ser
462 3663 688 3731 Bartholomci
705 3665 744 3731 de
756 3664 975 3732 Castrobaldo
992 3663 1149 3728 Notarius
1159 3659 1223 3725 Re-

93 3769 233 3838 verendi
249 3769 361 3837 Patris
392 3771 514 3838 domini
545 3771 700 3857 Episcopi
727 3771 1126 3857 Quinquellcclesiarurn,
1153 3770 1221 3833 An-

94 3879 206 3944 tonius
221 3878 387 3961 quondam
404 3878 536 3947 Nicolai
556 3881 633 3946 olim
650 3902 701 3946 ser
727 3878 902 3947 Guernerii
929 3881 969 3944 de
995 3878 1220 3960 Sonumbergo

94 3985 257 4052 Notarius
273 3985 502 4068 Furlanorum,
518 3993 552 4052 et
567 3987 640 4052 Bon
656 3985 682 4053 J
682 3988 826 4052 ohannes
837 3986 877 4052 de
887 3987 1045 4053 Brisariis
1062 3985 1222 4052 Notarius

41 4087 47 4103 '
94 4092 232 4160 Ducalis
267 4093 508 4160 Dominacionis
538 4093 763 4177 Veneciarum,
798 4097 885 4160 inter
915 4101 1025 4160 cetera
1049 4095 1081 4160 in
1108 4093 1224 4160 ellectu

95 4201 314 4286 contineatur,
332 4203 419 4284 quod
436 4223 546 4268 omnes
562 4204 670 4270 Duces
686 4202 912 4285 Veneciarum,
929 4205 984 4287 qui
1001 4224 1061 4288 pro
1078 4209 1223 4286 tempore
1328 4203 1330 4210 “

94 4315 192 4375 erunt
207 4330 280 4374 cum
297 4330 407 4374 eorum
424 4307 570 4376 Consilio
587 4311 727 4378 habente
744 4311 961 4378 omnimodam
971 4315 1180 4394 potestatem,
1189 4311 1221 4376 in

93 4436 159 4500 qno
175 4413 316 4480 debeant
331 4414 447 4482 adesse
463 4417 532 4500 ipse
549 4417 696 4483 dominus
712 4418 800 4500 Dux,
818 4427 850 4484 et
877 4440 933 4484 sex
957 4414 1147 4484 consiliarii
1164 4419 1224 4500 sui,

92 4524 160 4588 tria
178 4519 300 4607 Capita
316 4521 357 4587 de
374 4522 614 4610 Quadraginta,
630 4522 801 4610 Sapientes
825 4526 865 4590 de
891 4543 1020 4608 guerra,
1046 4523 1226 4594 Consilium
