3134 5254
370 403 435 464 296
725 416 959 464 urunouscnrnr
975 403 1145 463 auribnus.

374 578 638 646 Venetiarum'iu
656 575 807 643 manibus
823 574 945 642 domini
961 575 1073 658 Regis,
1090 583 1124 643 et
1147 576 1213 661 ipsi
1230 582 1340 643 essent
1354 579 1481 646 conteuti
1544 629 1546 648 2

371 685 411 751 de
428 687 616 771 quantitate
633 705 730 770 quom
749 683 937 750 dicebamus
951 710 959 767 ;
978 690 1035 752 aut
1051 684 1131 752 dare
1148 685 1195 750 eis
1211 707 1312 752 unum
1337 685 1484 754 milioncm
1541 739 1545 746 .

372 795 575 874 florenorum,
591 794 676 860 sicut
692 792 755 878 ipsi
767 792 933 878 petebant,
950 794 1256 878 recognoscentibus
1266 799 1392 861 tentum
1406 793 1484 860 nobis

372 903 563 970 Dominiuur
579 900 798 970 Venetiarum
814 923 834 966 a
851 900 982 966 domino
998 899 1092 985 Begi,
1103 902 1307 970 sicutfuerat
1331 902 1485 969 ratiocina-

370 1017 450 1076 tum.
464 1011 512 1076 ut
527 1011 591 1078 ista
607 1016 680 1076 erat
694 1009 809 1075 ultima
826 1029 938 1074 eornm
955 1009 1128 1076 conclusio.
1143 1010 1189 1077 nt
1205 1031 1304 1094 super
1320 1011 1380 1076 hoc
1394 1009 1482 1076 multu

370 1119 501 1186 fuerunt
516 1118 614 1200 dicta,
630 1116 856 1208 respondendo
881 1137 1018 1200 semper,
1045 1117 1133 1202 quod
1159 1139 1223 1184 uon
1248 1124 1431 1204 poteramus
1444 1116 1483 1183 la-

371 1251 444 1294 cere
460 1228 551 1294 aliud
567 1249 614 1312 eo,
630 1226 718 1314 quod
735 1226 929 1292 dixeramus.
946 1224 1096 1292 Tandem
1107 1227 1387 1312 nonpossentibus
1402 1227 1480 1293 nobis

372 1337 492 1404 hebere
508 1336 599 1403 aliud
614 1338 658 1404 ab
675 1337 730 1420 eis,
747 1341 780 1401 et
796 1333 979 1402 dicentibus
995 1357 1056 1421 pur
1082 1337 1163 1420 ipsis
1187 1336 1373 1404 Batonibus
1397 1335 1482 1418 nobis,
1545 1319 1546 1324 Ξ

372 1444 459 1529 quod
476 1444 502 1510 si
518 1443 710 1512 nolebamus
726 1442 817 1511 aliud
840 1443 957 1528 dicere,
973 1464 1033 1509 nos
1058 1449 1245 1528 poteramus
1269 1445 1337 1526 ire;
1363 1451 1396 1512 et
1416 1443 1483 1528 ipsis

372 1549 558 1619 Batonibus
574 1558 608 1618 et
624 1551 754 1620 domino
770 1551 899 1618 Karolo
916 1552 1124 1635 surgentibus
1150 1552 1190 1618 de
1216 1552 1288 1618 loco
1311 1552 1346 1618 in
1371 1575 1430 1637 quo
1443 1575 1483 1618 se·

372 1659 511 1742 debant3
534 1662 692 1730 existente
712 1661 782 1746 jam
807 1681 880 1726 sero
909 1681 1004 1726 scuro
1020 1661 1211 1727 recessimus
1236 1661 1279 1728 ab
1296 1661 1352 1744 eis,
1368 1668 1400 1727 et
1413 1661 1484 1726 veni·

372 1790 442 1835 mus
459 1768 594 1852 Mestre,
609 1769 665 1837 ubi
681 1769 897 1852 applicuimus
913 1767 1033 1852 elapsis
1049 1767 1176 1836 duabus
1192 1768 1281 1837 horis
1297 1771 1410 1836 noctis.
1425 1767 1485 1852 Qua

375 1877 485 1942 omnia
510 1875 633 1952 Vestro
656 1877 884 1946 Dominationi
909 1875 1094 1961 significare
1121 1877 1485 1962 curarimus,utcsdeu1

373 1983 565 2050 Dominatio
580 1981 703 2051 Vestra
719 1982 876 2049 mandare
886 1989 920 2049 et
931 1981 1084 2049 ordinare
1100 1987 1211 2068 possit,
1227 1986 1383 2072 quioquid
1399 2007 1484 2069 super
1545 2065 1546 2068 Ξ

371 2091 447 2157 inde
463 2091 604 2158 voluerit
620 2112 680 2158 nos
696 2090 849 2157 lecturos.
883 2088 1110 2158 Domiuatioui
1126 2100 1236 2158 cutem
1252 2091 1374 2161 Vestro
1388 2101 1486 2161 notum
1545 2173 1546 2176 Ξ

372 2200 510 2286 facimus
526 2221 585 2285 par
601 2205 778 2284 presentes,
797 2199 884 2283 quod
905 2199 1148 2284 applicantibus
1164 2203 1258 2269 uobis
1282 2204 1328 2270 ad
1345 2226 1485 2288 campum,
1545 2189 1546 2192 Ξ

372 2307 555 2375 invenimus
564 2307 610 2373 ibi
620 2308 744 2374 venisse
753 2311 822 2374 tres
832 2306 1084 2376 Ambasiatores
1095 2309 1284 2378 Communis
1294 2313 1484 2380 Florentino

370 2439 452 2498 rum,
469 2416 621 2483 videlicet
645 2415 811 2482 dominum
828 2415 1041 2484 Thomasiunr
1058 2420 1197 2486 condam
1222 2418 1332 2488 Marci
1349 2421 1388 2488 de
1403 2420 1485 2488 Stro-

374 2525 433 2609 cijs
450 2522 601 2606 Militem,
611 2523 779 2590 dominum
789 2521 957 2589 Donatum
972 2524 1164 2592 Barbadore
1174 2528 1356 2595 Doctorum
1367 2529 1484 2612 Legum

371 2639 405 2697 et
419 2632 634 2700 Benedictum
650 2632 776 2714 Marci,
800 2633 855 2716 qui
870 2631 911 2698 ea
926 2631 1017 2716 hora,
1035 2655 1101 2718 qua
1116 2635 1334 2720 applicuimus
1357 2638 1398 2704 ad
1412 2659 1484 2704 can·
1544 2665 1546 2724 j

372 2763 457 2824 pum,
473 2746 567 2806 erent
583 2762 656 2806 cum
672 2739 802 2807 domino
819 2740 949 2806 Karolo
966 2746 999 2807 et
1014 2741 1087 2827 alijs
1104 2743 1300 2810 Beronibus.
1325 2748 1371 2812 Et
1384 2767 1440 2830 per
1454 2765 1486 2810 ea

371 2869 435 2932 que
449 2846 631 2930 habuimus,
647 2849 713 2932 ipsi
729 2849 764 2914 iu
778 2847 993 2915 Ambcssiata
1009 2871 1069 2916 sua
1093 2860 1314 2936 exposuerunt
1337 2860 1485 2938 quatuor:
1544 2833 1546 2850 Ξ

274 2943 276 2946 ’
371 2957 511 3039 primum
528 2957 598 3038 fuit,
615 2958 704 3039 quod
715 2954 943 3023 Communitas
960 2980 1020 3024 sua
1035 2961 1171 3026 miserat
1181 2979 1236 3028 eos
1248 2961 1293 3027 ad
1302 2963 1485 3048 presentiam
1544 3007 1546 3052 ᾗ

371 3063 515 3147 ejusdem
532 3064 653 3130 domini
669 3064 789 3131 Karoli
814 3067 856 3130 ed
884 3065 1110 3133 honorandum
1134 3070 1373 3138 Excellentiam
1397 3070 1484 3138 Suam
1544 3081 1546 3164 l

371 3175 404 3235 et
418 3171 619 3256 explicandis
635 3174 675 3238 de
691 3172 779 3239 omui
795 3174 1014 3257 prosperitate
1030 3180 1137 3241 status
1154 3177 1214 3258 sui,
1230 3184 1264 3245 et
1282 3180 1402 3246 honore
1418 3199 1480 3258 suo;
1544 3171 1546 3258 Ξ

371 3279 547 3345 secundum
559 3280 601 3345 ad
613 3279 941 3347 recommendandum
952 3281 1150 3350 Celsitudini
1160 3282 1227 3351 Sue
1238 3284 1412 3354 Civitatem
1421 3287 1485 3354 Flo
1544 3261 1546 3336 i

369 3386 473 3452 rentie
487 3392 522 3451 et
537 3388 720 3454 universam
737 3386 1190 3476 Communitatemejusdcm3
1207 3395 1346 3462 tercium
1357 3397 1399 3462 ad
1422 3394 1485 3461 clle-

369 3493 505 3559 rendum
521 3496 625 3562 eidem
642 3496 771 3563 domino
787 3496 917 3578 Karolo
944 3497 1221 3568 Communitatem
1247 3525 1341 3570 suam
1366 3506 1484 3572 Floren·
1526 3487 1546 3586 'j

370 3601 466 3666 ticin
487 3603 636 3672 omnibus
662 3604 723 3670 sibi
747 3606 957 3690 possibilibus
977 3614 1010 3672 et
1034 3609 1187 3694 honestis,
1213 3634 1277 3696 que
1302 3617 1484 3681 concernunt
1544 3587 1546 3678 l

369 3716 579 3792 angmentum
610 3718 714 3778 status
735 3712 957 3780 Sublimitatis
987 3713 1063 3798 Sne,
1080 3718 1251 3785 commoda
1277 3727 1311 3787 et
1342 3721 1485 3798 honores3
1544 3693 1546 3790 Ξ

369 3821 524 3899 quartum
554 3824 587 3882 et
602 3819 762 3903 ultimum,
778 3821 822 3886 ad
836 3821 1111 3905 interponendum
1142 3847 1175 3892 se
1192 3833 1225 3893 et
1250 3829 1481 3912 procurandum
1544 3807 1546 3910 Ξ

369 3942 468 4005 penes
484 3925 724 3994 Excellentiam
743 3926 843 3994 Suam
859 3951 973 4013 pacem
987 3931 1073 3998 inter
1098 3929 1333 4002 Sereuisimam
1357 3939 1483 4023 Regiam
1544 3911 1546 4016 Ξ

368 4029 581 4115 Majestatem
598 4033 746 4117 Vngarie
761 4042 793 4100 et
818 4035 989 4120 colligatos
1006 4060 1080 4106 snos
1097 4063 1137 4107 ex
1153 4064 1219 4108 uua
1239 4051 1346 4129 parte,
1363 4054 1395 4113 et
1410 4045 1481 4114 Ciri·
1544 4039 1546 4112 i

367 4144 468 4204 tatem
486 4139 700 4209 Venetiarum
711 4143 882 4227 exaltera3
907 4146 1147 4230 concludentes,
1164 4152 1252 4234 quod
1270 4151 1333 4219 hoc
1349 4157 1483 4222 ultimum
1544 4139 1546 4226 i

368 4247 439 4331 ipse
455 4250 603 4316 dominus
614 4253 760 4320 Kerolus
771 4275 895 4322 summe
908 4263 940 4322 et
950 4279 1007 4340 pre
1023 4261 1142 4325 ceteris
1159 4262 1371 4350 Principibus
1387 4261 1546 4345 mundi

368 4356 489 4424 habere
505 4358 644 4448 debebat
630 4368 773 4448 ttaccep
775 4385 839 4445 nm,
854 4371 893 4429 ut
910 4386 1027 4432 nomeu
1044 4365 1266 4438 Sublimitatis
1284 4372 1359 4457 Sne,
1377 4376 1546 4460 quipe
1545 4367 1546 4370 ¹

368 4465 551 4532 universum
575 4471 753 4537 vocabatur
787 4471 933 4540 Karalus
961 4496 981 4540 a
1007 4475 1104 4560 Pace,
1129 4499 1189 4561 per
1215 4479 1366 4547 effectum
1391 4481 1481 4566 operis

369 4573 416 4638 rei
440 4595 640 4662 consequeus
664 4581 982 4651 monstraremus
1009 4583 1050 4651 de
1065 4584 1164 4653 hoc
1154 4588 1220 4676 rpsi
1243 4610 1305 4678 pro
1332 4598 1483 4680 partesue
1544 4669 1546 4712 4
