3226 5254
376 365 441 425 362
728 382 965 426 nrrnomaozrsr
982 364 1151 428 nupturas.

374 540 614 606 custodiamEt
624 539 686 606 hoc
696 540 781 623 qnod
791 541 909 605 divitor
919 539 959 605 dc
970 541 1354 627 colligatis,intelligatur
1363 546 1499 610 durante

371 648 461 731 ligha
484 650 614 732 rigente
638 649 725 714 inter
750 651 856 732 ipsum
888 647 1078 728 Commune,
1113 657 1146 716 et
1181 651 1284 717 dictos
1311 653 1496 735 colligatos;

372 758 426 839 qui
451 757 598 840 colligati
626 762 701 822 sunt
724 757 788 836 isti,
813 756 966 824 videlicet
983 754 1185 824 :Commune
1220 759 1379 840 Bononia,
1403 757 1496 825 Com·

370 886 465 929 mnne
496 865 633 944 Perusii,
665 863 843 931 Commune
872 865 1027 948 Pisarnm‚
1059 865 1238 932 Commune
1271 865 1436 950 Senatum,
1465 875 1498 933 et

373 972 554 1040 Commune
570 973 749 1038 Lucanum.

480 1081 566 1146 Item
593 1081 678 1165 quod
702 1083 772 1165 ipse
796 1082 945 1148 dominus
969 1082 1113 1149 Karolus
1129 1083 1229 1149 faciet
1256 1091 1289 1150 et
1314 1085 1436 1151 iurabit
1453 1091 1501 1150 ta·

371 1189 446 1254 liter
463 1211 536 1255 cum
552 1189 679 1271 effectu,
696 1191 783 1274 quod
800 1197 911 1274 gentes
928 1213 1091 1257 armorum
1110 1193 1153 1258 ad
1179 1213 1311 1276 presens
1327 1195 1501 1258 existentes

373 1297 455 1364 Cum
472 1298 552 1381 ipso,
569 1299 602 1361 in
619 1303 722 1363 totum
738 1297 790 1364 vel
805 1298 838 1362 in
853 1304 993 1382 partem,
1009 1300 1036 1363 si
1052 1298 1094 1364 ab
1114 1320 1153 1365 eo
1168 1300 1219 1366 rel
1234 1301 1292 1365 snb
1304 1302 1372 1365 eius
1397 1302 1498 1383 prori-

373 1406 459 1471 siore
475 1414 534 1471 ant
558 1402 719 1489 stipendio
745 1405 958 1490 discederent,
973 1428 1040 1471 non
1065 1407 1230 1473 offendant
1256 1409 1379 1474 dictum
1406 1405 1499 1472 Com-

373 1534 469 1579 mune
485 1513 663 1594 Florentie‚
680 1534 738 1578 nec
755 1513 896 1596 aliquem
912 1514 1019 1579 locum
1035 1520 1094 1581 aut
1110 1513 1287 1580 Commune
1313 1515 1364 1579 vel
1389 1537 1497 1599 perso-

375 1643 432 1686 nas
449 1621 714 1704 comprehensum
747 1621 797 1685 rel
823 1623 1072 1706 comprehensas
1087 1611 1284 1706 in'proximo
1310 1622 1496 1706 precedenti

373 1730 517 1811 capitulo
534 1727 610 1794 hinc
625 1729 668 1794 ad
690 1730 831 1814 quinque
858 1752 982 1797 menses
1007 1732 1152 1814 proxime
1177 1731 1313 1812 futuros,
1339 1732 1390 1796 vel
1415 1731 1501 1796 infra

369 1839 475 1921 ipsum
491 1843 624 1920 tempus.
642 1836 716 1903 Hoc
728 1837 851 1916 addito,
865 1838 953 1920 quod
968 1839 1118 1904 dominus
1135 1836 1283 1919 Karolns
1303 1860 1368 1904 non
1385 1845 1493 1905 tenea·

372 1955 427 2010 tur
452 1944 494 2011 ad
520 1945 667 2028 predicta
690 1966 751 2028 pro
780 1944 955 2028 Ungharis,
981 1947 1044 2011 nisi
1070 1968 1130 2029 pro
1157 1952 1309 2028 tempore,
1337 1969 1402 2029 quo
1428 1969 1498 2012 cunr

370 2056 441 2136 ipso
458 2052 601 2132 stabunt,
617 2073 675 2134 pro
691 2053 756 2117 alio
782 2051 972 2135 operabitur
997 2052 1083 2119 bona
1103 2051 1175 2134 fide,
1191 2053 1350 2137 quidquid
1367 2056 1502 2137 poterit,

373 2160 459 2244 quod
475 2182 538 2224 non
557 2158 731 2238 offendent,
750 2165 786 2225 ut
802 2159 991 2243 predicitur.

479 2266 565 2333 Item
583 2267 671 2350 qnod
687 2267 793 2332 dictus
811 2268 959 2334 dominus
975 2267 1120 2334 Karolus
1136 2289 1242 2351 perse
1259 2268 1307 2335 vel
1324 2269 1424 2335 alium
1440 2290 1501 2334 seu

372 2375 453 2440 alios
470 2397 533 2440 non
549 2377 661 2458 possit,
679 2397 738 2440 nec
761 2376 791 2441 ei
806 2378 905 2442 liceat
920 2377 960 2442 de
985 2398 1067 2442 noro
1093 2397 1126 2440 se
1150 2377 1383 2459 intromictere,
1407 2399 1501 2442 occu·

371 2505 458 2565 pare,
475 2482 535 2548 sibi
552 2483 720 2567 subjicere,
747 2491 918 2568 acceptare
935 2484 983 2549 vel
1009 2486 1152 2568 recipere
1169 2485 1208 2550 de
1234 2485 1347 2566 aliqua
1372 2485 1420 2550 vel
1442 2484 1502 2548 ali·

373 2611 469 2672 quam
487 2591 660 2672 civitatem,
694 2598 817 2657 terram
844 2593 895 2659 rel
920 2593 1027 2658 locum
1044 2594 1077 2657 in
1095 2592 1213 2657 Tuscia
1238 2593 1428 2657 existentem
1445 2615 1502 2658 seu

371 2697 587 2764 confinentem
603 2723 675 2765 cum
686 2699 861 2780 Comitatu,
872 2701 1033 2766 Districtu
1049 2701 1098 2765 rel
1115 2699 1281 2767 territorio
1298 2700 1501 2782 Florentino,

371 2809 516 2892 exceptis
528 2809 689 2874 duntaxat
699 2811 822 2890 castris,
839 2829 901 2892 que
917 2809 960 2873 ad
978 2829 1108 2892 presens
1119 2814 1270 2872 tenentur
1285 2829 1345 2891 per
1361 2808 1500 2875 rebelles

309 2899 319 2910 ¹
371 2914 522 2980 Civitatis
537 2913 656 2995 Aretii,
672 2938 733 3000 que
750 2937 808 2999 per
824 2917 913 2999 ipsos
929 2913 1067 2981 rebelles
1083 2914 1186 2978 libere
1202 2921 1235 2978 et
1245 2915 1427 2980 voluntarie
1443 2916 1500 2980 da·

288 3045 294 3054 ·
371 3032 485 3091 rentur
500 3026 561 3107 ipsi
579 3025 710 3091 domino
726 3025 860 3090 Karoia

477 3133 561 3197 Item
577 3135 664 3216 quod
681 3132 786 3198 dictus
804 3132 953 3197 dominus
971 3131 1117 3196 Karalus
1132 3131 1231 3196 faciet
1247 3137 1279 3197 et
1304 3133 1433 3197 curabit
1449 3135 1501 3197 ita

368 3247 400 3304 et
415 3238 538 3320 taliter,
555 3240 642 3322 quod
654 3241 762 3304 nullus
782 3239 983 3318 exbannitus,
1008 3238 1141 3305 rebellis
1160 3239 1210 3303 vel
1237 3238 1498 3322 condempnatus

369 3347 446 3411 dicti
465 3345 652 3414 Communis
673 3347 843 3413 Florentio
860 3347 961 3412 stabit
976 3350 1009 3411 in
1027 3345 1169 3412 Civitate
1194 3346 1303 3412 Aretii
1319 3347 1371 3411 rel
1388 3348 1497 3430 Engu-

369 3453 415 3520 bii
433 3453 484 3517 rel
501 3477 612 3520 earum
629 3455 678 3520 vel
695 3453 829 3520 alterius
846 3476 955 3520 earum
971 3455 1137 3520 territorio
1154 3455 1204 3518 rel
1215 3455 1373 3536 districtu,
1389 3477 1448 3520 nec
1464 3457 1497 3520 in

370 3563 480 3646 aliqua
497 3564 637 3645 civitate,
647 3570 737 3628 terra
752 3564 801 3629 vel
818 3564 888 3630 loco
899 3585 995 3648 quam
1013 3566 1062 3628 vel
1072 3585 1168 3647 quem
1184 3549 1373 3646 ipse'tenct,
1389 3584 1448 3628 nec
1463 3564 1496 3626 in

369 3670 479 3759 aliquo
496 3671 596 3754 ipsius
616 3669 737 3736 domini
753 3671 873 3736 Karoli
890 3692 1004 3753 campo
1020 3671 1071 3735 rel
1088 3672 1244 3749 exercitu,
1269 3677 1328 3736 ant
1344 3692 1442 3754 penes
1463 3693 1497 3736 se

370 3775 435 3841 ullo
447 3779 551 3860 modo,
562 3801 620 3845 nec
630 3780 710 3862 ipsis
726 3781 777 3844 rel
788 3779 887 3844 alicui
898 3781 1040 3862 ipsorum
1057 3778 1217 3862 prestabit
1232 3785 1291 3844 ant
1308 3779 1382 3844 dari
1400 3777 1498 3844 saciet

351 3885 525 3950 auxilium
541 3887 589 3953 vel
604 3885 757 3951 favorem.
775 3886 820 3952 Et
836 3889 869 3950 in
886 3909 963 3951 casn
983 3888 1081 3951 etiam
1097 3907 1162 3969 quo
1188 3885 1308 3969 aliquis
1334 3887 1495 3970 predicto-

368 4013 441 4055 rum
458 3991 717 4073 exbannitcrum,
738 3993 906 4058 rebellium
926 3993 977 4059 vel
992 3993 1302 4076 condempnatorum
1320 3999 1424 4060 staret
1448 3994 1497 4060 rel

367 4101 566 4184 reperiretur
582 4101 615 4164 in
631 4101 742 4183 aliquo
760 4123 799 4165 ex
816 4100 895 4165 locis
913 4100 1077 4184 predictis,
1101 4101 1202 4184 possit
1218 4108 1251 4166 et
1267 4101 1384 4167 debeat
1401 4101 1496 4184 quili-

367 4208 423 4273 bet
439 4207 515 4273 talis
531 4207 639 4290 puniri
655 4210 688 4270 in
714 4209 863 4275 omnibus
888 4216 920 4274 et
946 4229 1004 4292 per
1021 4209 1129 4274 omnia
1153 4229 1211 4292 per
1238 4207 1394 4274 officiales
1420 4209 1497 4274 dicti

368 4317 489 4381 domini
507 4317 635 4396 Karon,
651 4323 749 4400 prout
765 4325 797 4382 et
814 4318 1094 4402 quemadmodum,
1111 4322 1144 4382 et
1170 4340 1208 4382 ac
1224 4319 1252 4383 si
1268 4325 1378 4384 esseut
1394 4319 1496 4383 rebel-

367 4425 414 4490 les
431 4431 464 4490 et
480 4423 706 4509 condempnati
721 4427 823 4510 ipsius
841 4426 1101 4492 dominiKaroli.
1118 4427 1159 4491 In
1170 4427 1279 4506 terris,
1297 4425 1496 4493 Civitatibus

367 4538 399 4597 et
409 4532 488 4598 locis
500 4554 584 4614 vero,
600 4555 682 4617 quas
694 4541 728 4600 et
741 4556 803 4618 que
815 4536 920 4632 dictus
932 4535 1080 4601 dominus
1091 4533 1238 4600 Karolus
1250 4535 1289 4600 de
1300 4556 1384 4601 novo
1400 4537 1433 4601 in
1449 4535 1465 4600 f
1486 4578 1497 4589 -
