3226 5254
618 465 714 528 1380.
1169 459 1233 523 333
1353 453 1358 464 “

1 623 2 648 ³
98 639 209 721 nonia,
228 639 313 704 unde
331 658 364 704 se
380 637 542 704 fautorem
556 637 782 723 proditoribus
796 639 892 704 113133
919 637 1019 703 133111
1044 635 1165 720 populi,
1192 637 1232 700 si·

1 813 2 824 ,
95 754 151 812 331
161 747 246 812 alias
256 744 454 830 scripsimus,
465 746 648 828 exhibebat,
658 747 823 829 abscessit,
833 751 1010 812 tractatum
1026 741 1148 827 perfide
1159 765 1234 808 333-

1 880 2 895 1
97 862 152 921 113
161 875 224 920 333
234 855 399 938 inceptum
415 853 602 920 nullatenus
613 854 848 939 derelinquens,
861 873 973 920 omnes
983 857 1122 930 nostros,
1134 850 1234 916 etiam

1 1041 2 1044 Ἴ
101 963 233 1030 delictis
264 963 419 1047 gravibus
451 963 651 1045 exbaunitos,
681 984 855 1049 omnesque
886 961 1037 1028 Civitatis
1069 966 1103 1026 et
1128 965 1234 1024 status

1 1073 3 1160 1
101 1071 209 1138 nostri
225 1075 294 1136 tam
310 1070 442 1152 emulos,
458 1092 559 1157 quam
575 1070 712 1137 rebelles
728 1069 878 1135 incitavit
888 1091 946 1154 per
962 1089 1038 1135 suos
1053 1066 1233 1134 familiares

1 1187 2 1218 ¹
96 1186 131 1245 et
148 1181 293 1261 nuntios,
310 1185 341 1243 et
356 1179 484 1244 demum
502 1180 663 1264 incitatos,
679 1179 942 1262 quotiescumque
957 1177 1077 1262 posuit,
1094 1195 1229 1258 congre·

1 1299 2 1356 3
98 1288 201 1371 gavit.
216 1288 265 1354 Et
283 1286 445 1354 conducta
460 1288 518 1353 sub
544 1289 673 1354 nomine
692 1286 814 1354 domini
839 1285 961 1352 Karoli
985 1283 1164 1370 supradicti
1180 1303 1231 1348 so·

1 1453 2 1482 ,
99 1397 220 1462 3131313
236 1394 427 1461 Ι13113311131
453 1394 566 1462 Sancti
585 1393 729 1479 Georgii,
754 1394 1035 1480 quorumdamque
1055 1391 1233 1458 ’111331331-

1 1490 3 1547 3
100 1525 216 1568 corum
233 1503 377 1584 cohorte,
393 1505 500 1588 primo
516 1503 657 1570 fratrum
675 1501 865 1570 Senensium
891 1509 1076 1570 nostrorum
1100 1500 1232 1566 territo-

97 1612 186 1677 rium
202 1617 242 1676 ut
256 1613 406 1676 inimicus
421 1612 586 1692 invadens,
601 1633 721 1696 magna
740 1633 814 1676 cum
840 1617 951 1694 strage
975 1617 1044 1676 tam
1068 1608 1235 1675 hominum

98 1741 202 1803 quam
227 1741 390 1803 agrorum,
421 1719 510 1804 ipsos
541 1719 583 1786 311
600 1720 854 1804 redemptionem
881 1717 1036 1802 compth
1061 1716 1231 1783 duodecim

101 1828 232 1892 milium
247 1825 450 1894 florenorum.
481 1829 635 1912 Dumque
651 1828 698 1892 313
723 1829 757 1893 13
782 1825 943 1894 Senenses
968 1825 1132 1892 hostiliter
1149 1826 1238 1890 desc·

101 1937 197 2018 viret,
213 1935 353 2002 Pisanos
370 1942 460 2002 metu
476 1936 642 2020 perculsos
658 1935 790 2001 induxit
804 1935 847 2001 311
866 1934 1114 2000 indemnitatem
1131 1939 1164 1998 et
1180 1953 1237 2016 pa-

103 2065 176 2109 3313
202 2064 263 2127 pro
293 2041 491 2108 florenorum
516 2041 628 2108 decem
646 2041 776 2107 milibus
802 2040 1034 2124 redimendam,
1059 2060 1235 2124 omnesque

102 2151 213 2218 dictas
228 2153 391 2234 pecunias,
410 2150 611 2217 horrendum
636 2149 734 2231 dictu,
750 2149 809 2215 sub
833 2150 962 2216 nomine
987 2146 1108 2232 prelati
1125 2147 1237 2214 claris·

105 2259 182 2327 simi
196 2258 362 2345 Principis
377 2261 412 2324 in
427 2265 576 2325 mutuum
592 2265 643 2325 est
662 2258 844 2340 confessus,
860 2263 894 2323 et
902 2262 996 2324 tanta
1006 2278 1079 2323 cnm
1090 2257 1239 2324 inhones-

108 2373 181 2432 tate
206 2368 334 2452 paratis
358 2368 504 2451 pecuniis
529 2366 695 2451 stipendia
720 2365 917 2450 supradictis
941 2366 1094 2450 gentibus
1118 2366 1242 2451 persol-

107 2475 223 2558 vendo,
239 2475 393 2541 vexillum
409 2475 575 2560 regalibus
589 2473 776 2559 prefulgens
793 2475 879 2556 liliis,
896 2476 1078 2542 intraturus
1094 2481 1242 2541 nostrum

109 2584 317 2650 territorium
333 2583 479 2649 clevavit
495 2582 648 2668 Dumque
665 2583 786 2649 nostris
796 2582 976 2650 confinibus
992 2585 1237 2669 propinquaret,

1 2689 2 2750 ἲ
110 2697 280 2776 staretque
296 2691 408 2758 valida
422 2698 611 2757 nostrarum
627 2693 773 2775 gentium
798 2692 884 2758 acies
900 2692 943 2758 ad
967 2713 1110 2777 pugnam
1126 2692 1160 2757 in
1185 2712 1241 2775 op-

50 2792 52 2799 ’
112 2800 261 2884 positum
295 2805 482 2883 preparata,
517 2799 728 2868 collocutores
762 2806 795 2866 et
819 2800 1041 2866 internuntios
1066 2799 1242 2880 antemisit,

113 2907 172 2990 qui
187 2907 366 2972 transitum
390 2906 562 2992 pacificum
577 2928 636 2992 pro
654 2929 688 2974 se
705 2914 739 2973 et
764 2909 888 2983 31133113
913 2907 1064 2992 gentibus
1088 2907 1242 2991 impetra·

112 3020 195 3080 rent.
213 3013 304 3099 Quid
319 3020 430 3081 autem
446 3014 524 3080 fecit
540 3022 618 3082 tuno
634 3017 741 3100 gentis
757 3020 868 3082 nostre
893 3014 1049 3081 devotio?
1076 3012 1174 3081 03113
1190 3036 1244 3080 311-

113 3125 218 3209 ceptis
234 3145 294 3208 per
319 3123 514 3208 scripturam
530 3123 800 3207 promissionibus
816 3131 850 3191 et
876 3122 1003 3207 sigillis,
1030 3123 1117 3206 quod
1143 3122 1243 3188 nichil

110 3232 232 3298 hostile
248 3237 363 3297 contra
378 3253 438 3297 nos
453 3238 511 3298 aut
526 3237 656 3298 nostros
673 3231 822 3298 subditos
839 3237 1048 3314 attentarent,
1063 3237 1159 3297 tanta
1179 3229 1243 3296 fuit

112 3339 155 3406 ad
171 3339 368 3422 Principem,
384 3339 443 3405 sub
461 3340 551 3406 ouius
568 3340 670 3423 signis
686 3345 721 3405 et
735 3342 866 3407 nomine
881 3346 953 3406 tota
969 3360 1021 3405 133
1038 3338 1167 3423 publice
1192 3360 1245 3425 ge-

1 3500 2 3538 ,
115 3449 258 3528 rebatur,
274 3447 389 3513 innata
408 3448 547 3530 devotio,
564 3448 651 3531 quod
677 3450 895 3529 securitatem,
912 3448 940 3514 si
955 3449 1145 3533 transirent,
1161 3448 1245 3513 sicut
1361 3503 1362 3507 ,

114 3557 300 3641 petebatur,
313 3556 497 3639 pervellem
506 3555 623 3622 Elsam
633 3578 653 3623 a
663 3556 801 3640 prefatis
816 3557 939 3624 nostris
956 3557 1107 3642 gentibus
1124 3555 1244 3622 habue-

114 3671 200 3730 runt.
227 3662 295 3728 Hic
320 3661 405 3728 sorte
420 3663 570 3746 requirat
585 3663 692 3748 Regia
710 3661 889 3746 Oelsitudo,
907 3665 1050 3749 qualiter
1065 3665 1243 3749 fidesqua-

1 3824 3 3840 .
113 3775 255 3857 literquc
271 3773 442 3838 conventio
459 3773 502 3837 sit
517 3779 655 3839 servata.
673 3771 772 3839 Oertc
788 3796 854 3839 uon
870 3795 928 3858 per
943 3774 1006 3841 iter
1030 3774 1242 3859 postulatum,

115 3883 171 3951 sed
188 3902 302 3948 131333
318 3886 464 3946 33311313
480 3877 665 3966 Civitatem,
681 3888 838 3966 quantum
854 3881 913 3949 illa
939 3883 992 3948 die
1017 3883 1111 3948 licuit
1135 3901 1246 3968 proce·

1 4065 2 4070 ἵ
117 3989 233 4071 dendo,
249 3989 367 4054 ultima
384 3989 505 4054 mensis
529 3989 646 4054 Martii
672 3996 782 4057 castra
806 4012 908 4076 prope
935 3990 1092 4058 Sanctum
1118 3990 1247 4058 033313-

1 4083 2 4150 1
120 4119 197 4162 num
213 4102 247 4162 31
264 4095 346 4162 31133
362 4097 622 4162 circumstantias
647 4103 835 4182 posuerunt.
852 4099 968 4165 Prima
984 4107 1094 4165 autem
1120 4097 1247 4184 Aprilis

1 4217 2 4234 ³
118 4227 151 4270 se
167 4204 244 4270 urbi
260 4209 369 4271 nostre
386 4205 633 4289 conspiciendos
649 4205 692 4272 ad
708 4208 852 4291 quinque
877 4208 928 4273 131
944 4229 999 4274 sex
1014 4208 1159 4274 miliaria
1173 4227 1248 4272 cum

118 4313 242 4398 rapinis
259 4319 293 4378 et
307 4312 464 4378 incendiis
489 4312 700 4397 prebuerunt.
724 4313 772 4380 Ut
797 4336 873 4381 vero
899 4317 1072 4383 manifesta
1099 4315 1249 4410 perfidia,

117 4420 326 4504 hostiamque
342 4427 515 4505 patescunt
529 4421 658 4503 insidis,
674 4424 816 4490 secunda
835 4424 886 4490 die
912 4423 1049 4510 Aprilis,
1066 4431 1142 4491 ante
1158 4445 1249 4490 rose·

118 4551 171 4596 am
186 4527 296 4592 future
314 4527 395 4594 lueis
410 4529 697 4612 prenuntiatricem
724 4553 887 4616 auroram,
912 4532 1038 4599 nonulli
1061 4555 1100 4598 ex
1126 4532 1247 4598 nostris

116 4636 152 4705 in
177 4637 236 4706 bos
261 4633 408 4702 foderum
433 4642 466 4702 st
490 4635 567 4704 fidei
592 4639 769 4706 violatores
803 4641 979 4726 hostesque
1008 4641 1077 4727 jam
1101 4639 1249 4729 publicos
