3172 5254
720 403 953 450 euueuaemar
971 383 1139 450 earduus.

506 565 541 650 b)
565 562 599 629 A
624 563 855 630 releuezci
879 564 1082 650 degeucls
1105 586 1126 628 a
1149 565 1353 633 kdretek.

577 691 740 756 Dominio.
1131 761 1134 768 ,

470 799 755 864 Excellentissime
780 799 920 865 Domine
940 803 1059 864 noster.
1092 798 1132 863 In
1149 798 1289 866 Vilacho
1307 798 1359 864 die
1376 798 1494 866 Martis

363 907 480 972 ultime
505 908 586 992 Maij
614 909 690 974 dum
707 909 887 990 attigimus,
912 908 1092 992 reperimus
1108 909 1282 976 Nicolaum
1298 909 1493 975 familiarem

364 1015 521 1098 Magistri
547 1016 712 1098 Lederici‚
737 1018 795 1101 qui
812 1016 896 1082 dixit
912 1017 1005 1082 nobis
1021 1023 1156 1112 portare
1172 1017 1402 1083 Dominacieui
1417 1015 1494 1086 Ves-

362 1131 414 1189 tre
439 1123 585 1189 litteram
609 1126 710 1208 ipsius
736 1127 902 1209 Magistri.
933 1128 1005 1193 Nes
1031 1132 1140 1191 autem
1166 1125 1209 1191 ad
1228 1125 1492 1192 informationem

361 1239 508 1298 nestram
541 1233 697 1317 elegimus
721 1235 849 1318 aperire
876 1233 1042 1300 stridere
1072 1234 1219 1300 litteram
1249 1235 1364 1318 ipsam,
1395 1241 1492 1318 atque

362 1341 459 1405 etiam
475 1341 589 1407 audire
605 1341 777 1406 referenda
802 1363 861 1424 per
877 1361 958 1407 eum.
985 1340 1171 1408 Olausimus
1187 1349 1220 1408 et
1237 1343 1340 1408 ceiam
1358 1341 1492 1407 bullari-

363 1470 434 1513 mus
459 1449 603 1514 litteram
628 1449 742 1532 ipsam,
768 1448 926 1533 illumque
951 1450 1198 1516 sollicitavimus
1223 1451 1378 1535 prosequi
1404 1451 1487 1516 riam

363 1577 473 1638 suam;
496 1577 554 1621 nes
578 1563 686 1622 autem
711 1557 924 1622 consimiliter
949 1579 1022 1623 cum
1047 1559 1177 1624 domino
1203 1557 1331 1624 Gemite
1362 1558 1489 1626 Jacobo

362 1665 589 1750 prosequimur
613 1667 698 1730 siam
715 1671 871 1730 nestram.
898 1662 1084 1749 Speremus
1101 1666 1188 1750 quod
1204 1666 1391 1732 habueritis
1407 1667 1492 1732 litte·

361 1794 415 1838 ras
432 1794 513 1854 ques
530 1774 726 1856 scripsimus,
743 1779 776 1838 et
791 1779 945 1839 notanter
970 1774 1101 1840 litteras
1118 1795 1199 1858 quas
1215 1774 1256 1840 de
1271 1773 1491 1858 Spilimberge

361 1883 513 1966 misimus,
538 1883 623 1948 inter
647 1882 711 1948 alia
736 1885 951 1963 continentes
973 1883 1062 1966 quod
1077 1883 1133 1948 ille
1165 1882 1315 1950 deminus
1348 1883 1388 1948 B.
1413 1883 1491 1948 mul-

360 1996 397 2056 ta
420 1991 636 2074 promittebat
661 1998 694 2056 et
719 1989 879 2056 offerebat
903 1992 938 2056 iu
963 2011 1060 2074 opere
1092 1990 1298 2075 perficiendo,
1323 1993 1350 2056 si
1377 1992 1411 2056 in
1437 1990 1492 2056 illo

361 2119 494 2163 numere
511 2099 633 2182 scripte
649 2097 797 2180 haberet,
824 2098 902 2180 quid
930 2099 1021 2182 cupit
1037 2099 1163 2164 habere.
1181 2100 1227 2164 Et
1243 2099 1375 2182 quiade
1392 2099 1491 2163 incer·

362 2206 405 2270 tis
420 2205 519 2272 rebus
535 2206 681 2272 iudicare
699 2227 764 2271 non
781 2227 961 2289 pessumus,
978 2213 1125 2272 nostram
1142 2208 1326 2289 opinionem
1343 2206 1491 2272 determi-

361 2320 473 2378 natam
499 2318 564 2380 nen
590 2315 786 2397 scripsimus.
812 2315 853 2379 Iu
868 2315 931 2396 ria,
956 2333 1055 2398 quam
1079 2314 1247 2398 hueusque
1263 2314 1400 2380 fecimus
1417 2335 1487 2380 eum

359 2422 448 2488 dicte
466 2423 597 2488 domiue
624 2421 760 2504 Gemite,
786 2422 924 2488 studiosi
951 2423 1069 2489 suimus
1086 2423 1217 2488 trahere
1234 2422 1392 2507 quiequid
1409 2428 1493 2487 esset

361 2532 526 2613 pertinens
542 2537 618 2596 vote
635 2538 753 2598 vestre.
776 2531 929 2597 Breviter
946 2533 1094 2597 convenit
1110 2553 1182 2596 eum
1203 2531 1354 2615 opinione
1370 2530 1491 2596 demini

359 2637 408 2718 B,
433 2661 495 2721 que
521 2645 579 2720 est,
605 2639 692 2722 qued
709 2640 994 2721 compromittatur
1010 2639 1044 2703 iu
1061 2640 1111 2721 R,
1127 2647 1224 2721 prout
1244 2639 1327 2704 alias
1344 2658 1490 2720 eompre-

359 2748 493 2810 missum
518 2745 598 2828 luit;
621 2745 840 2829 predictorum
872 2753 984 2812 autem
1000 2746 1121 2830 opinio,
1138 2768 1211 2811 eum
1226 2745 1409 2810 intentione
1425 2767 1490 2810 res·

358 2859 413 2917 tra
438 2855 624 2922 nullatenus
651 2853 847 2920 concordare
869 2853 1010 2920 ridetur.
1029 2855 1120 2920 Data
1143 2855 1179 2918 in
1206 2853 1320 2922 Vilaee
1348 2851 1401 2918 die
1426 2852 1490 2938 pri-

359 2982 412 3026 me
428 2960 533 3047 Junij.

360 3141 396 3227 6)
419 3141 554 3228 Irajes
578 3150 742 3210 mester
773 3165 794 3208 a
825 3140 1208 3209 lerenezrendiek
1240 3141 1280 3225 uj
1307 3162 1489 3224 gencra-

563 3253 748 3318 lisanak
772 3276 792 3318 a
815 3253 1048 3319 veleuczei
1072 3249 1273 3316 kevetek.

465 3376 629 3460 Magistro
645 3378 811 3444 Ledovice
830 3377 986 3445 Generali
1004 3376 1139 3444 Ordinis
1156 3375 1330 3442 Minorem.

465 3485 747 3552 Reverendissime
772 3487 884 3553 Pater.
917 3487 1004 3552 Dum
1026 3483 1281 3568 Altumburgum
1300 3507 1388 3550 nunc
1404 3486 1488 3550 reni-

357 3614 429 3658 mus
446 3592 527 3660 bera
544 3616 749 3677 vesperarum
776 3595 839 3660 diei
864 3596 1024 3679 presentis
1050 3595 1155 3661 octavi
1172 3593 1264 3678 Junij
1282 3619 1288 3658 :
1306 3593 1489 3658 audirimus

358 3723 442 3766 nora
467 3703 655 3784 gratissima
681 3711 757 3768 vete
784 3711 913 3786 nostre,
938 3703 1055 3786 quibus
1081 3701 1310 3781 intelleximus,
1326 3701 1489 3768 Reveren-

357 3809 524 3874 dissimam
549 3833 721 3894 personam
748 3811 903 3878 Vestram
927 3811 1118 3894 dignissime
1142 3831 1212 3875 esse
1237 3813 1423 3892 promotam
1448 3809 1491 3874 ad

356 3916 525 4002 fastigium
542 3921 692 3986 meritum
709 3919 881 3987 Generalis
898 3923 1115 4004 Magistratus
1131 3919 1383 4004 Religiosissimi
1394 3918 1491 3986 Ordi-

355 4026 407 4090 nis
424 4025 536 4092 Saneti
552 4029 730 4094 Francisei.
748 4028 820 4113 Qua
837 4030 968 4112 quidem
984 4051 1068 4095 nova
1083 4037 1209 4094 mentes
1224 4035 1357 4093 uestras
1374 4027 1490 4092 alacri

356 4139 426 4199 tate
442 4141 475 4200 et
491 4137 610 4219 gaudie
627 4139 868 4221 compleverant
884 4137 1084 4222 respectibus
1100 4137 1220 4217 multia,
1237 4156 1317 4220 quos
1334 4135 1406 4202 alt-a
1423 4157 1490 4201 res-

355 4249 410 4308 tra
439 4245 614 4326 prudentia
638 4267 769 4312 censere
794 4252 909 4330 petest.
948 4248 994 4312 Et
1020 4247 1097 4329 quia
1122 4245 1261 4311 studiosi
1287 4244 1490 4326 agendorum

356 4352 601 4419 commissorum
611 4354 705 4420 nobis
716 4353 867 4420 festinare
876 4353 1096 4440 preponimus
1106 4354 1190 4418 viam
1202 4360 1358 4434 nestram,
1376 4373 1490 4435 quam-

357 4481 455 4542 quam
466 4461 611 4528 fidissimi
621 4465 730 4543 simus,
747 4462 1064 4528 Rerereudissimam
1075 4461 1315 4527 Paternitatem
1332 4459 1490 4530 Vestram

357 4589 397 4636 ex
421 4571 556 4655 propria
580 4570 747 4638 industria
772 4571 878 4638 adhue
902 4569 1064 4636 facturam
1090 4568 1301 4638 residentiam
1317 4570 1408 4655 apud
1424 4572 1489 4638 Re-
