3226 5254
434 358 497 420 398
787 377 1020 422 omnovmozmi
1038 365 1204 422 uursevsn.

432 538 484 598 ret
498 533 688 616 supradicto
703 534 833 600 domino
858 534 1058 602 ledaxarri
1086 533 1171 600 infra
1195 555 1292 600 unum
1318 557 1459 600 mensem
1481 543 1547 600 tunc

431 642 578 724 proxime
603 646 773 707 venturum
800 641 996 724 florenomrm
1022 643 1133 708 decem
1156 642 1247 707 milia
1272 645 1354 724 euri,
1379 643 1419 708 de
1444 642 1547 726 quibus

431 770 531 830 supra
547 747 583 814 fit
601 750 731 829 mentio,
748 770 805 814 seu
821 750 942 815 dietum
958 750 1124 815 dominum
1141 749 1363 816 Baldaxarem
1379 749 1464 816 infru
1478 755 1546 815 tem·

430 877 490 939 pus
507 857 601 921 unius
618 857 737 922 mensis
754 863 941 923 contentum
968 858 1094 924 faceret
1117 858 1158 924 de
1174 858 1270 924 dictis
1286 857 1418 923 florenis
1448 859 1545 924 decen

430 962 560 1028 milibus
576 966 649 1030 euri
665 986 724 1047 per
742 966 992 1030 instrumentum
1008 965 1059 1030 vel
1076 987 1134 1050 per
1149 967 1289 1047 litteraS,
1314 967 1365 1030 vel
1381 987 1440 1049 per
1456 967 1545 1030 aliun

429 1070 569 1152 modum,
585 1079 617 1136 et
634 1079 767 1136 extunc
784 1073 826 1136 ad
851 1072 1016 1138 cautelam
1042 1073 1148 1138 dictus
1166 1073 1314 1138 dominus
1331 1072 1506 1152 Johannes,
1520 1074 1547 1136 in

429 1201 516 1260 casu,
533 1179 620 1262 quod
636 1181 743 1245 dictus
759 1181 907 1247 dominus
934 1181 1104 1248 Buldaxar
1123 1183 1282 1266 reciperet
1307 1202 1365 1248 seu
1390 1188 1548 1247 contentus
1594 1217 1597 1226 ·

428 1289 526 1352 suerit
541 1309 561 1352 e
577 1289 664 1354 dioto
681 1285 856 1354 Communi
871 1289 1039 1355 Florentio
1057 1289 1096 1354 de
1113 1289 1209 1354 dictis
1226 1288 1422 1355 florenorum
1449 1289 1546 1354 decem

428 1396 557 1462 milibus
574 1398 645 1461 auri
663 1397 825 1462 solvendis
840 1397 929 1463 infra
953 1397 1076 1463 dictum
1092 1419 1243 1477 mensem,
1259 1397 1337 1462 fecit
1354 1397 1440 1462 dicto
1461 1394 1547 1461 Conv-

428 1507 516 1570 muni
534 1505 710 1587 Florentie,
735 1511 768 1570 et
793 1504 1086 1571 Ambaxictoribus
1112 1512 1144 1571 et
1170 1504 1319 1584 Sindiois,
1337 1527 1393 1571 seu
1409 1505 1480 1570 aliis
1495 1526 1548 1589 pro

427 1612 524 1678 dictis
543 1612 839 1680 Ambaxietoribus
857 1620 889 1679 et
907 1612 1049 1680 Sindiois
1065 1613 1303 1698 recipientibus,
1320 1613 1426 1690 finem,
1450 1614 1547 1678 remis·

430 1721 552 1786 sionem
569 1729 602 1786 et
623 1722 856 1805 quietationem
882 1727 915 1786 et
941 1743 1054 1805 pacem
1079 1723 1113 1785 in
1138 1727 1333 1805 perpetuum
1358 1721 1398 1786 de
1422 1720 1547 1786 ulterius

427 1829 552 1912 aliquid
570 1849 633 1894 non
650 1828 798 1912 petendu,
815 1827 853 1892 de
869 1828 959 1893 diota
975 1829 1158 1911 quantitate
1184 1827 1380 1894 florenorum
1396 1829 1467 1894 auri
1492 1826 1547 1892 sol-

429 1936 605 2002 vendorum
637 1936 724 2002 dicio
751 1935 881 2002 domino
900 1935 1089 2018 Baldsxari,
1110 1943 1262 2020 utsupra
1287 1937 1409 2002 dictum
1434 1943 1490 2020 est,
1512 1935 1546 2000 de

427 2043 516 2110 dictu
533 2046 719 2126 quantitate
745 2043 942 2109 florenorum
967 2044 1041 2108 auri
1065 2045 1288 2128 quadraginta
1310 2045 1436 2110 milium
1461 2044 1546 2109 relin-

428 2150 556 2234 quendo
574 2173 673 2235 penes
689 2152 795 2218 dictos
811 2149 961 2217 Sindicos
987 2158 1019 2216 et
1044 2151 1309 2232 Ambexiutores,
1326 2159 1363 2217 ut
1379 2173 1477 2236 supra
1490 2150 1546 2214 dic-

425 2265 495 2324 tum
513 2265 571 2341 est,
588 2265 685 2342 prout
701 2259 761 2325 hec
776 2265 809 2325 et
825 2261 890 2324 ulia
906 2258 1060 2324 facientia
1076 2259 1119 2324 ad
1135 2259 1286 2342 predicto
1311 2260 1436 2342 plenius
1453 2259 1544 2323 conli-

425 2375 546 2433 nentur
562 2389 620 2451 per
637 2367 803 2451 publicum
820 2369 1072 2433 instrumentum
1092 2374 1242 2451 rogatum
1269 2389 1330 2452 per
1347 2390 1397 2432 ser
1413 2367 1545 2432 Paulum

424 2474 569 2540 Poncelli
589 2475 628 2540 de
646 2474 783 2541 Corneio
799 2476 983 2542 Notarium.
1001 2474 1098 2539 Unde
1122 2475 1220 2540 hodie
1234 2475 1296 2540 hac
1320 2477 1463 2559 presenti
1479 2495 1545 2556 sup·

425 2584 588 2666 rescripta
605 2584 657 2649 die
673 2582 888 2650 decimanona
903 2583 1024 2648 mensis
1051 2580 1216 2664 Octobris,
1242 2585 1481 2668 suprascriptus
1497 2583 1545 2646 do·

421 2692 529 2754 ‘minus
545 2691 716 2756 Beldaxer
733 2690 773 2754 de
790 2688 935 2774 Spinolis
954 2690 993 2755 de
1009 2691 1131 2770 Janua,
1157 2713 1222 2755 non
1249 2690 1431 2756 revocando
1456 2711 1544 2774 prop-

423 2803 513 2862 terea
529 2797 671 2880 aliquem
687 2799 738 2863 vel
753 2797 880 2881 aliquos
897 2819 971 2863 suos
987 2803 1224 2881 procuratores,
1233 2820 1291 2882 per
1307 2819 1381 2863 eum
1395 2797 1543 2862 hactenus

422 2905 464 2968 ad
482 2905 561 2970 alios
578 2912 670 2970 actus
688 2907 891 2985 constitutos,
908 2903 964 2972 sed
979 2905 1088 2987 potius
1105 2905 1328 2971 confirmando
1345 2905 1430 2971 omni
1447 2902 1544 2981 niodo,

420 3012 475 3076 viu
491 3020 524 3077 et
540 3013 619 3092 iure,
638 3013 757 3094 quibus
774 3013 888 3078 melius
905 3012 1023 3095 poluit,
1047 3011 1133 3093 fecit,
1150 3013 1319 3078 constituit
1334 3022 1368 3079 et
1384 3011 1542 3078 ordinavit

419 3141 515 3184 snum
530 3142 638 3185 verum
657 3127 691 3185 et
699 3121 904 3204 legiptimum
915 3126 1171 3204 procuratorem,
1181 3127 1334 3202 actorem,
1350 3119 1543 3187 factoremet

421 3234 547 3292 certum
564 3229 746 3312 numptium
763 3230 938 3312 specialem
955 3229 1203 3295 inrevocabilem
1220 3229 1372 3295 Nobilem
1382 3229 1484 3293 virum
1496 3227 1543 3291 do-

416 3335 542 3402 minum
560 3336 750 3403 Leonellum
762 3337 801 3402 de
813 3337 837 3403 J
839 3358 924 3403 anua
935 3337 1056 3403 ibidem
1065 3344 1258 3421 presentem,
1269 3344 1302 3402 et
1311 3358 1445 3421 presens
1462 3357 1542 3400 man-

420 3443 533 3510 datum
545 3452 660 3529 sponte
677 3447 917 3530 suscipientem,
934 3446 1118 3530 specialiter
1131 3451 1163 3510 et
1173 3446 1366 3511 nominatim
1383 3444 1425 3510 od
1439 3452 1540 3529 peten-

419 3551 505 3633 dum,
516 3553 718 3636 exigendum,
734 3552 957 3637 recipiendum
973 3561 1005 3619 et
1023 3554 1249 3634 confitendum,
1266 3559 1340 3620 etse
1350 3553 1501 3620 habuisse
1515 3561 1542 3616 et

420 3663 580 3745 recepisse
598 3661 781 3730 confitendo
798 3686 817 3728 e
834 3664 921 3729 dicto
936 3661 1107 3729 Communi
1124 3664 1302 3744 Florentie,
1319 3673 1351 3728 et
1368 3687 1387 3729 a
1403 3662 1541 3748 qualibet

419 3767 485 3832 alia
511 3791 649 3852 persona
674 3792 733 3853 pro
761 3770 847 3836 dicto
874 3768 1046 3836 Communi
1071 3772 1215 3837 solvente
1242 3768 1331 3836 diota
1356 3769 1541 3836 florenorum

419 3875 529 3941 decem
547 3877 638 3943 milia
655 3879 736 3961 aviri,
753 3899 836 3960 quos
853 3879 961 3944 dictus
981 3878 1129 3944 dominus
1153 3878 1178 3944 J
1180 3878 1325 3944 ohannes
1350 3879 1433 3943 dixit
1450 3885 1483 3942 et
1497 3897 1532 3942 vo

417 3985 480 4050 luit
496 3985 570 4050 duri
586 3992 618 4050 et
639 3986 717 4052 solvi
743 3986 861 4052 debere
886 3986 975 4053 dioto
1001 3987 1133 4052 domino
1157 3985 1339 4067 Baldaxiri,
1365 3986 1405 4051 de
1429 3985 1539 4069 quibus

417 4113 517 4176 supra
533 4095 655 4158 dictum
673 4100 733 4173 est,
748 4093 783 4156 in
800 4099 905 4159 totum
923 4094 973 4158 vel
989 4096 1023 4158 in
1044 4099 1185 4177 partem,
1201 4098 1235 4157 et
1251 4092 1347 4157 simul
1363 4099 1396 4157 et
1412 4091 1541 4169 divisim,

416 4205 514 4280 prout
530 4200 618 4266 dicto
637 4200 766 4265 domino
782 4201 938 4266 Leonello
956 4201 1161 4285 procuratori
1185 4223 1245 4284 pro
1271 4200 1359 4266 dioto
1385 4198 1539 4284 placuerit

419 4314 452 4371 et
469 4308 639 4391 videbitur,
657 4309 748 4374 etad
773 4309 953 4375 faciendum
980 4311 1019 4375 de
1045 4310 1192 4393 receptis,
1217 4317 1249 4374 et
1275 4331 1331 4374 seu
1357 4306 1539 4374 confessulis

417 4435 475 4496 per
492 4413 614 4479 dictum
631 4414 797 4482 dominum
814 4417 1003 4483 Leonellum
1020 4417 1109 4483 dicto
1127 4415 1299 4482 Communi
1318 4417 1495 4498 Florentie,
1510 4421 1538 4478 et

414 4543 471 4586 seu
498 4522 553 4587 olii
581 4544 639 4608 pro
666 4524 754 4588 dicto
782 4523 952 4592 Communi
979 4526 1159 4610 recipienti,
1185 4525 1289 4608 finem,
1315 4526 1539 4591 remissionem
