3134 5254
385 375 450 437 ‘243
740 388 975 432 orrnouoczmr
991 374 1159 432 elicimus.

383 553 495 616 statim
521 551 568 615 sui
594 572 666 616 cum
693 549 789 632 socijs
815 547 905 626 meis,
933 548 1049 630 quibus
1074 547 1202 612 ostendi
1228 551 1354 631 partem
1378 552 1495 628 captam

385 681 444 744 per
460 659 650 724 Dominium
665 655 839 735 Vestrum;
865 675 923 718 nec
944 675 1008 719 non
1025 653 1100 720 dedi
1115 656 1295 738 plenariam
1311 653 1496 719 informatio·

387 790 460 834 nem
476 768 515 832 de
531 766 690 847 omnihus,
701 785 763 848 que
774 762 873 829 habui
885 783 906 826 a
918 761 1152 827 Dominatione
1169 760 1290 828 Vestra
1306 783 1343 826 ac
1353 761 1390 826 de
1404 764 1494 826 omni·

384 876 443 941 bus
459 874 556 940 dictis
566 881 600 937 et
609 873 711 956 gestis
728 893 785 954 per
802 871 895 935 mein
905 866 1054 953 Venetijs
1070 869 1300 954 circanegolia
1315 870 1403 935 nohis
1417 891 1491 934 com-

382 986 488 1050 missa
506 981 554 1047 Et
569 982 657 1062 licet,
673 987 710 1044 ut
725 979 786 1044 scit
805 977 997 1044 Dominatio
1014 977 1146 1060 Vestra,
1171 1000 1229 1062 per
1255 1001 1306 1043 me
1331 978 1493 1045 Nicolaum

382 1093 529 1177 exposite
554 1088 675 1155 fuerint
699 1087 849 1154 ordinate
874 1086 1019 1151 rationes
1046 1093 1079 1151 et
1105 1108 1200 1152 cause
1225 1089 1289 1152 mei
1306 1089 1454 1153 adrentus
1468 1091 1497 1152 io

384 1201 560 1278 Venetias;
578 1205 687 1263 temen
703 1201 837 1280 propter
852 1195 965 1278 aliqua
982 1195 1080 1260 rerba
1090 1202 1243 1260 contenta
1259 1198 1293 1260 in
1310 1195 1371 1261 fine
1386 1197 1499 1262 littera·

384 1331 457 1374 rum
474 1306 588 1373 Vestri
605 1303 748 1388 Dominij
766 1307 1017 1386 apportatarum
1036 1323 1094 1385 per
1120 1324 1170 1368 me
1196 1304 1378 1385 Nicolaum,
1403 1303 1498 1369 Nobis

387 1414 536 1481 omnibus
552 1413 680 1478 uidetur
697 1411 739 1476 ad
754 1409 929 1477 cautellam
949 1407 1175 1475 Dominationi
1202 1410 1322 1479 Vestre
1337 1413 1420 1496 ipsas
1436 1432 1499 1476 cau·

385 1545 439 1590 sss
456 1530 489 1588 et
505 1522 651 1588 rationes
668 1521 748 1586 dicti
764 1517 921 1584 adventus
931 1520 1050 1583 iterato
1066 1519 1234 1603 replicare.
1250 1519 1347 1600 Nam,
1363 1526 1399 1586 ut
1413 1524 1500 1604 scrip

387 1633 486 1696 simus
502 1629 656 1696 Dominio
674 1626 805 1709 Vestro,
822 1648 861 1691 ac
878 1626 977 1692 etiam
993 1648 1053 1710 per
1068 1649 1120 1694 me
1148 1627 1345 1695 Zachariam
1370 1629 1498 1697 notifica·

386 1747 454 1804 tum
473 1737 535 1804 fuit
551 1736 654 1802 eidem
671 1735 777 1820 pridie
795 1735 925 1818 quando
941 1734 1202 1819 reoiVenetias;
1219 1738 1296 1803 dum
1313 1761 1448 1805 essemus
1464 1737 1500 1802 ad
1551 1777 1553 1784 <

387 1847 584 1930 presentiam
610 1842 732 1908 domini
757 1842 877 1906 Karoli
902 1849 935 1906 et
961 1842 1100 1908 aliorum
1124 1843 1304 1926 Beronum,
1328 1869 1392 1913 non
1418 1849 1501 1912 semel

386 1955 444 2020 sed
474 1954 598 2038 pluries
622 1950 808 2017 habuerunt
833 1950 927 2016 nobis
954 1950 1070 2032 dicere,
1098 1952 1186 2034 quod
1211 1954 1306 2020 nobis
1331 1957 1501 2039 aperierunt

388 2083 499 2127 eorum
525 2059 741 2125 intentionem
767 2058 800 2120 in
825 2056 913 2122 sacto
939 2057 1061 2122 domini
1086 2057 1197 2142 Regis,
1223 2081 1265 2125 ac
1291 2063 1391 2126 etiam
1419 2062 1501 2126 nobis

388 2169 573 2253 aperierant
590 2165 783 2230 intentiones
795 2162 1032 2246 colligatorum
1058 2187 1200 2248 suorum,
1225 2174 1259 2232 et
1274 2191 1296 2233 a
1320 2169 1412 2236 nohis
1435 2191 1502 2234 nuu-

389 2297 486 2360 quam
503 2272 628 2357 aliquid
645 2273 814 2337 extrahere
831 2279 1014 2356 potuerant,
1025 2280 1159 2356 excepto
1170 2276 1203 2338 in
1219 2275 1309 2341 lacto
1324 2277 1503 2360 recognitio·

388 2385 437 2448 nis
453 2381 619 2465 Dominij,
636 2384 669 2446 et
685 2380 773 2462 quod
790 2379 907 2444 amodo
924 2400 980 2444 sue
996 2380 1186 2446 intentionis
1202 2385 1334 2449 omnino
1351 2393 1427 2466 erat,
1450 2405 1503 2450 noo

388 2511 423 2556 se
440 2490 474 2554 in
490 2490 600 2572 aliquo
617 2487 757 2571 amplius
773 2486 865 2553 nohis
890 2486 1035 2569 aperire3
1053 2492 1086 2551 et
1102 2487 1190 2569 quod
1215 2491 1243 2554 si
1267 2489 1450 2557 volebamus
1465 2492 1503 2556 eis

389 2599 495 2663 dicere
511 2595 723 2662 intentionem
739 2600 883 2658 nostram
901 2614 998 2676 super
1015 2596 1170 2677 expositis
1186 2597 1280 2662 nobis
1306 2620 1365 2682 per
1381 2619 1442 2680 eos,
1456 2621 1502 2664 ao-

390 2706 498 2774 dirent
514 2727 591 2786 nos;
608 2704 704 2768 aliter
720 2708 837 2783 autem,
854 2702 941 2786 quod
959 2700 1140 2768 faceremus
1156 2703 1247 2770 sacta
1263 2715 1386 2788 nostra,
1400 2717 1431 2773 et
1453 2707 1503 2790 ipsi

388 2816 533 2880 facerent
557 2833 633 2892 sua;
658 2819 692 2877 et
717 2809 803 2894 quod
843 2810 932 2875 nullo
958 2811 1052 2875 modo
1076 2812 1292 2879 intendebant
1319 2817 1454 2900 amphus
1476 2817 1504 2880 in

387 2922 520 3005 longum
535 2917 693 3004 protrahi.
710 2918 850 3000 Iosuper
873 2919 973 2982 etiam
999 2917 1052 2982 die
1067 2917 1162 2984 Jovis
1187 2922 1333 3004 proxime
1358 2925 1504 3008 preterita

389 3030 542 3094 dixerunt
573 3026 666 3092 nobis
692 3025 731 3089 de
756 3024 896 3089 adventu
931 3025 1063 3090 Domini
1098 3026 1222 3110 Padue,
1247 3028 1504 3099 Ambasiatorum

389 3136 607 3203 Januensium
632 3140 666 3198 et
691 3133 830 3198 aliorum
857 3130 1085 3217 colligatorum
1111 3135 1154 3200 ad
1185 3159 1352 3224 campum3
1377 3148 1409 3207 et
1433 3139 1505 3226 quod

389 3247 520 3311 omnino
538 3265 650 3311 eorum
667 3241 806 3307 intentio
822 3248 902 3322 erat,
919 3242 1007 3325 quod
1023 3264 1044 3308 a
1060 3244 1158 3309 modo
1173 3247 1239 3313 cito
1255 3247 1329 3314 finis
1341 3252 1505 3334 imponere

388 3361 443 3420 tur
458 3355 530 3417 istis
546 3353 650 3433 factis,
667 3351 745 3434 quia
762 3352 901 3432 amplius
913 3351 947 3414 iu
963 3372 1077 3436 campo
1097 3357 1296 3422 morarinon
1306 3365 1456 3442 poterant
1468 3355 1505 3444 ul·

388 3463 420 3528 lo
433 3461 537 3544 modo,
547 3467 580 3526 et
590 3460 678 3544 quod
689 3459 810 3542 pluries
826 3467 858 3524 et
869 3459 990 3542 pluries
1010 3461 1174 3528 molestati
1186 3471 1219 3529 et
1228 3468 1380 3549 requisiti
1390 3467 1506 3532 fuerunt

389 3593 409 3636 a
424 3568 448 3634 J
451 3569 648 3634 anuensibus
664 3576 698 3634 et
714 3568 858 3633 Domino
875 3566 991 3632 Padue
1007 3567 1211 3638 deveniendo
1224 3573 1267 3637 ad
1283 3571 1442 3640 Sanctum
1457 3570 1506 3637 h'i·

389 3678 515 3742 colaum
532 3675 574 3742 ad
590 3675 820 3759 experiendum
838 3675 924 3740 circa
934 3675 1125 3742 sortiliciam
1134 3679 1326 3764 predictam,
1343 3681 1504 3748 secuudum

389 3805 500 3850 eorum
515 3785 737 3850 intentionem.
754 3785 801 3848 Et
817 3785 892 3848 licet
910 3785 951 3848 ad
968 3783 1068 3850 verba
1079 3785 1227 3869 predicta
1246 3788 1430 3855 dederimus
1445 3790 1506 3853 illas

389 3895 624 3977 responsiones,
656 3915 719 3975 que
735 3914 794 3975 pro
821 3893 944 3958 honore
970 3901 1077 3960 vostro
1104 3897 1172 3962 rise
1197 3897 1508 3980 fueruntnobis31a·

390 4023 462 4066 men
479 4000 634 4085 predictis
651 4001 874 4084 consideratis,
891 4004 1046 4084 apparuit
1065 4003 1158 4070 uobis
1183 4027 1243 4088 pro
1269 4005 1356 4072 bono
1382 4007 1508 4091 agendo

390 4132 462 4174 rum
479 4109 572 4174 nobis
589 4110 841 4189 commissorum,
858 4110 947 4193 quod
973 4133 1055 4177 unus
1072 4119 1220 4180 nostrum
1236 4117 1362 4182 veniret
1387 4119 1429 4184 ad
1452 4117 1507 4180 Do-

390 4218 601 4284 minationem
617 4220 771 4287 Vestram
788 4219 831 4285 ad
861 4218 1043 4287 habendam
1060 4224 1270 4291 intentionem
1282 4233 1425 4293 uestram
1440 4225 1507 4290 lina·

391 4327 454 4390 lem
472 4349 569 4410 super
584 4329 796 4411 tangentibus
813 4327 976 4394 dominum
993 4330 1126 4416 Regem,
1145 4340 1178 4398 et
1194 4334 1374 4417 quemlihet
1390 4351 1507 4400 suorum

391 4435 626 4520 colligatorum.
644 4436 714 4521 Qus
732 4439 861 4522 quidem
880 4440 1017 4506 intentio
1050 4447 1160 4506 restra
1183 4441 1290 4506 finalis
1316 4443 1349 4508 in
1367 4441 1507 4526 predictis

391 4552 525 4630 propter
541 4545 653 4627 multa,
670 4569 732 4630 que
749 4547 895 4612 accidere
921 4548 1112 4630 potuissent,
1131 4550 1319 4615 nullatenus
1336 4551 1449 4616 fuisset
1461 4567 1508 4632 per
