3172 5254
378 391 440 454 172
731 405 964 453 ntanouaczrnr
981 394 1151 454 1111111011.

376 591 458 650 men,
485 567 542 632 sed
558 567 668 632 venire
684 569 727 634 ad
744 568 842 633 finem
867 589 981 650 cause3
1006 575 1039 635 et
1056 569 1144 653 qnod
1169 569 1383 637 consimiliter
1409 567 1510 632 domi-

375 698 436 741 nus
451 675 524 742 Rex
540 697 605 742 non
622 677 783 757 querebat
799 677 899 742 verba
914 699 974 743 nec
989 683 1117 762 tempus
1127 679 1287 760 iuramen,
1304 699 1344 744 00
1361 679 1509 758 maxime,

378 783 465 868 qnod
490 791 563 849 erat
588 791 765 868 occupatus
781 787 877 869 longe
892 786 1081 869 majoribus,
1099 793 1133 852 01
1149 786 1237 870 quod
1254 785 1370 851 modus
1387 783 1511 850 Amba-

375 893 455 958 siate
471 879 580 956 nostre
590 891 786 958 eratmodus
803 892 1002 977 prorogandi
1022 895 1131 977 potius
1146 914 1287 973 cansam,
1305 915 1405 977 qnam
1422 893 1510 958 illam

376 999 573 1086 producendi
592 1000 636 1066 ad
652 999 758 1067 finem.
774 1003 844 1068 Nos
861 1009 973 1067 autem
988 1002 1225 1086 respondimus,
1250 1001 1338 1087 quod
1354 1001 1512 1068 Domina-

374 1110 422 1174 tio
439 1109 562 1176 Vestra
579 1108 729 1174 similiter
746 1110 878 1177 nolebat
894 1112 1003 1193 verba,
1019 1125 1125 1195 neque
1140 1115 1268 1195 tempus
1292 1111 1462 1194 iuramen3
1479 1118 1511 1175 et

380 1216 469 1302 quod
487 1237 551 1282 non
569 1216 725 1282 admirari
741 1216 909 1300 deberent,
920 1219 947 1282 si
957 1218 1007 1284 usi
1023 1217 1187 1284 ineramus
1217 1217 1429 1302 generalibus
1445 1241 1512 1284 rer-

375 1325 425 1390 bis
443 1347 481 1390 ex
498 1347 546 1407 00,
562 1325 650 1409 quod
665 1346 830 1408 nunquam
848 1325 1040 1392 Dominetio
1049 1325 1173 1394 Vestra
1189 1326 1271 1393 scire
1286 1334 1423 1411 poterat
1438 1347 1512 1392 can·

375 1454 446 1499 sam
472 1433 525 1499 101
550 1434 753 1499 occasionem
777 1434 978 1499 turbationis
1004 1435 1194 1519 Majeatatis
1219 1435 1332 1520 Regia.
1358 1437 1432 1503 Nec
1447 1457 1508 1520 ego

375 1543 556 1610 Zacharias
573 1565 645 1609 cum
662 1543 793 1609 domino
808 1543 937 1609 Jacobo
953 1544 994 1608 de
1011 1541 1141 1624 Priolis‚
1166 1551 1244 1610 tunc
1260 1546 1418 1629 temporis
1433 1566 1508 1610 cnm

282 1684 285 1690 ¹
374 1673 503 1718 eramus
519 1653 552 1717 in
568 1651 665 1718 Buda
690 1673 763 1718 cum
787 1651 925 1735 Regina,
941 1652 1084 1718 Batonis
1101 1659 1134 1718 et
1151 1653 1305 1736 Pralatis,
1321 1660 1510 1736 poteramus

375 1761 515 1842 scivisse,
532 1782 673 1845 quanam
699 1766 807 1826 essent
832 1781 929 1826 cansa
955 1767 1091 1844 propter
1107 1782 1188 1844 quas
1204 1760 1389 1827 Clementia.
1405 1760 1512 1845 Regia

375 1876 552 1952 provocata
569 1875 654 1934 esset
671 1869 826 1934 adversus
841 1868 1106 1935 Dominationem
1124 1870 1285 1937 Vestram.
1301 1870 1381 1953 Ipse
1399 1875 1509 1935 antem

375 1978 523 2044 dominus
548 1978 731 2061 Episcopus
758 1975 783 2041 J
785 1977 944 2042 auriensis
965 1978 1057 2061 dixit,
1073 1978 1162 2060 quod
1178 1978 1328 2044 dominus
1345 1977 1421 2043 Rex
1437 1983 1511 2044 erat

375 2085 535 2152 Dominus
566 2084 731 2168 piissimus
761 2090 795 2150 et
822 2085 1040 2169 justissimus;
1057 2092 1090 2151 et
1116 2085 1204 2169 quod
1229 2087 1390 2152 absonum
1424 2091 1510 2150 essct

374 2193 503 2276 mundo,
519 2191 607 2277 qnod
623 2193 700 2258 talis
724 2192 894 2276 Dominus,
916 2195 979 2258 nisi
995 2215 1034 2259 ex
1046 2195 1236 2279 justissimis
1252 2201 1286 2259 et
1300 2193 1509 2260 rationabili-

374 2303 436 2369 bus
452 2302 558 2368 causis
584 2323 619 2368 se
645 2301 798 2368 movisset
825 2302 868 2368 ad
884 2323 1056 2386 guerram;
1073 2308 1106 2367 et
1124 2302 1212 2385 qnod
1230 2303 1335 2387 ipsam
1352 2323 1508 2385 guerram

375 2417 522 2475 mouerat
546 2429 625 2475 usus
648 2409 783 2476 consilio
817 2410 1006 2476 litterarum
1041 2410 1208 2476 homiuum
1233 2416 1267 2476 ct
1292 2431 1509 2494 personarum

375 2519 649 2603 perscrutantium
673 2519 913 2599 conscientiam,
939 2524 973 2583 et
998 2519 1213 2586 Procerorum
1239 2525 1273 2584 01
1297 2519 1508 2586 Baronarum

377 2648 510 2692 snorum
522 2651 529 2707 ;
540 2633 573 2692 et
583 2626 671 2711 quod
687 2627 763 2692 talis
780 2628 896 2693 modus
913 2628 1139 2712 respondendi,
1155 2635 1192 2694 ut
1207 2633 1279 2693 erat
1294 2634 1420 2709 noster,
1436 2635 1509 2693 erat

264 2731 269 2736 ’
374 2734 488 2801 modus
515 2735 713 2820 prorogandi
729 2755 852 2818 pacem,
875 2741 908 2800 et
933 2757 998 2800 non
1014 2736 1168 2802 celeriter
1183 2734 1332 2802 veniendi
1349 2734 1393 2802 ad
1410 2735 1509 2800 illam.

373 2842 444 2908 Nos
461 2849 571 2908 antem
596 2843 747 2924 diximus,
772 2842 859 2926 quod
875 2842 1062 2910 Dominatio
1078 2843 1201 2912 Vestra
1216 2842 1383 2927 credebat,
1400 2849 1434 2908 et
1449 2865 1509 2908 nos

374 2972 503 3035 quoque
520 2951 740 3034 credebamus,
757 2951 844 3034 quod
861 2951 929 3034 ipse
946 2951 1096 3017 dominus
1112 2947 1281 3037 Rex'esset
1288 2950 1509 3035 justissimus3

375 3061 432 3126 sad
448 3061 530 3126 bene
556 3065 685 3145 poterat
710 3079 782 3125 esse
807 3060 895 3142 quod
921 3059 1025 3144 Regie
1051 3061 1252 3127 Excellentie
1268 3065 1424 3144 poterant
1439 3080 1510 3124 esse

375 3169 450 3234 date
467 3170 716 3235 informationes
741 3190 805 3234 non
831 3191 913 3235 vere.
930 3168 1002 3254 Que
1020 3171 1048 3235 si
1064 3167 1148 3236 forte
1163 3190 1221 3253 par
1237 3169 1330 3234 illum
1347 3167 1509 3253 putaban-

374 3285 428 3343 tur
455 3300 539 3358 vere,
564 3277 737 3344 videbatur
762 3278 945 3360 honestum,
971 3278 1058 3361 quod
1079 3279 1154 3344 illas
1171 3280 1326 3360 sciemus3
1351 3279 1510 3362 quoniam

373 3387 438 3451 illis
456 3387 593 3470 cognitis
609 3394 687 3452 tunc
711 3407 769 3470 per
794 3409 853 3452 nas
879 3386 1014 3452 daretur·
1028 3387 1105 3453 talis
1121 3387 1319 3468 informatio,
1337 3386 1425 3470 quod
1442 3385 1509 3452 Re·

375 3496 459 3578 galis
476 3495 638 3580 Majastas
655 3495 790 3561 haberat
805 3497 920 3561 marito
931 3497 1122 3561 contentari.
1140 3496 1203 3562 His
1213 3494 1335 3560 auditis
1346 3494 1509 3571 dixerunt7

374 3624 408 3669 se
425 3606 552 3670 omnino
571 3606 658 3671 dicta
674 3626 733 3689 per
749 3625 808 3669 uos
825 3605 1066 3688 significaturos
1083 3605 1215 3670 domino
1231 3604 1326 3687 Regi,
1341 3604 1507 3669 relaturos

374 3717 488 3794 postea
514 3711 620 3778 Vobis
646 3713 887 3796 responsionem
908 3712 1028 3776 domini
1044 3711 1154 3796 Regis.
1170 3711 1235 3777 Die
1251 3711 1408 3795 Mercurij
1426 3709 1509 3780 XV.

372 3816 467 3906 Junij
494 3821 614 3886 fuimus
641 3821 727 3886 bono
753 3843 850 3886 mane
875 3842 946 3884 cnm
971 3821 1112 3886 dominis
1131 3820 1415 3888 Ambasiatoribus
1431 3803 1510 3886 Flo-

373 3929 584 4010 rentinorum,
610 3931 665 4012 qui
692 3929 843 3994 dixerunt
864 3928 994 3994 modum
1010 3933 1043 3995 et
1059 3929 1207 3995 ordinem
1224 3929 1432 3996 obseruatum
1451 3951 1510 4012 per

374 4056 428 4100 eos
445 4057 507 4119 pro
524 4036 610 4102 bono
637 4038 728 4120 pacis
745 4043 873 4118 nostre;
900 4036 1140 4121 concludentes,
1165 4037 1252 4123 quod
1269 4038 1420 4103 dominus
1435 4036 1509 4100 Rex

373 4143 497 4209 iecerat
521 4144 568 4208 eia
592 4144 693 4208 talem
719 4144 970 4228 responsionem,
987 4144 1076 4228 quod
1091 4167 1149 4230 per
1164 4146 1257 4211 illam
1272 4147 1380 4229 potius
1398 4165 1508 4230 spera·

372 4251 453 4317 bant
469 4252 508 4317 da
524 4271 644 4334 guerra
669 4274 766 4336 quam
792 4253 831 4318 de
848 4273 946 4336 pace3
963 4259 996 4319 et
1011 4253 1097 4336 qnod
1113 4254 1184 4338 ipso
1201 4253 1332 4320 domiuo
1350 4253 1444 4338 Rege
1463 4257 1508 4320 di·

373 4361 522 4425 mittente
536 4362 570 4424 iu
587 4358 724 4425 arbitrio
751 4361 972 4444 predictorum
998 4362 1107 4428 standi
1123 4363 1175 4428 101
1190 4361 1359 4442 redeundi,
1376 4372 1411 4430 01
1427 4365 1508 4449 ipsis

372 4465 660 4536 Ambasiatoribus
699 4469 922 4536 relaxantibus
947 4471 1077 4537 domino
1109 4471 1204 4557 Regi,
1233 4470 1320 4556 qnod
1351 4470 1508 4556 facerent,

373 4574 451 4661 quid
465 4577 499 4640 in
514 4575 577 4644 hoc
591 4577 735 4663 placeret
755 4577 925 4667 Majestati
942 4575 1016 4664 Sne,
1031 4580 1101 4668 ipse
1116 4579 1277 4649 Dominus
1293 4579 1367 4647 Rex
1383 4581 1507 4653 fecerat
