3190 5252
420 328 487 390 494
775 337 1011 390 nrrnonrczmr
1028 324 1195 392 assuimur.
1265 329 1274 341 “

420 503 584 568 acheloum
600 503 685 568 inter
700 503 823 570 ambos.
838 505 885 570 Et
900 505 1037 588 potestis
1062 506 1244 588 expendere
1271 507 1304 570 in
1329 505 1480 572 omnibus
1494 528 1542 572 ex-

420 613 529 696 pensis
546 612 836 696 quomodocunque
852 613 1098 679 occurrentibus
1107 635 1167 698 pro
1180 614 1268 678 vobis
1288 622 1321 681 et
1336 621 1407 680 tota
1423 614 1543 680 familia

420 728 529 787 vestre
546 718 682 784 ducatos
698 741 753 784 sex
769 721 802 784 in
819 719 871 784 die
886 740 945 803 pro
963 721 1119 806 quolibet,
1145 723 1287 806 exceptis
1312 725 1432 787 scortis
1450 729 1482 788 et
1497 746 1545 788 ua·

418 828 504 893 bulis
521 827 734 910 navigiorum.

528 934 613 1000 Item
630 935 834 1001 concedimus
851 935 952 1016 vobis,
969 936 1057 1020 quod
1068 935 1214 1004 debeatis
1230 937 1320 1003 ultra
1330 936 1485 1020 predicta
1495 939 1547 1003 ha·

421 1043 499 1108 here
515 1065 615 1108 unum
632 1043 850 1128 interpretem,
867 1051 900 1109 st
915 1049 982 1108 tres
999 1065 1138 1124 saumas
1163 1051 1196 1110 et
1211 1045 1300 1129 quod
1316 1067 1458 1130 expense
1473 1045 1547 1110 dicti

420 1151 608 1235 interpretis
626 1157 659 1216 et
678 1172 865 1218 saumarum
891 1152 957 1217 sint
982 1153 1073 1219 ultra
1097 1152 1202 1218 dictas
1227 1175 1385 1238 expensas
1407 1155 1500 1220 robis
1514 1155 1547 1218 li-

421 1261 560 1325 mitatas,
580 1260 605 1325 J
606 1260 728 1324 urestis
743 1266 803 1325 etc.
819 1259 920 1328 VIII.
935 1260 1119 1327 Februarii.

421 1405 456 1466 (Α
480 1405 590 1455 »Minci«
616 1405 707 1455 ozimrl
728 1407 867 1456 veleuczei
889 1407 1070 1472 dllamlrbnyv
1092 1407 1251 1458 XXXVIII.
1274 1407 1419 1458 kdtetkbdl
1445 1413 1469 1459 6.
1488 1407 1549 1468 lev.)

948 1719 1022 1780 261.

420 1879 449 1943 A
468 1878 619 1944 celenczei
634 1880 914 1967 bozrorcascqnak
934 1879 1067 1944 cdlaezc
1084 1905 1105 1944 a
1132 1903 1269 1967 propper
1296 1879 1474 1966 lcirdlyue'lc
1500 1882 1549 1946 ke

840 1988 1004 2074 oelsdqe're.
1025 1989 1119 2052 1383.

528 2147 628 2217 Anno
644 2147 966 2217 MOOOLXXXII.
981 2147 1160 2213 indictione
1176 2155 1268 2213 sexta
1285 2155 1402 2231 quarto
1429 2152 1547 2215 mensis

423 2257 608 2323 Februarii.
649 2259 816 2343 Capta:
848 2255 946 2341 Quod
977 2255 1215 2340 respondeatur
1246 2257 1300 2321 isti
1332 2255 1546 2323 Ambaxatori

422 2365 596 2450 Hungmie
613 2365 655 2432 ad
672 2365 793 2431 laetum
812 2365 957 2448 subsidii,
973 2364 1059 2449 quod
1081 2367 1163 2447 petit
1180 2386 1201 2429 a
1217 2364 1311 2429 nobis
1336 2386 1394 2448 pro
1420 2363 1546 2430 domino

420 2474 513 2558 Papa
529 2481 562 2538 et
578 2475 728 2540 Ecclesia
745 2474 897 2540 Romana
914 2495 953 2538 ac
968 2474 1100 2539 domino
1117 2472 1244 2538 Kerolo
1256 2479 1369 2538 eontra
1383 2473 1545 2539 dominum

420 2579 545 2648 Ducem
564 2581 848 2665 Andegeviensem
865 2587 925 2646 etc..
942 2581 1029 2664 quod
1046 2581 1135 2646 novit
1155 2580 1255 2661 Deus,
1272 2581 1324 2645 cni
1340 2588 1459 2647 cuncta
1475 2589 1545 2647 sunt

421 2692 565 2772 cognita,
583 2712 641 2756 nos
666 2697 835 2771 tamquam
854 2690 1016 2755 Catholici
1042 2696 1076 2754 et
1101 2689 1298 2756 devotissimi
1323 2687 1398 2754 fidei
1424 2711 1546 2774 semper
1593 2775 1594 2782 ἵ

421 2796 595 2864 habuimus
621 2804 656 2863 et
682 2797 803 2862 habere
828 2795 1025 2861 intendimus
1051 2795 1250 2879 singularem
1274 2798 1490 2862 reverentiam
1514 2807 1544 2862 et
1593 2785 1594 2788 ¹

420 2907 576 2972 honorem
596 2904 639 2972 ad
664 2903 820 2972 Sanctam
846 2905 987 2970 Matrem
1014 2903 1205 2986 Ecclesiam,
1231 2906 1321 2970 etin
1347 2906 1481 2990 speciali
1505 2905 1545 2969 ad

423 3012 671 3080 Sanctissimum
687 3014 853 3079 dominum
871 3013 997 3096 Papam
1013 3013 1193 3097 Urbanum,
1216 3012 1374 3079 habemus
1400 3014 1543 3080 etiamst

421 3121 543 3187 habere
559 3121 757 3188 intendimus
774 3121 924 3185 intimem
940 3126 974 3185 et
988 3122 1175 3205 precipuam
1191 3120 1394 3187 devotionern
1411 3128 1442 3186 et
1451 3120 1544 3185 affec·

420 3231 542 3294 tionem
559 3231 601 3295 ed
617 3230 773 3295 honorem
789 3237 821 3294 et
837 3235 960 3294 statum
980 3226 1190 3294 serenissime
1206 3225 1376 3312 Reginalis
1394 3228 1543 3294 Maiesta-

419 3339 461 3403 tis
478 3337 659 3422 Hungarie,
675 3343 708 3404 et
724 3338 767 3403 ad
784 3335 1031 3404 Serenissimnm
1050 3335 1214 3402 dominum
1231 3337 1358 3422 Regem
1375 3337 1541 3404 Karolum.

421 3445 486 3512 Sed
501 3446 627 3530 prefate
645 3446 797 3532 Reginali
813 3446 985 3513 Maiestati
1011 3445 1185 3530 Hungarie
1201 3452 1234 3511 et
1250 3447 1309 3512 toti
1334 3447 1451 3512 mundo
1475 3444 1539 3509 noti

422 3562 496 3620 sunt
512 3557 659 3621 immensi
685 3555 814 3620 labores
840 3557 945 3621 nostri
960 3561 993 3620 et
1019 3575 1166 3638 expense,
1193 3576 1275 3637 quos
1300 3562 1332 3620 et
1356 3577 1433 3638 quas
1456 3551 1539 3636 passi

421 3685 532 3730 sumus
547 3684 606 3748 pro
622 3665 771 3729 maximis
787 3664 914 3747 guerris
930 3684 1033 3746 nuper
1050 3663 1180 3747 elapsis,
1196 3684 1257 3746 que
1273 3663 1352 3729 licet
1367 3659 1538 3728 dauteDeo

420 3775 523 3858 sopite
540 3775 616 3855 sint,
632 3781 742 3839 tamen
758 3773 864 3840 adhuc
890 3771 1069 3838 Commune
1086 3778 1232 3837 nostrum
1258 3772 1353 3837 valde
1377 3775 1535 3854 gravatum

421 3889 472 3947 est
487 3882 614 3964 debitis,
631 3882 748 3965 quibus
764 3888 894 3948 tenetur
911 3880 1032 3946 civibus
1043 3887 1075 3945 et
1084 3879 1235 3945 fidelibus
1251 3881 1380 3961 nostris,
1395 3885 1425 3943 et
1438 3879 1535 3941 restet

421 3987 529 4053 adhuc
545 3991 661 4072 exequi
677 3988 801 4054 laetum
827 3987 959 4068 Tenedi,
986 4009 1128 4073 proquo
1154 3987 1288 4052 fecimus
1304 3995 1335 4052 et
1360 3987 1486 4052 facimus
1498 4001 1533 4046 ec

419 4095 526 4161 faeere
541 4096 738 4163 intendimus
748 4118 841 4180 posse
853 4101 1001 4163 nostrum
1011 4118 1071 4179 pro
1082 4095 1306 4162 obseruatione
1317 4095 1530 4180 promissorum

420 4225 477 4288 per
492 4224 561 4286 nos,
578 4205 661 4270 sieut
677 4213 726 4270 est
742 4204 781 4270 de
800 4204 943 4271 naturali
969 4225 1056 4270 more
1082 4209 1212 4285 nostro;
1236 4211 1271 4269 et
1295 4205 1374 4269 alias
1397 4198 1528 4266 misimus

419 4320 567 4395 potentes
584 4315 745 4381 exercitus
762 4319 891 4380 nostros
916 4314 1098 4379 maritimos
1122 4318 1156 4378 et
1181 4319 1350 4379 terrestres
1373 4311 1411 4375 ad
1433 4306 1529 4370 dictas

418 4427 530 4502 partes
547 4421 679 4503 Tenedi,
697 4427 729 4487 et
745 4443 829 4487 nuno
844 4422 884 4489 de
901 4443 983 4488 novo
1012 4420 1215 4487 refreschare
1240 4427 1273 4487 et
1299 4421 1419 4486 mittere
1431 4414 1528 4478 inten-

416 4525 521 4592 dimus
537 4527 579 4592 ad
595 4528 700 4613 ipsum
720 4531 896 4596 exercitum
922 4531 954 4596 in
972 4537 1060 4597 terra
1077 4537 1111 4595 et
1126 4531 1161 4595 in
1186 4532 1268 4596 mari
1298 4551 1367 4596 oum
1389 4515 1527 4588 maximis
