3182 5252
561 330 655 398 1383.
1103 329 1165 393 501

61 509 176 592 publiea
199 519 232 575 et
256 508 433 576 consimilia
458 510 690 587 iustrumenta;
715 529 853 592 qnorum
877 528 938 570 vuo
957 506 1017 570 tibi
1034 513 1161 570 retento

62 617 103 680 tui
117 617 274 699 ratiocinij
292 621 437 698 tempore
454 615 668 698 producendo,
689 615 753 680 alio
770 621 945 679 memorato
962 611 1097 695 Michalj
1115 612 1167 676 uel

61 725 121 790 eius
135 727 337 808 procuratori
364 731 421 790 aut
447 727 562 790 nuncio
589 725 751 805 traddito;
775 725 906 790 tertium
923 723 1033 788 mittas
1049 721 1171 803 Magis-

59 834 112 897 tris
126 831 352 900 Rationalibus
378 833 500 916 Magne
526 830 626 898 Ourie
651 832 770 898 Nostre
786 829 929 914 Neapoli
945 826 1172 902 residentibus,

59 941 87 1004 iu
102 939 255 1007 Archiuio
271 963 330 1024 pro
348 940 478 1004 cautela
494 937 591 1004 Ourie
611 940 874 1005 conseruandum.
893 937 1014 1002 Datum
1025 935 1165 1020 Neapolj

59 1070 109 1130 per
125 1048 257 1113 eundem
274 1048 415 1114 nobilem
440 1049 544 1112 virum
563 1045 726 1112 Gentilem
743 1046 781 1110 de
798 1045 969 1114 Meroliuis
986 1051 1046 1110 etc.
1072 1043 1170 1108 Auno

58 1155 180 1222 Domini
205 1153 542 1223 MOCCLXXXHI.
568 1155 619 1219 die
643 1153 709 1219 III.
735 1153 863 1238 Aprilis
890 1151 948 1220 VI.
975 1151 1172 1232 indictionis,

58 1262 234 1348 Regnorum
252 1271 436 1330 nostrorum
452 1285 536 1329 auno
553 1262 600 1328 II.

58 1408 89 1469 (A
109 1410 244 1476 ’Registri
266 1408 414 1474 Angioini«
439 1415 498 1460 359.
523 1425 559 1459 uz.
582 1427 608 1459 a.
630 1409 777 1459 kbtetebel
799 1409 865 1470 Reg.
889 1405 1171 1467 0a1·0n111.aee.1.;

344 1513 377 1547 az
393 1499 467 1548 elasa
481 1499 533 1548 kir.
547 1499 661 1564 napolyi
676 1495 869 1555 leveltarban)

530 1656 688 1669 h————

572 1827 645 1886 269.

208 1985 237 2051 A
257 1945 440 2072 raqrrzaidk
457 1985 656 2051 saresberiae
672 1986 890 2050 Mesaiadbaa.
917 1987 1010 2050 1383.

155 2146 332 2214 Nobilibus
357 2145 551 2212 Rectoribus
576 2143 730 2210 Ciuitatis
750 2144 893 2227 Rugusie
910 2144 1062 2209 Pareiurn
1080 2142 1171 2209 Sela-

57 2256 142 2319 uouie
157 2263 226 2319 taur
242 2253 447 2337 presentibus
463 2274 560 2336 quam
576 2251 702 2334 futuris,
718 2251 963 2318 honorabilibus
975 2253 1085 2318 amicis
1095 2251 1172 2332 suis,

54 2359 195 2427 Perellus
213 2361 253 2427 de
270 2361 430 2427 Paruitali
455 2359 624 2444 Reginalis
651 2359 803 2426 Secrelus
820 2371 853 2426 et
868 2362 1029 2445 Magister
1048 2360 1170 2425 Procu-

55 2477 138 2535 rator
152 2469 283 2536 Nobilis
301 2467 455 2534 Ciuitatis
482 2468 623 2534 Messine
639 2470 777 2536 salutern
794 2476 826 2535 et
842 2470 965 2537 sincere
982 2469 1171 2536 dileccionis

55 2577 207 2643 effectum.
233 2577 316 2643 Cum
342 2597 402 2660 pro
419 2575 616 2659 temporibus
632 2577 827 2643 retrobaetis
844 2579 985 2644 uniuersi
1002 2584 1036 2642 et
1052 2577 1172 2661 singuli

54 2682 192 2751 homines
217 2685 361 2768 Raagusei
387 2685 430 2750 ad
455 2684 582 2748 litteras
607 2683 776 2768 Reginalis
801 2685 898 2752 Ourie
924 2686 1017 2752 nobis
1037 2684 1172 2771 perinde

55 2793 189 2859 directas
205 2791 376 2859 soluebant
387 2792 420 2856 in
431 2791 574 2858 Ciuitate
585 2793 725 2857 Messine
737 2793 792 2877 jus
809 2793 1011 2860 dohannrum
1027 2816 1087 2878 pro
1103 2795 1171 2858 vni-

56 2903 151 2965 uersis
167 2889 202 2967 et
217 2900 354 2983 singulis
379 2899 476 2965 rebus
493 2907 526 2964 et
542 2900 702 2965 mercibus
722 2902 873 2966 immissis
890 2925 947 2986 per
963 2925 1017 2968 eos
1033 2903 1068 2968 in
1085 2901 1173 2968 Ciui-

54 3017 149 3074 tatem
174 3010 321 3091 eandem,
346 3016 378 3074 et
403 3007 523 3074 abinde
550 3009 714 3090 extractis,
738 3019 805 3075 tam
821 3033 879 3094 per
895 3033 983 3076 mare
999 3034 1098 3097 quam
1114 3033 1172 3095 per

15 3201 16 3206 ἵ
54 3123 178 3201 terram,
205 3119 247 3184 ad
274 3117 437 3182 racionem
461 3116 608 3181 videlieet
624 3115 663 3181 de
680 3119 782 3183 crocis
799 3117 896 3204 (vagy
912 3119 1050 3206 tarenis)
1066 3119 1171 3185 tribus

54 3243 108 3305 pro
124 3226 271 3310 quolibet
288 3224 474 3290 centenario
485 3245 659 3304 erocorum,
669 3247 708 3291 ao
715 3227 768 3309 jus
785 3228 1045 3312 anchoragiipro
1062 3249 1173 3295 eorum

54 3333 185 3400 nauibus
201 3356 257 3400 seu
272 3333 419 3399 vassallis
435 3333 468 3396 in
485 3339 583 3416 portu
599 3333 684 3400 dicte
702 3333 856 3400 Ciuitatis
872 3337 984 3420 suique
995 3337 1172 3404 Districtus

55 3439 297 3524 applicantibus,
321 3449 418 3525 prout
443 3441 613 3507 soluebant
638 3442 779 3506 rniuersi
795 3449 828 3507 et
844 3444 961 3527 singuli
988 3445 1173 3536 rendabiles

54 3547 84 3610 in
99 3548 241 3617 Ciuitate
256 3549 412 3635 predicta.
439 3549 554 3632 Nuper
570 3571 645 3614 vero
663 3550 706 3616 ad
722 3551 914 3617 instanciam
932 3559 966 3617 et
981 3551 1174 3637 peticionem

54 3658 275 3723 nonnullorum
300 3658 475 3741 proborum
500 3658 641 3723 virorum
666 3666 884 3724 mercatorum
900 3660 1174 3742 Messanensium,

55 3769 85 3826 et
98 3767 270 3847 presertim
287 3765 416 3850 prouidi
431 3766 492 3832 viri
505 3765 648 3833 Gerardi
665 3766 704 3832 de
719 3767 850 3835 Vrsone
865 3768 906 3833 de
922 3769 1074 3834 Messena
1090 3790 1174 3834 mer·

54 3875 178 3958 catone,
203 3895 260 3958 per
285 3873 406 3940 dietam
431 3874 625 3958 Reginalem
642 3873 785 3957 Curiam,
802 3879 933 3960 cognita
948 3875 1176 3944 beniuolenoia

55 3975 285 4048 Vniuersitatis
301 3981 387 4048 dicte
403 3983 557 4049 Ciuitatis
572 3983 720 4066 Ragusii,
737 4005 834 4066 quam
847 3985 989 4050 uniuersi
1004 3992 1037 4049 et
1052 3976 1172 4069 singuli

54 4083 195 4158 homines
211 4091 363 4158 Ciuitatis
388 4092 490 4175 ipsius
515 4113 592 4175 erga
618 4093 782 4157 uniuersos
803 4091 1028 4157 Messaneuses
1046 4115 1172 4177 semper

55 4193 222 4265 affectuose
246 4208 415 4284 gesserunt
431 4210 465 4266 et
479 4208 606 4284 gerunt,
622 4200 662 4265 de
677 4199 875 4266 liberalitate
901 4223 992 4267 mera
1009 4208 1042 4267 et
1057 4201 1171 4283 gracia

55 4309 184 4388 speciali
209 4317 260 4374 est
284 4307 460 4376 deliberate
484 4312 651 4394 prouisum
668 4334 674 4374 :
693 4306 789 4392 Quod
804 4332 823 4374 a
839 4309 944 4394 primo
970 4308 1169 4393 Septembris

55 4417 195 4494 proximo
210 4417 311 4496 futuri
337 4417 433 4482 liuius
458 4424 547 4482 sexte
573 4417 761 4482 indiccionis
775 4417 808 4481 in
824 4423 932 4496 autea,
948 4417 1067 4502 singuli
1083 4418 1171 4482 ciues

54 4521 134 4590 dicte
150 4523 304 4592 Ciuitatis
328 4523 494 4610 Ragusine
519 4527 633 4609 suique
653 4524 830 4590 Distrietus
846 4547 920 4590 oum
936 4547 1047 4590 eorum
1062 4526 1168 4608 rebuS,
