<?xml version="1.0" encoding="UTF-8"?>
<!DOCTYPE html PUBLIC "-//W3C//DTD XHTML 1.0 Transitional//EN"
    "http://www.w3.org/TR/xhtml1/DTD/xhtml1-transitional.dtd">
<html xmlns="http://www.w3.org/1999/xhtml" xml:lang="en" lang="en">
 <head>
  <title>
</title>
<meta http-equiv="Content-Type" content="text/html;charset=utf-8" />
  <meta name='ocr-system' content='tesseract 3.04.00' />
  <meta name='ocr-capabilities' content='ocr_page ocr_carea ocr_par ocr_line ocrx_word'/>
</head>
<body>
  <div class='ocr_page' id='page_1' title='image "./magyardiplomacz00wenzgoog_0689.png"; bbox 0 0 3214 5250; ppageno 0'>
   <div class='ocr_carea' id='block_1_1' title="bbox 614 249 1258 384">
    <p class='ocr_par' dir='ltr' id='par_1_1' title="bbox 614 249 1258 384">
     <span class='ocr_line' id='line_1_1' title="bbox 614 249 1258 384; baseline 0.003 -24"><span class='ocrx_word' id='word_1_1' title='bbox 614 288 708 360; x_wconf 75' lang='lat' dir='ltr'><strong>nes</strong></span> <span class='ocrx_word' id='word_1_2' title='bbox 941 299 983 325; x_wconf 50' lang='grc' dir='ltr'>ν</span> <span class='ocrx_word' id='word_1_3' title='bbox 1159 249 1258 384; x_wconf 56' lang='lat' dir='ltr'><strong>eoos</strong></span> 
     </span>
    </p>
   </div>
   <div class='ocr_carea' id='block_1_2' title="bbox 17 473 1235 3492">
    <p class='ocr_par' dir='ltr' id='par_1_2' title="bbox 17 473 1235 3492">
     <span class='ocr_line' id='line_1_2' title="bbox 95 473 1223 560; baseline 0.004 -22"><span class='ocrx_word' id='word_1_4' title='bbox 95 481 182 539; x_wconf 90' lang='lat' dir='ltr'><strong>tram</strong></span> <span class='ocrx_word' id='word_1_5' title='bbox 200 473 378 542; x_wconf 89' lang='lat' dir='ltr'><strong>obtulimus</strong></span> <span class='ocrx_word' id='word_1_6' title='bbox 404 476 628 542; x_wconf 67' lang='lat' dir='ltr'><strong>assistentiam</strong></span> <span class='ocrx_word' id='word_1_7' title='bbox 654 483 688 542; x_wconf 91' lang='lat' dir='ltr'><strong>et</strong></span> <span class='ocrx_word' id='word_1_8' title='bbox 713 476 856 541; x_wconf 86' lang='lat' dir='ltr'><strong>levorem</strong></span> <span class='ocrx_word' id='word_1_9' title='bbox 873 477 906 540; x_wconf 93' lang='lat' dir='ltr'><strong>in</strong></span> <span class='ocrx_word' id='word_1_10' title='bbox 923 476 984 541; x_wconf 85' lang='lat' dir='ltr'><strong>tali</strong></span> <span class='ocrx_word' id='word_1_11' title='bbox 1004 475 1118 560; x_wconf 87' lang='lat' dir='ltr'><strong>forma,</strong></span> <span class='ocrx_word' id='word_1_12' title='bbox 1135 477 1223 560; x_wconf 91' lang='lat' dir='ltr'><strong>quod</strong></span> 
     </span>
     <span class='ocr_line' id='line_1_3' title="bbox 95 582 1224 670; baseline 0.004 -23"><span class='ocrx_word' id='word_1_13' title='bbox 95 582 196 648; x_wconf 82' lang='lat' dir='ltr'><strong>nichil</strong></span> <span class='ocrx_word' id='word_1_14' title='bbox 224 583 297 668; x_wconf 89' lang='lat' dir='ltr'><strong>plns</strong></span> <span class='ocrx_word' id='word_1_15' title='bbox 323 583 435 648; x_wconf 80' lang='lat' dir='ltr'><strong>debuit</strong></span> <span class='ocrx_word' id='word_1_16' title='bbox 462 589 519 650; x_wconf 90' lang='grc'>0111</span> <span class='ocrx_word' id='word_1_17' title='bbox 544 585 653 668; x_wconf 89' lang='lat' dir='ltr'><strong>potuit</strong></span> <span class='ocrx_word' id='word_1_18' title='bbox 678 583 797 650; x_wconf 92' lang='lat' dir='ltr'><strong>nedum</strong></span> <span class='ocrx_word' id='word_1_19' title='bbox 824 585 942 670; x_wconf 86' lang='lat' dir='ltr'><strong>expeti,</strong></span> <span class='ocrx_word' id='word_1_20' title='bbox 968 584 1023 650; x_wconf 89' lang='lat' dir='ltr'><strong>sed</strong></span> <span class='ocrx_word' id='word_1_21' title='bbox 1047 607 1108 650; x_wconf 89' lang='lat' dir='ltr'><strong>nec</strong></span> <span class='ocrx_word' id='word_1_22' title='bbox 1123 586 1224 652; x_wconf 88' lang='lat' dir='ltr'><strong>etiarn</strong></span> 
     </span>
     <span class='ocr_line' id='line_1_4' title="bbox 95 691 1225 778; baseline 0 -20"><span class='ocrx_word' id='word_1_23' title='bbox 95 695 254 777; x_wconf 85' lang='lat' dir='ltr'><strong>exoptari.</strong></span> <span class='ocrx_word' id='word_1_24' title='bbox 272 691 419 776; x_wconf 81' lang='lat' dir='ltr'>Cumque</span> <span class='ocrx_word' id='word_1_25' title='bbox 435 691 560 758; x_wconf 88' lang='lat' dir='ltr'><strong>diceret</strong></span> <span class='ocrx_word' id='word_1_26' title='bbox 576 715 610 758; x_wconf 90' lang='lat' dir='ltr'><strong>se</strong></span> <span class='ocrx_word' id='word_1_27' title='bbox 626 713 686 777; x_wconf 87' lang='lat' dir='ltr'><strong>pro</strong></span> <span class='ocrx_word' id='word_1_28' title='bbox 702 694 865 775; x_wconf 86' lang='lat' dir='ltr'><strong>mandato,</strong></span> <span class='ocrx_word' id='word_1_29' title='bbox 881 695 967 778; x_wconf 85' lang='lat' dir='ltr'><strong>quod</strong></span> <span class='ocrx_word' id='word_1_30' title='bbox 983 717 1048 759; x_wconf 92' lang='lat' dir='ltr'><strong>non</strong></span> <span class='ocrx_word' id='word_1_31' title='bbox 1073 692 1225 775; x_wconf 84' lang='lat' dir='ltr'><strong>habebat,</strong></span> 
     </span>
     <span class='ocr_line' id='line_1_5' title="bbox 94 802 1226 888; baseline 0.002 -22"><span class='ocrx_word' id='word_1_32' title='bbox 94 802 138 866; x_wconf 90' lang='lat' dir='ltr'><strong>ad</strong></span> <span class='ocrx_word' id='word_1_33' title='bbox 153 808 295 868; x_wconf 86' lang='lat' dir='ltr'><strong>vestram</strong></span> <span class='ocrx_word' id='word_1_34' title='bbox 311 803 511 888; x_wconf 80' lang='lat' dir='ltr'><strong>presentiam</strong></span> <span class='ocrx_word' id='word_1_35' title='bbox 528 823 749 884; x_wconf 64' lang='lat' dir='ltr'><strong>reversurum</strong></span> <span class='ocrx_word' id='word_1_36' title='bbox 776 802 930 886; x_wconf 91' lang='lat' dir='ltr'><strong>quicquid</strong></span> <span class='ocrx_word' id='word_1_37' title='bbox 947 803 1126 870; x_wconf 84' lang='lat' dir='ltr'><strong>Nobilitati</strong></span> <span class='ocrx_word' id='word_1_38' title='bbox 1144 802 1226 869; x_wconf 88' lang='lat' dir='ltr'><strong>Ves-</strong></span> 
     </span>
     <span class='ocr_line' id='line_1_6' title="bbox 93 911 1225 996; baseline 0.005 -21"><span class='ocrx_word' id='word_1_39' title='bbox 93 918 158 975; x_wconf 85' lang='grc'>110.</span> <span class='ocrx_word' id='word_1_40' title='bbox 172 913 379 996; x_wconf 78' lang='lat' dir='ltr'><strong>suggesserit,</strong></span> <span class='ocrx_word' id='word_1_41' title='bbox 406 932 490 975; x_wconf 89' lang='lat' dir='ltr'><strong>nnnc</strong></span> <span class='ocrx_word' id='word_1_42' title='bbox 506 911 546 976; x_wconf 93' lang='lat' dir='ltr'><strong>de</strong></span> <span class='ocrx_word' id='word_1_43' title='bbox 562 932 644 976; x_wconf 91' lang='lat' dir='ltr'><strong>novo</strong></span> <span class='ocrx_word' id='word_1_44' title='bbox 671 912 835 991; x_wconf 88' lang='lat' dir='ltr'><strong>sentimus,</strong></span> <span class='ocrx_word' id='word_1_45' title='bbox 863 933 918 976; x_wconf 90' lang='lat' dir='ltr'><strong>vos</strong></span> <span class='ocrx_word' id='word_1_46' title='bbox 945 911 1090 977; x_wconf 89' lang='lat' dir='ltr'><strong>eiusdem</strong></span> <span class='ocrx_word' id='word_1_47' title='bbox 1109 911 1225 981; x_wconf 90' lang='lat' dir='ltr'><strong>militis</strong></span> 
     </span>
     <span class='ocr_line' id='line_1_7' title="bbox 93 1022 1226 1091; baseline 0.002 -3"><span class='ocrx_word' id='word_1_48' title='bbox 93 1023 294 1088; x_wconf 81' lang='lat' dir='ltr'><strong>mercantias</strong></span> <span class='ocrx_word' id='word_1_49' title='bbox 318 1022 431 1088; x_wconf 86' lang='lat' dir='ltr'><strong>fecisse</strong></span> <span class='ocrx_word' id='word_1_50' title='bbox 457 1044 530 1088; x_wconf 90' lang='lat' dir='ltr'><strong>cum</strong></span> <span class='ocrx_word' id='word_1_51' title='bbox 556 1022 624 1087; x_wconf 89' lang='lat' dir='ltr'><strong>eius</strong></span> <span class='ocrx_word' id='word_1_52' title='bbox 640 1030 674 1088; x_wconf 87' lang='lat' dir='ltr'><strong>et</strong></span> <span class='ocrx_word' id='word_1_53' title='bbox 690 1024 827 1089; x_wconf 90' lang='lat' dir='ltr'><strong>aliorum</strong></span> <span class='ocrx_word' id='word_1_54' title='bbox 854 1032 1073 1091; x_wconf 88' lang='lat' dir='ltr'><strong>mercatorum</strong></span> <span class='ocrx_word' id='word_1_55' title='bbox 1099 1030 1226 1091; x_wconf 90' lang='lat' dir='ltr'><strong>nostro-</strong></span> 
     </span>
     <span class='ocr_line' id='line_1_8' title="bbox 94 1130 1226 1216; baseline -0.002 -20"><span class='ocrx_word' id='word_1_56' title='bbox 94 1153 168 1196; x_wconf 92' lang='lat' dir='ltr'><strong>rum</strong></span> <span class='ocrx_word' id='word_1_57' title='bbox 184 1131 283 1196; x_wconf 89' lang='lat' dir='ltr'><strong>rebus</strong></span> <span class='ocrx_word' id='word_1_58' title='bbox 300 1130 449 1214; x_wconf 86' lang='lat' dir='ltr'><strong>plurimis</strong></span> <span class='ocrx_word' id='word_1_59' title='bbox 476 1133 673 1213; x_wconf 88' lang='lat' dir='ltr'><strong>sequestrari</strong></span> <span class='ocrx_word' id='word_1_60' title='bbox 689 1130 749 1196; x_wconf 90' lang='lat' dir='ltr'><strong>sub</strong></span> <span class='ocrx_word' id='word_1_61' title='bbox 766 1138 917 1216; x_wconf 85' lang='lat' dir='ltr'><strong>pretextu</strong></span> <span class='ocrx_word' id='word_1_62' title='bbox 943 1132 1045 1200; x_wconf 90' lang='lat' dir='ltr'><strong>debiti</strong></span> <span class='ocrx_word' id='word_1_63' title='bbox 1061 1131 1226 1216; x_wconf 80' lang='lat' dir='ltr'><strong>prelibati.</strong></span> 
     </span>
     <span class='ocr_line' id='line_1_9' title="bbox 95 1237 1226 1321; baseline 0 -17"><span class='ocrx_word' id='word_1_64' title='bbox 95 1237 188 1305; x_wconf 84' lang='lat' dir='ltr'><strong>Certi</strong></span> <span class='ocrx_word' id='word_1_65' title='bbox 214 1260 335 1320; x_wconf 85' lang='lat' dir='ltr'><strong>sumus,</strong></span> <span class='ocrx_word' id='word_1_66' title='bbox 352 1259 407 1303; x_wconf 77' lang='lat' dir='ltr'><strong>ros</strong></span> <span class='ocrx_word' id='word_1_67' title='bbox 432 1243 549 1321; x_wconf 88' lang='lat' dir='ltr'><strong>putare</strong></span> <span class='ocrx_word' id='word_1_68' title='bbox 576 1238 739 1320; x_wconf 74' lang='lat' dir='ltr'><strong>metatum</strong></span> <span class='ocrx_word' id='word_1_69' title='bbox 765 1241 929 1307; x_wconf 89' lang='lat' dir='ltr'><strong>Milanum</strong></span> <span class='ocrx_word' id='word_1_70' title='bbox 955 1247 1101 1307; x_wconf 88' lang='lat' dir='ltr'><strong>nostrum</strong></span> <span class='ocrx_word' id='word_1_71' title='bbox 1126 1241 1226 1306; x_wconf 89' lang='lat' dir='ltr'><strong>civem</strong></span> 
     </span>
     <span class='ocr_line' id='line_1_10' title="bbox 96 1343 1226 1433; baseline -0.003 -19"><span class='ocrx_word' id='word_1_72' title='bbox 96 1368 178 1430; x_wconf 84' lang='lat' dir='ltr'><strong>esse,</strong></span> <span class='ocrx_word' id='word_1_73' title='bbox 202 1352 235 1412; x_wconf 87' lang='lat' dir='ltr'><strong>et</strong></span> <span class='ocrx_word' id='word_1_74' title='bbox 262 1345 442 1430; x_wconf 82' lang='lat' dir='ltr'><strong>supradicti</strong></span> <span class='ocrx_word' id='word_1_75' title='bbox 468 1345 590 1411; x_wconf 91' lang='lat' dir='ltr'><strong>domini</strong></span> <span class='ocrx_word' id='word_1_76' title='bbox 616 1345 708 1414; x_wconf 89' lang='lat' dir='ltr'><strong>Verii</strong></span> <span class='ocrx_word' id='word_1_77' title='bbox 734 1348 857 1414; x_wconf 89' lang='lat' dir='ltr'><strong>socium</strong></span> <span class='ocrx_word' id='word_1_78' title='bbox 882 1354 918 1414; x_wconf 88' lang='lat' dir='ltr'><strong>et</strong></span> <span class='ocrx_word' id='word_1_79' title='bbox 942 1348 1109 1433; x_wconf 87' lang='lat' dir='ltr'><strong>collegam.</strong></span> <span class='ocrx_word' id='word_1_80' title='bbox 1129 1343 1226 1413; x_wconf 88' lang='lat' dir='ltr'><strong>Alias</strong></span> 
     </span>
     <span class='ocr_line' id='line_1_11' title="bbox 97 1454 1228 1542; baseline 0.001 -21"><span class='ocrx_word' id='word_1_81' title='bbox 97 1463 210 1521; x_wconf 87' lang='grc'>01110111</span> <span class='ocrx_word' id='word_1_82' title='bbox 226 1477 298 1520; x_wconf 91' lang='lat' dir='ltr'><strong>eum</strong></span> <span class='ocrx_word' id='word_1_83' title='bbox 315 1454 406 1521; x_wconf 91' lang='lat' dir='ltr'><strong>vobis</strong></span> <span class='ocrx_word' id='word_1_84' title='bbox 423 1477 488 1521; x_wconf 92' lang='lat' dir='ltr'><strong>non</strong></span> <span class='ocrx_word' id='word_1_85' title='bbox 503 1455 603 1521; x_wconf 88' lang='lat' dir='ltr'><strong>fuerit</strong></span> <span class='ocrx_word' id='word_1_86' title='bbox 625 1456 760 1540; x_wconf 90' lang='lat' dir='ltr'><strong>justicia</strong></span> <span class='ocrx_word' id='word_1_87' title='bbox 776 1456 948 1542; x_wconf 85' lang='lat' dir='ltr'><strong>denegata,</strong></span> <span class='ocrx_word' id='word_1_88' title='bbox 963 1458 1020 1524; x_wconf 88' lang='lat' dir='ltr'><strong>sed</strong></span> <span class='ocrx_word' id='word_1_89' title='bbox 1036 1459 1146 1541; x_wconf 92' lang='lat' dir='ltr'><strong>potius</strong></span> <span class='ocrx_word' id='word_1_90' title='bbox 1163 1478 1228 1522; x_wconf 92' lang='lat' dir='ltr'><strong>om·</strong></span> 
     </span>
     <span class='ocr_line' id='line_1_12' title="bbox 98 1563 1228 1651; baseline 0.002 -23"><span class='ocrx_word' id='word_1_91' title='bbox 98 1565 152 1629; x_wconf 89' lang='lat' dir='ltr'><strong>nis</strong></span> <span class='ocrx_word' id='word_1_92' title='bbox 168 1564 262 1630; x_wconf 87' lang='lat' dir='ltr'><strong>favor</strong></span> <span class='ocrx_word' id='word_1_93' title='bbox 277 1563 424 1646; x_wconf 69' lang='lat' dir='ltr'><strong>oblatus,</strong></span> <span class='ocrx_word' id='word_1_94' title='bbox 441 1563 541 1630; x_wconf 87' lang='lat' dir='ltr'><strong>nichil</strong></span> <span class='ocrx_word' id='word_1_95' title='bbox 558 1570 608 1630; x_wconf 90' lang='lat' dir='ltr'><strong>est</strong></span> <span class='ocrx_word' id='word_1_96' title='bbox 624 1566 710 1650; x_wconf 91' lang='lat' dir='ltr'><strong>quod</strong></span> <span class='ocrx_word' id='word_1_97' title='bbox 727 1566 866 1651; x_wconf 89' lang='lat' dir='ltr'><strong>possetis</strong></span> <span class='ocrx_word' id='word_1_98' title='bbox 883 1564 923 1631; x_wconf 91' lang='lat' dir='ltr'><strong>de</strong></span> <span class='ocrx_word' id='word_1_99' title='bbox 935 1566 1010 1651; x_wconf 89' lang='lat' dir='ltr'><strong>jure</strong></span> <span class='ocrx_word' id='word_1_100' title='bbox 1026 1567 1228 1651; x_wconf 87' lang='lat' dir='ltr'><strong>pretendere,</strong></span> 
     </span>
     <span class='ocr_line' id='line_1_13' title="bbox 95 1672 1229 1757; baseline 0 -19"><span class='ocrx_word' id='word_1_101' title='bbox 95 1693 164 1756; x_wconf 89' lang='lat' dir='ltr'><strong>quo</strong></span> <span class='ocrx_word' id='word_1_102' title='bbox 181 1672 294 1742; x_wconf 88' lang='lat' dir='ltr'><strong>liceret</strong></span> <span class='ocrx_word' id='word_1_103' title='bbox 317 1673 405 1738; x_wconf 90' lang='lat' dir='ltr'><strong>bona</strong></span> <span class='ocrx_word' id='word_1_104' title='bbox 430 1673 575 1757; x_wconf 89' lang='lat' dir='ltr'><strong>ipsorum</strong></span> <span class='ocrx_word' id='word_1_105' title='bbox 600 1679 786 1741; x_wconf 86' lang='lat' dir='ltr'><strong>nostrorum</strong></span> <span class='ocrx_word' id='word_1_106' title='bbox 802 1674 919 1740; x_wconf 92' lang='lat' dir='ltr'><strong>civium</strong></span> <span class='ocrx_word' id='word_1_107' title='bbox 934 1680 1108 1741; x_wconf 87' lang='lat' dir='ltr'><strong>arrestare.</strong></span> <span class='ocrx_word' id='word_1_108' title='bbox 1132 1673 1229 1740; x_wconf 90' lang='lat' dir='ltr'><strong>Nune</strong></span> 
     </span>
     <span class='ocr_line' id='line_1_14' title="bbox 95 1778 1229 1866; baseline -0.002 -18"><span class='ocrx_word' id='word_1_109' title='bbox 95 1790 210 1849; x_wconf 89' lang='lat' dir='ltr'><strong>autem</strong></span> <span class='ocrx_word' id='word_1_110' title='bbox 228 1787 318 1846; x_wconf 89' lang='lat' dir='ltr'><strong>certa</strong></span> <span class='ocrx_word' id='word_1_111' title='bbox 334 1781 378 1846; x_wconf 91' lang='lat' dir='ltr'><strong>sit</strong></span> <span class='ocrx_word' id='word_1_112' title='bbox 393 1778 514 1847; x_wconf 90' lang='lat' dir='ltr'><strong>Vestra</strong></span> <span class='ocrx_word' id='word_1_113' title='bbox 531 1778 707 1864; x_wconf 88' lang='lat' dir='ltr'><strong>Nobilitas,</strong></span> <span class='ocrx_word' id='word_1_114' title='bbox 734 1782 895 1848; x_wconf 87' lang='lat' dir='ltr'><strong>Milanum</strong></span> <span class='ocrx_word' id='word_1_115' title='bbox 915 1781 1076 1866; x_wconf 87' lang='lat' dir='ltr'><strong>prefatum</strong></span> <span class='ocrx_word' id='word_1_116' title='bbox 1093 1782 1229 1848; x_wconf 86' lang='grc'>1101011-</span> 
     </span>
     <span class='ocr_line' id='line_1_15' title="bbox 95 1889 1230 1976; baseline 0 -22"><span class='ocrx_word' id='word_1_117' title='bbox 95 1891 185 1976; x_wconf 85' lang='lat' dir='ltr'><strong>gine,</strong></span> <span class='ocrx_word' id='word_1_118' title='bbox 201 1911 261 1956; x_wconf 92' lang='lat' dir='ltr'><strong>nec</strong></span> <span class='ocrx_word' id='word_1_119' title='bbox 277 1889 358 1974; x_wconf 85' lang='lat' dir='ltr'><strong>lege,</strong></span> <span class='ocrx_word' id='word_1_120' title='bbox 374 1889 541 1954; x_wconf 85' lang='lat' dir='ltr'><strong>civilitatis</strong></span> <span class='ocrx_word' id='word_1_121' title='bbox 556 1896 667 1955; x_wconf 90' lang='lat' dir='ltr'><strong>nostre</strong></span> <span class='ocrx_word' id='word_1_122' title='bbox 683 1889 877 1956; x_wconf 87' lang='lat' dir='ltr'><strong>beneficium</strong></span> <span class='ocrx_word' id='word_1_123' title='bbox 893 1890 1050 1970; x_wconf 90' lang='lat' dir='ltr'><strong>obtinere,</strong></span> <span class='ocrx_word' id='word_1_124' title='bbox 1066 1889 1124 1956; x_wconf 91' lang='lat' dir='ltr'><strong>sed</strong></span> <span class='ocrx_word' id='word_1_125' title='bbox 1140 1912 1230 1974; x_wconf 90' lang='lat' dir='ltr'><strong>pror·</strong></span> 
     </span>
     <span class='ocr_line' id='line_1_16' title="bbox 96 1996 1229 2082; baseline -0.001 -18"><span class='ocrx_word' id='word_1_126' title='bbox 96 2020 153 2064; x_wconf 89' lang='lat' dir='ltr'><strong>sus</strong></span> <span class='ocrx_word' id='word_1_127' title='bbox 178 2020 249 2064; x_wconf 90' lang='lat' dir='ltr'><strong>esse</strong></span> <span class='ocrx_word' id='word_1_128' title='bbox 274 1997 435 2063; x_wconf 83' lang='lat' dir='ltr'><strong>forensem</strong></span> <span class='ocrx_word' id='word_1_129' title='bbox 461 2004 493 2062; x_wconf 90' lang='lat' dir='ltr'><strong>et</strong></span> <span class='ocrx_word' id='word_1_130' title='bbox 518 1996 686 2078; x_wconf 89' lang='lat' dir='ltr'><strong>advenam,</strong></span> <span class='ocrx_word' id='word_1_131' title='bbox 703 1997 796 2064; x_wconf 89' lang='lat' dir='ltr'><strong>nobis</strong></span> <span class='ocrx_word' id='word_1_132' title='bbox 812 2006 870 2064; x_wconf 91' lang='lat' dir='ltr'><strong>aut</strong></span> <span class='ocrx_word' id='word_1_133' title='bbox 885 1998 1006 2064; x_wconf 88' lang='lat' dir='ltr'><strong>nostris</strong></span> <span class='ocrx_word' id='word_1_134' title='bbox 1021 1997 1148 2082; x_wconf 82' lang='lat' dir='ltr'><strong>legibus</strong></span> <span class='ocrx_word' id='word_1_135' title='bbox 1164 2019 1229 2063; x_wconf 93' lang='lat' dir='ltr'><strong>non</strong></span> 
     </span>
     <span class='ocr_line' id='line_1_17' title="bbox 96 2105 1230 2192; baseline -0.001 -20"><span class='ocrx_word' id='word_1_136' title='bbox 96 2107 292 2192; x_wconf 85' lang='lat' dir='ltr'><strong>subjectum.</strong></span> <span class='ocrx_word' id='word_1_137' title='bbox 308 2105 504 2190; x_wconf 81' lang='lat' dir='ltr'><strong>Quinetiam</strong></span> <span class='ocrx_word' id='word_1_138' title='bbox 520 2106 601 2172; x_wconf 89' lang='lat' dir='ltr'><strong>clari</strong></span> <span class='ocrx_word' id='word_1_139' title='bbox 611 2128 729 2190; x_wconf 88' lang='lat' dir='ltr'><strong>sumus,</strong></span> <span class='ocrx_word' id='word_1_140' title='bbox 745 2114 778 2172; x_wconf 89' lang='lat' dir='ltr'><strong>et</strong></span> <span class='ocrx_word' id='word_1_141' title='bbox 793 2109 841 2172; x_wconf 87' lang='grc'><strong>110</strong></span> <span class='ocrx_word' id='word_1_142' title='bbox 850 2107 1065 2174; x_wconf 88' lang='lat' dir='ltr'><strong>Nobilitatem</strong></span> <span class='ocrx_word' id='word_1_143' title='bbox 1075 2105 1230 2172; x_wconf 86' lang='lat' dir='ltr'><strong>Vestram</strong></span> 
     </span>
     <span class='ocr_line' id='line_1_18' title="bbox 95 2215 1230 2301; baseline -0.002 -19"><span class='ocrx_word' id='word_1_144' title='bbox 95 2223 214 2282; x_wconf 89' lang='lat' dir='ltr'><strong>tenore</strong></span> <span class='ocrx_word' id='word_1_145' title='bbox 229 2218 431 2301; x_wconf 89' lang='lat' dir='ltr'><strong>presentium</strong></span> <span class='ocrx_word' id='word_1_146' title='bbox 457 2215 670 2300; x_wconf 88' lang='lat' dir='ltr'><strong>declaramus,</strong></span> <span class='ocrx_word' id='word_1_147' title='bbox 695 2218 801 2300; x_wconf 89' lang='lat' dir='ltr'><strong>ipsum</strong></span> <span class='ocrx_word' id='word_1_148' title='bbox 816 2215 940 2282; x_wconf 89' lang='lat' dir='ltr'><strong>nullam</strong></span> <span class='ocrx_word' id='word_1_149' title='bbox 956 2216 1087 2299; x_wconf 87' lang='lat' dir='ltr'><strong>habere,</strong></span> <span class='ocrx_word' id='word_1_150' title='bbox 1101 2236 1160 2281; x_wconf 91' lang='lat' dir='ltr'><strong>nec</strong></span> <span class='ocrx_word' id='word_1_151' title='bbox 1174 2216 1230 2282; x_wconf 91' lang='lat' dir='ltr'><strong>ha-</strong></span> 
     </span>
     <span class='ocr_line' id='line_1_19' title="bbox 97 2323 1231 2409; baseline -0.004 -16"><span class='ocrx_word' id='word_1_152' title='bbox 97 2327 213 2393; x_wconf 90' lang='lat' dir='ltr'><strong>buisse</strong></span> <span class='ocrx_word' id='word_1_153' title='bbox 229 2346 300 2391; x_wconf 90' lang='lat' dir='ltr'><strong>cum</strong></span> <span class='ocrx_word' id='word_1_154' title='bbox 317 2324 445 2409; x_wconf 88' lang='lat' dir='ltr'><strong>prefato</strong></span> <span class='ocrx_word' id='word_1_155' title='bbox 462 2324 591 2389; x_wconf 91' lang='lat' dir='ltr'><strong>domino</strong></span> <span class='ocrx_word' id='word_1_156' title='bbox 609 2323 711 2392; x_wconf 84' lang='lat' dir='ltr'><strong>Verio</strong></span> <span class='ocrx_word' id='word_1_157' title='bbox 729 2326 926 2391; x_wconf 87' lang='lat' dir='ltr'><strong>societatem.</strong></span> <span class='ocrx_word' id='word_1_158' title='bbox 947 2324 1035 2390; x_wconf 88' lang='lat' dir='ltr'><strong>Nam</strong></span> <span class='ocrx_word' id='word_1_159' title='bbox 1051 2329 1084 2388; x_wconf 92' lang='lat' dir='ltr'><strong>et</strong></span> <span class='ocrx_word' id='word_1_160' title='bbox 1100 2325 1231 2407; x_wconf 87' lang='lat' dir='ltr'><strong>quando</strong></span> 
     </span>
     <span class='ocr_line' id='line_1_20' title="bbox 97 2429 1231 2517; baseline -0.005 -16"><span class='ocrx_word' id='word_1_161' title='bbox 97 2435 249 2501; x_wconf 87' lang='lat' dir='ltr'><strong>Milanus</strong></span> <span class='ocrx_word' id='word_1_162' title='bbox 266 2440 412 2517; x_wconf 90' lang='lat' dir='ltr'><strong>tempore</strong></span> <span class='ocrx_word' id='word_1_163' title='bbox 428 2429 598 2516; x_wconf 87' lang='lat' dir='ltr'><strong>Magnifici</strong></span> <span class='ocrx_word' id='word_1_164' title='bbox 614 2433 726 2498; x_wconf 86' lang='lat' dir='ltr'><strong>fratris</strong></span> <span class='ocrx_word' id='word_1_165' title='bbox 742 2435 846 2498; x_wconf 89' lang='lat' dir='ltr'><strong>nostri</strong></span> <span class='ocrx_word' id='word_1_166' title='bbox 863 2433 985 2498; x_wconf 90' lang='lat' dir='ltr'><strong>domini</strong></span> <span class='ocrx_word' id='word_1_167' title='bbox 1003 2431 1174 2496; x_wconf 85' lang='lat' dir='ltr'><strong>Francisci</strong></span> <span class='ocrx_word' id='word_1_168' title='bbox 1190 2430 1231 2496; x_wconf 91' lang='lat' dir='ltr'><strong>de</strong></span> 
     </span>
     <span class='ocr_line' id='line_1_21' title="bbox 99 2537 1231 2624; baseline -0.004 -16"><span class='ocrx_word' id='word_1_169' title='bbox 99 2541 264 2608; x_wconf 83' lang='lat' dir='ltr'><strong>Carraria</strong></span> <span class='ocrx_word' id='word_1_170' title='bbox 280 2562 300 2606; x_wconf 87' lang='lat' dir='ltr'><strong>a</strong></span> <span class='ocrx_word' id='word_1_171' title='bbox 317 2538 457 2606; x_wconf 78' lang='lat' dir='ltr'><strong>Ciuitate</strong></span> <span class='ocrx_word' id='word_1_172' title='bbox 474 2541 635 2606; x_wconf 89' lang='lat' dir='ltr'><strong>Paduana</strong></span> <span class='ocrx_word' id='word_1_173' title='bbox 661 2541 817 2623; x_wconf 84' lang='lat' dir='ltr'><strong>discessit,</strong></span> <span class='ocrx_word' id='word_1_174' title='bbox 842 2541 982 2608; x_wconf 88' lang='lat' dir='ltr'><strong>societas</strong></span> <span class='ocrx_word' id='word_1_175' title='bbox 1001 2539 1123 2606; x_wconf 90' lang='lat' dir='ltr'><strong>domini</strong></span> <span class='ocrx_word' id='word_1_176' title='bbox 1139 2537 1231 2624; x_wconf 86' lang='lat' dir='ltr'><strong>Verij</strong></span> 
     </span>
     <span class='ocr_line' id='line_1_22' title="bbox 17 2645 1232 2736; baseline -0.002 -21"><span class='ocrx_word' id='word_1_177' title='bbox 17 2645 21 2653; x_wconf 52' lang='lat'><strong>⁴</strong></span> <span class='ocrx_word' id='word_1_178' title='bbox 98 2651 235 2736; x_wconf 84' lang='lat' dir='ltr'><strong>vigebat</strong></span> <span class='ocrx_word' id='word_1_179' title='bbox 250 2649 375 2730; x_wconf 81' lang='lat' dir='ltr'><strong>Padus,</strong></span> <span class='ocrx_word' id='word_1_180' title='bbox 390 2671 451 2714; x_wconf 91' lang='lat' dir='ltr'><strong>nec</strong></span> <span class='ocrx_word' id='word_1_181' title='bbox 467 2671 608 2734; x_wconf 89' lang='lat' dir='ltr'><strong>unquam</strong></span> <span class='ocrx_word' id='word_1_182' title='bbox 625 2649 687 2715; x_wconf 87' lang='lat' dir='ltr'><strong>fuit</strong></span> <span class='ocrx_word' id='word_1_183' title='bbox 703 2649 744 2714; x_wconf 92' lang='lat' dir='ltr'><strong>ob</strong></span> <span class='ocrx_word' id='word_1_184' title='bbox 761 2649 873 2715; x_wconf 87' lang='lat' dir='ltr'><strong>debita</strong></span> <span class='ocrx_word' id='word_1_185' title='bbox 884 2649 962 2715; x_wconf 90' lang='lat' dir='ltr'><strong>dieti</strong></span> <span class='ocrx_word' id='word_1_186' title='bbox 973 2648 1092 2716; x_wconf 87' lang='lat' dir='ltr'><strong>Milani</strong></span> <span class='ocrx_word' id='word_1_187' title='bbox 1108 2653 1140 2712; x_wconf 92' lang='lat' dir='ltr'><strong>et</strong></span> <span class='ocrx_word' id='word_1_188' title='bbox 1154 2669 1232 2731; x_wconf 89' lang='lat' dir='ltr'><strong>quo-</strong></span> 
     </span>
     <span class='ocr_line' id='line_1_23' title="bbox 99 2755 1232 2842; baseline -0.004 -17"><span class='ocrx_word' id='word_1_189' title='bbox 99 2759 281 2826; x_wconf 90' lang='lat' dir='ltr'><strong>modolibet</strong></span> <span class='ocrx_word' id='word_1_190' title='bbox 298 2759 466 2842; x_wconf 87' lang='lat' dir='ltr'><strong>requisita.</strong></span> <span class='ocrx_word' id='word_1_191' title='bbox 482 2755 566 2824; x_wconf 81' lang='grc'>(11111</span> <span class='ocrx_word' id='word_1_192' title='bbox 582 2765 693 2824; x_wconf 90' lang='lat' dir='ltr'><strong>tamen</strong></span> <span class='ocrx_word' id='word_1_193' title='bbox 713 2758 860 2823; x_wconf 91' lang='lat' dir='ltr'><strong>dominus</strong></span> <span class='ocrx_word' id='word_1_194' title='bbox 880 2759 1076 2824; x_wconf 85' lang='lat' dir='ltr'><strong>Franciscus</strong></span> <span class='ocrx_word' id='word_1_195' title='bbox 1094 2755 1232 2840; x_wconf 91' lang='lat' dir='ltr'><strong>preliba-</strong></span> 
     </span>
     <span class='ocr_line' id='line_1_24' title="bbox 98 2863 1232 2952; baseline -0.006 -18"><span class='ocrx_word' id='word_1_196' title='bbox 98 2877 155 2934; x_wconf 86' lang='lat' dir='ltr'><strong>tus</strong></span> <span class='ocrx_word' id='word_1_197' title='bbox 172 2865 345 2932; x_wconf 90' lang='lat' dir='ltr'><strong>molestum</strong></span> <span class='ocrx_word' id='word_1_198' title='bbox 370 2866 510 2932; x_wconf 91' lang='lat' dir='ltr'><strong>haberet</strong></span> <span class='ocrx_word' id='word_1_199' title='bbox 535 2866 713 2932; x_wconf 88' lang='lat' dir='ltr'><strong>discessum</strong></span> <span class='ocrx_word' id='word_1_200' title='bbox 739 2887 841 2948; x_wconf 91' lang='lat' dir='ltr'><strong>suum,</strong></span> <span class='ocrx_word' id='word_1_201' title='bbox 857 2869 887 2932; x_wconf 92' lang='lat' dir='ltr'><strong>ei</strong></span> <span class='ocrx_word' id='word_1_202' title='bbox 902 2866 1008 2952; x_wconf 90' lang='lat' dir='ltr'><strong>ipsum</strong></span> <span class='ocrx_word' id='word_1_203' title='bbox 1035 2864 1097 2930; x_wconf 89' lang='lat' dir='ltr'><strong>sibi</strong></span> <span class='ocrx_word' id='word_1_204' title='bbox 1113 2863 1182 2930; x_wconf 90' lang='grc'>1010</span> <span class='ocrx_word' id='word_1_205' title='bbox 1198 2865 1232 2928; x_wconf 88' lang='lat' dir='ltr'><strong>in</strong></span> 
     </span>
     <span class='ocr_line' id='line_1_25' title="bbox 102 2975 1234 3063; baseline -0.006 -20"><span class='ocrx_word' id='word_1_206' title='bbox 102 2977 293 3063; x_wconf 87' lang='lat' dir='ltr'><strong>quantitate</strong></span> <span class='ocrx_word' id='word_1_207' title='bbox 308 2975 450 3041; x_wconf 88' lang='lat' dir='ltr'><strong>maxima</strong></span> <span class='ocrx_word' id='word_1_208' title='bbox 476 2975 655 3040; x_wconf 90' lang='lat' dir='ltr'><strong>debitorem</strong></span> <span class='ocrx_word' id='word_1_209' title='bbox 671 2975 889 3058; x_wconf 85' lang='lat' dir='ltr'><strong>protenderet,</strong></span> <span class='ocrx_word' id='word_1_210' title='bbox 906 2980 939 3040; x_wconf 85' lang='lat' dir='ltr'><strong>et</strong></span> <span class='ocrx_word' id='word_1_211' title='bbox 954 2980 1115 3058; x_wconf 87' lang='lat' dir='ltr'><strong>narraret,</strong></span> <span class='ocrx_word' id='word_1_212' title='bbox 1131 2979 1168 3039; x_wconf 93' lang='lat' dir='ltr'><strong>ut</strong></span> <span class='ocrx_word' id='word_1_213' title='bbox 1183 2993 1234 3038; x_wconf 90' lang='lat' dir='ltr'><strong>ve·</strong></span> 
     </span>
     <span class='ocr_line' id='line_1_26' title="bbox 99 3080 1233 3168; baseline -0.006 -17"><span class='ocrx_word' id='word_1_214' title='bbox 99 3086 230 3152; x_wconf 87' lang='lat' dir='ltr'><strong>rissime</strong></span> <span class='ocrx_word' id='word_1_215' title='bbox 255 3091 366 3150; x_wconf 90' lang='lat' dir='ltr'><strong>tenere</strong></span> <span class='ocrx_word' id='word_1_216' title='bbox 390 3083 532 3168; x_wconf 64' lang='lat' dir='ltr'><strong>possitis</strong></span> <span class='ocrx_word' id='word_1_217' title='bbox 558 3082 680 3150; x_wconf 90' lang='lat' dir='ltr'><strong>dictum</strong></span> <span class='ocrx_word' id='word_1_218' title='bbox 707 3082 873 3149; x_wconf 91' lang='lat' dir='ltr'><strong>dominum</strong></span> <span class='ocrx_word' id='word_1_219' title='bbox 898 3084 1036 3153; x_wconf 85' lang='lat' dir='ltr'><strong>Verium</strong></span> <span class='ocrx_word' id='word_1_220' title='bbox 1060 3080 1233 3148; x_wconf 83' lang='lat' dir='ltr'><strong>eutalium</strong></span> 
     </span>
     <span class='ocr_line' id='line_1_27' title="bbox 100 3187 1233 3276; baseline -0.007 -16"><span class='ocrx_word' id='word_1_221' title='bbox 100 3195 208 3260; x_wconf 79' lang='lat' dir='ltr'><strong>civem</strong></span> <span class='ocrx_word' id='word_1_222' title='bbox 223 3199 380 3275; x_wconf 88' lang='lat' dir='ltr'><strong>nostrum,</strong></span> <span class='ocrx_word' id='word_1_223' title='bbox 395 3213 454 3276; x_wconf 91' lang='lat' dir='ltr'><strong>pro</strong></span> <span class='ocrx_word' id='word_1_224' title='bbox 471 3191 558 3257; x_wconf 91' lang='lat' dir='ltr'><strong>dicto</strong></span> <span class='ocrx_word' id='word_1_225' title='bbox 575 3191 703 3257; x_wconf 89' lang='lat' dir='ltr'><strong>Milano</strong></span> <span class='ocrx_word' id='word_1_226' title='bbox 719 3190 808 3257; x_wconf 91' lang='lat' dir='ltr'><strong>nullo</strong></span> <span class='ocrx_word' id='word_1_227' title='bbox 825 3189 921 3257; x_wconf 93' lang='lat' dir='ltr'><strong>modo</strong></span> <span class='ocrx_word' id='word_1_228' title='bbox 938 3189 1066 3272; x_wconf 91' lang='lat' dir='ltr'><strong>debere,</strong></span> <span class='ocrx_word' id='word_1_229' title='bbox 1077 3187 1127 3255; x_wconf 90' lang='lat' dir='ltr'><strong>vel</strong></span> <span class='ocrx_word' id='word_1_230' title='bbox 1140 3207 1233 3271; x_wconf 89' lang='lat' dir='ltr'><strong>posse</strong></span> 
     </span>
     <span class='ocr_line' id='line_1_28' title="bbox 101 3295 1235 3385; baseline -0.006 -18"><span class='ocrx_word' id='word_1_231' title='bbox 101 3324 178 3368; x_wconf 90' lang='lat' dir='ltr'><strong>cum</strong></span> <span class='ocrx_word' id='word_1_232' title='bbox 193 3301 324 3385; x_wconf 86' lang='lat' dir='ltr'><strong>justicia</strong></span> <span class='ocrx_word' id='word_1_233' title='bbox 334 3298 507 3366; x_wconf 81' lang='lat' dir='ltr'><strong>conveniri.</strong></span> <span class='ocrx_word' id='word_1_234' title='bbox 517 3297 680 3382; x_wconf 82' lang='lat' dir='ltr'><strong>Quocirca</strong></span> <span class='ocrx_word' id='word_1_235' title='bbox 690 3297 906 3364; x_wconf 90' lang='lat' dir='ltr'><strong>Nobilitatem</strong></span> <span class='ocrx_word' id='word_1_236' title='bbox 918 3297 1071 3366; x_wconf 84' lang='lat' dir='ltr'><strong>Vestram</strong></span> <span class='ocrx_word' id='word_1_237' title='bbox 1083 3295 1235 3362; x_wconf 89' lang='lat' dir='ltr'><strong>affectuo-</strong></span> 
     </span>
     <span class='ocr_line' id='line_1_29' title="bbox 100 3403 1235 3492; baseline -0.006 -15"><span class='ocrx_word' id='word_1_238' title='bbox 100 3412 229 3478; x_wconf 85' lang='lat' dir='ltr'><strong>sissime</strong></span> <span class='ocrx_word' id='word_1_239' title='bbox 245 3408 467 3492; x_wconf 89' lang='lat' dir='ltr'><strong>deprecamur,</strong></span> <span class='ocrx_word' id='word_1_240' title='bbox 484 3415 653 3490; x_wconf 89' lang='lat' dir='ltr'><strong>quatenus,</strong></span> <span class='ocrx_word' id='word_1_241' title='bbox 677 3428 740 3491; x_wconf 90' lang='lat' dir='ltr'><strong>que</strong></span> <span class='ocrx_word' id='word_1_242' title='bbox 766 3413 969 3492; x_wconf 88' lang='lat' dir='ltr'><strong>sequestrata</strong></span> <span class='ocrx_word' id='word_1_243' title='bbox 996 3411 1080 3488; x_wconf 88' lang='lat' dir='ltr'><strong>sunt,</strong></span> <span class='ocrx_word' id='word_1_244' title='bbox 1107 3403 1235 3488; x_wconf 88' lang='lat' dir='ltr'><strong>placeat</strong></span> 
     </span>
    </p>
   </div>
   <div class='ocr_carea' id='block_1_3' title="bbox 4 3509 1235 3600">
    <p class='ocr_par' dir='ltr' id='par_1_3' title="bbox 4 3509 1235 3600">
     <span class='ocr_line' id='line_1_30' title="bbox 4 3509 1235 3600; baseline -0.006 -14"><span class='ocrx_word' id='word_1_245' title='bbox 4 3531 5 3536; x_wconf 77' lang='grc'>’</span> <span class='ocrx_word' id='word_1_246' title='bbox 102 3520 214 3586; x_wconf 82' lang='lat' dir='ltr'><strong>faeere</strong></span> <span class='ocrx_word' id='word_1_247' title='bbox 229 3516 373 3600; x_wconf 87' lang='lat' dir='ltr'><strong>liberari,</strong></span> <span class='ocrx_word' id='word_1_248' title='bbox 390 3524 423 3582; x_wconf 90' lang='lat' dir='ltr'><strong>et</strong></span> <span class='ocrx_word' id='word_1_249' title='bbox 439 3516 562 3582; x_wconf 88' lang='lat' dir='ltr'><strong>nullam</strong></span> <span class='ocrx_word' id='word_1_250' title='bbox 587 3517 799 3600; x_wconf 88' lang='lat' dir='ltr'><strong>imposterum</strong></span> <span class='ocrx_word' id='word_1_251' title='bbox 825 3516 920 3582; x_wconf 87' lang='lat' dir='ltr'><strong>huius</strong></span> <span class='ocrx_word' id='word_1_252' title='bbox 936 3515 982 3580; x_wconf 91' lang='lat' dir='ltr'><strong>rei</strong></span> <span class='ocrx_word' id='word_1_253' title='bbox 998 3513 1110 3599; x_wconf 82' lang='lat' dir='ltr'><strong>gratia</strong></span> <span class='ocrx_word' id='word_1_254' title='bbox 1126 3509 1235 3578; x_wconf 88' lang='lat' dir='ltr'><strong>facere</strong></span> 
     </span>
    </p>
   </div>
   <div class='ocr_carea' id='block_1_4' title="bbox 101 3623 1283 4472">
    <p class='ocr_par' dir='ltr' id='par_1_4' title="bbox 101 3623 1283 4472">
     <span class='ocr_line' id='line_1_31' title="bbox 101 3623 1283 3709; baseline -0.008 -13"><span class='ocrx_word' id='word_1_255' title='bbox 101 3629 293 3696; x_wconf 85' lang='lat' dir='ltr'><strong>novitatem.</strong></span> <span class='ocrx_word' id='word_1_256' title='bbox 310 3623 377 3692; x_wconf 84' lang='lat' dir='ltr'><strong>Sed</strong></span> <span class='ocrx_word' id='word_1_257' title='bbox 403 3627 431 3692; x_wconf 89' lang='lat' dir='ltr'><strong>si</strong></span> <span class='ocrx_word' id='word_1_258' title='bbox 457 3626 580 3709; x_wconf 87' lang='lat' dir='ltr'><strong>putatis</strong></span> <span class='ocrx_word' id='word_1_259' title='bbox 606 3623 712 3709; x_wconf 89' lang='lat' dir='ltr'><strong>ipsum</strong></span> <span class='ocrx_word' id='word_1_260' title='bbox 738 3625 901 3692; x_wconf 89' lang='lat' dir='ltr'><strong>Milanum</strong></span> <span class='ocrx_word' id='word_1_261' title='bbox 917 3626 951 3689; x_wconf 89' lang='lat' dir='ltr'><strong>in</strong></span> <span class='ocrx_word' id='word_1_262' title='bbox 967 3629 1081 3689; x_wconf 89' lang='lat' dir='ltr'><strong>nostro</strong></span> <span class='ocrx_word' id='word_1_263' title='bbox 1101 3623 1235 3688; x_wconf 91' lang='lat' dir='ltr'><strong>territo·</strong></span> <span class='ocrx_word' id='word_1_264' title='bbox 1281 3693 1283 3700; x_wconf 55' lang='grc'>,</span> 
     </span>
     <span class='ocr_line' id='line_1_32' title="bbox 102 3731 1235 3824; baseline -0.009 -19"><span class='ocrx_word' id='word_1_265' title='bbox 102 3741 156 3805; x_wconf 87' lang='grc'><strong>110</strong></span> <span class='ocrx_word' id='word_1_266' title='bbox 184 3737 235 3803; x_wconf 91' lang='grc'><strong>101</strong></span> <span class='ocrx_word' id='word_1_267' title='bbox 260 3737 390 3803; x_wconf 84' lang='grc'>01111010</span> <span class='ocrx_word' id='word_1_268' title='bbox 426 3756 484 3820; x_wconf 86' lang='lat' dir='ltr'><strong>per</strong></span> <span class='ocrx_word' id='word_1_269' title='bbox 512 3755 556 3814; x_wconf 87' lang='lat' dir='ltr'><strong>se,</strong></span> <span class='ocrx_word' id='word_1_270' title='bbox 588 3733 642 3824; x_wconf 20' lang='lat' dir='ltr'><strong>,vel</strong></span> <span class='ocrx_word' id='word_1_271' title='bbox 673 3732 760 3817; x_wconf 90' lang='lat' dir='ltr'><strong>apud</strong></span> <span class='ocrx_word' id='word_1_272' title='bbox 792 3734 874 3799; x_wconf 91' lang='lat' dir='ltr'><strong>alios</strong></span> <span class='ocrx_word' id='word_1_273' title='bbox 907 3732 1030 3816; x_wconf 89' lang='lat' dir='ltr'><strong>aliquid</strong></span> <span class='ocrx_word' id='word_1_274' title='bbox 1060 3731 1235 3816; x_wconf 86' lang='lat' dir='ltr'><strong>possidere,</strong></span> 
     </span>
     <span class='ocr_line' id='line_1_33' title="bbox 101 3838 1236 3929; baseline -0.008 -17"><span class='ocrx_word' id='word_1_275' title='bbox 101 3853 250 3912; x_wconf 86' lang='lat' dir='ltr'><strong>vestrum</strong></span> <span class='ocrx_word' id='word_1_276' title='bbox 292 3850 537 3929; x_wconf 88' lang='lat' dir='ltr'><strong>procuratorem</strong></span> <span class='ocrx_word' id='word_1_277' title='bbox 578 3840 851 3907; x_wconf 89' lang='lat' dir='ltr'><strong>confidentissime</strong></span> <span class='ocrx_word' id='word_1_278' title='bbox 884 3840 1142 3921; x_wconf 82' lang='lat' dir='ltr'><strong>transmittatis3</strong></span> <span class='ocrx_word' id='word_1_279' title='bbox 1190 3838 1236 3903; x_wconf 86' lang='grc'><strong>10·</strong></span> 
     </span>
     <span class='ocr_line' id='line_1_34' title="bbox 102 3945 1235 4035; baseline -0.01 -14"><span class='ocrx_word' id='word_1_280' title='bbox 102 3957 227 4022; x_wconf 83' lang='grc'>01011111</span> <span class='ocrx_word' id='word_1_281' title='bbox 252 3955 338 4018; x_wconf 89' lang='lat' dir='ltr'><strong>enim</strong></span> <span class='ocrx_word' id='word_1_282' title='bbox 365 3952 424 4018; x_wconf 92' lang='lat' dir='ltr'><strong>sibi</strong></span> <span class='ocrx_word' id='word_1_283' title='bbox 451 3958 519 4016; x_wconf 89' lang='lat' dir='ltr'><strong>tam</strong></span> <span class='ocrx_word' id='word_1_284' title='bbox 545 3949 729 4035; x_wconf 85' lang='lat' dir='ltr'><strong>expeditam</strong></span> <span class='ocrx_word' id='word_1_285' title='bbox 750 3951 920 4034; x_wconf 88' lang='lat' dir='ltr'><strong>justiciam</strong></span> <span class='ocrx_word' id='word_1_286' title='bbox 940 3948 1100 4033; x_wconf 88' lang='lat' dir='ltr'><strong>liquidato</strong></span> <span class='ocrx_word' id='word_1_287' title='bbox 1125 3945 1235 4012; x_wconf 89' lang='lat' dir='ltr'><strong>debito</strong></span> 
     </span>
     <span class='ocr_line' id='line_1_35' title="bbox 102 4053 1236 4154; baseline -0.011 -24"><span class='ocrx_word' id='word_1_288' title='bbox 102 4063 295 4143; x_wconf 87' lang='lat' dir='ltr'><strong>ministrari,</strong></span> <span class='ocrx_word' id='word_1_289' title='bbox 320 4061 408 4145; x_wconf 90' lang='lat' dir='ltr'><strong>quod</strong></span> <span class='ocrx_word' id='word_1_290' title='bbox 433 4081 487 4125; x_wconf 88' lang='lat' dir='ltr'><strong>vos</strong></span> <span class='ocrx_word' id='word_1_291' title='bbox 513 4061 575 4143; x_wconf 89' lang='lat' dir='ltr'><strong>ipsi</strong></span> <span class='ocrx_word' id='word_1_292' title='bbox 600 4060 843 4144; x_wconf 87' lang='lat' dir='ltr'><strong>promptiorem,</strong></span> <span class='ocrx_word' id='word_1_293' title='bbox 869 4078 928 4123; x_wconf 91' lang='lat' dir='ltr'><strong>nec</strong></span> <span class='ocrx_word' id='word_1_294' title='bbox 944 4057 1101 4122; x_wconf 89' lang='lat' dir='ltr'><strong>vobismet</strong></span> <span class='ocrx_word' id='word_1_295' title='bbox 1116 4053 1236 4154; x_wconf 60' lang='lat' dir='ltr'><strong>facere,</strong></span> 
     </span>
     <span class='ocr_line' id='line_1_36' title="bbox 103 4163 1236 4253; baseline -0.011 -14"><span class='ocrx_word' id='word_1_296' title='bbox 103 4193 166 4239; x_wconf 88' lang='lat' dir='ltr'><strong>neo</strong></span> <span class='ocrx_word' id='word_1_297' title='bbox 177 4194 196 4238; x_wconf 90' lang='lat' dir='ltr'><strong>a</strong></span> <span class='ocrx_word' id='word_1_298' title='bbox 207 4171 300 4237; x_wconf 91' lang='lat' dir='ltr'><strong>nobis</strong></span> <span class='ocrx_word' id='word_1_299' title='bbox 311 4171 543 4253; x_wconf 86' lang='lat' dir='ltr'><strong>expeditiorem</strong></span> <span class='ocrx_word' id='word_1_300' title='bbox 555 4175 664 4252; x_wconf 89' lang='lat' dir='ltr'><strong>petere</strong></span> <span class='ocrx_word' id='word_1_301' title='bbox 681 4167 840 4234; x_wconf 88' lang='lat' dir='ltr'><strong>valeretis.</strong></span> <span class='ocrx_word' id='word_1_302' title='bbox 857 4165 1062 4232; x_wconf 87' lang='lat' dir='ltr'><strong>Intendimus</strong></span> <span class='ocrx_word' id='word_1_303' title='bbox 1079 4163 1163 4228; x_wconf 91' lang='lat' dir='ltr'><strong>enim</strong></span> <span class='ocrx_word' id='word_1_304' title='bbox 1180 4184 1236 4228; x_wconf 90' lang='lat' dir='ltr'><strong>vos</strong></span> 
     </span>
     <span class='ocr_line' id='line_1_37' title="bbox 103 4272 1237 4366; baseline -0.012 -18"><span class='ocrx_word' id='word_1_305' title='bbox 103 4286 223 4366; x_wconf 90' lang='lat' dir='ltr'><strong>utpote</strong></span> <span class='ocrx_word' id='word_1_306' title='bbox 248 4299 339 4344; x_wconf 87' lang='lat' dir='ltr'><strong>veros</strong></span> <span class='ocrx_word' id='word_1_307' title='bbox 356 4279 486 4359; x_wconf 82' lang='lat' dir='ltr'><strong>amieos,</strong></span> <span class='ocrx_word' id='word_1_308' title='bbox 502 4283 535 4341; x_wconf 91' lang='grc'><strong>01</strong></span> <span class='ocrx_word' id='word_1_309' title='bbox 551 4277 750 4359; x_wconf 84' lang='lat' dir='ltr'><strong>singularem</strong></span> <span class='ocrx_word' id='word_1_310' title='bbox 776 4275 920 4341; x_wconf 82' lang='lat' dir='ltr'><strong>favorem</strong></span> <span class='ocrx_word' id='word_1_311' title='bbox 945 4279 1132 4339; x_wconf 90' lang='lat' dir='ltr'><strong>nostrorum</strong></span> <span class='ocrx_word' id='word_1_312' title='bbox 1163 4272 1237 4337; x_wconf 90' lang='lat' dir='ltr'><strong>civi·</strong></span> 
     </span>
     <span class='ocr_line' id='line_1_38' title="bbox 104 4379 1238 4472; baseline -0.01 -15"><span class='ocrx_word' id='word_1_313' title='bbox 104 4413 172 4472; x_wconf 89' lang='lat' dir='ltr'><strong>um,</strong></span> <span class='ocrx_word' id='word_1_314' title='bbox 190 4389 283 4454; x_wconf 92' lang='lat' dir='ltr'><strong>nobis</strong></span> <span class='ocrx_word' id='word_1_315' title='bbox 300 4393 376 4454; x_wconf 87' lang='lat' dir='ltr'><strong>ante</strong></span> <span class='ocrx_word' id='word_1_316' title='bbox 394 4392 525 4452; x_wconf 89' lang='lat' dir='ltr'><strong>cunctos</strong></span> <span class='ocrx_word' id='word_1_317' title='bbox 541 4386 629 4452; x_wconf 91' lang='lat' dir='ltr'><strong>illius</strong></span> <span class='ocrx_word' id='word_1_318' title='bbox 656 4383 763 4467; x_wconf 84' lang='lat' dir='ltr'><strong>Regni</strong></span> <span class='ocrx_word' id='word_1_319' title='bbox 781 4403 927 4468; x_wconf 87' lang='lat' dir='ltr'><strong>proceres</strong></span> <span class='ocrx_word' id='word_1_320' title='bbox 944 4401 1145 4447; x_wconf 88' lang='lat' dir='ltr'><strong>conservare.</strong></span> <span class='ocrx_word' id='word_1_321' title='bbox 1171 4379 1238 4446; x_wconf 77' lang='lat' dir='ltr'><strong>Da·</strong></span> 
     </span>
    </p>
   </div>
   <div class='ocr_carea' id='block_1_5' title="bbox 0 0 1626 5250">
    <p class='ocr_par' dir='ltr' id='par_1_5' title="bbox 0 0 1626 5250">
     <span class='ocr_line' id='line_1_39' title="bbox 0 0 1626 5250; baseline 0 0"><span class='ocrx_word' id='word_1_322' title='bbox 0 0 1626 5250; x_wconf 95' lang='lat' dir='ltr'><strong> </strong></span> 
     </span>
    </p>
   </div>
  </div>
 </body>
</html>
