3248 5242
383 323 446 386 758
735 335 970 379 orenorrnozrnr
987 320 1155 378 sunteas.

378 501 565 582 presentem
581 494 777 562 Ambasiata
795 495 896 578 ipsios
921 493 1023 575 Regis
1050 491 1179 557 minime
1208 492 1424 574 comparebat,
1443 493 1501 575 ipse

382 606 470 670 venit
486 604 528 668 ed
545 611 690 669 nostram
706 601 905 687 presentiam
922 622 1088 684 exponens
1113 599 1328 663 intentionem
1345 599 1503 664 Excellen-

381 713 426 777 tie
443 709 563 778 Vestro
590 732 630 775 ac
654 710 839 777 Illustrium
865 710 1072 774 dominorum
1098 705 1344 772 Aureliensium
1371 713 1403 772 et
1427 709 1504 772 Lan-

383 819 527 889 cbastric
542 817 673 884 Ducum
690 817 733 882 ad
750 817 840 901 pium
857 837 937 900 opus
954 821 987 881 et
1004 816 1191 900 passagium
1217 815 1426 880 antedictum.
1442 813 1504 880 Nos

381 933 494 994 autem
510 923 668 991 babentes
685 925 776 990 iuxta
789 925 1039 1008 progenitorum
1065 930 1250 988 nostrorum
1276 929 1424 987 naturam
1450 925 1505 988 sin·

381 1055 489 1099 ceram
521 1031 768 1116 dispositionem
801 1033 844 1098 ad
870 1033 1147 1097 conservationem
1174 1030 1250 1096 fidei
1276 1031 1455 1112 antedicte3
1477 1039 1505 1096 et

379 1139 633 1220 considerantes,
650 1147 773 1224 quanta
788 1141 875 1205 bona
892 1162 932 1205 ex
948 1139 1011 1206 boc
1028 1141 1118 1224 sequi
1129 1147 1269 1223 possent,
1285 1139 1311 1203 si
1339 1141 1503 1204 sortiretur

380 1248 538 1328 effectum,
564 1249 726 1314 suasimus
751 1250 831 1314 satis
847 1249 910 1332 ipsi
936 1250 1068 1314 domino
1091 1247 1329 1330 Marescbalco,
1356 1249 1441 1330 quod
1457 1251 1505 1315 ad·

381 1357 445 1422 buc
460 1360 635 1440 expectare
652 1354 786 1420 deberet
802 1379 860 1440 per
877 1356 1005 1440 aliquos
1022 1355 1100 1434 dies,
1125 1362 1161 1420 ut
1186 1355 1301 1420 audita
1317 1354 1506 1422 Ambasieta

381 1464 461 1529 dicti
477 1464 598 1531 domini
615 1464 717 1548 Regis
734 1465 904 1548 Hungarie
921 1487 994 1530 cum
1005 1470 1114 1530 vestra
1125 1473 1157 1528 et
1168 1463 1306 1529 aliorum
1325 1465 1506 1548 Principum

383 1572 612 1654 predictorum,
640 1593 806 1654 possemus
831 1595 903 1638 orrnr
931 1572 1045 1638 maiori
1072 1578 1105 1635 ct
1130 1572 1255 1636 meliori
1282 1571 1506 1637 deliberatione

386 1677 552 1762 requisitis
568 1678 716 1743 omnibns
733 1680 935 1762 respondere.
953 1677 1017 1763 Qui
1037 1685 1204 1762 tamquam
1229 1686 1382 1762 prompte
1407 1680 1504 1762 dispo·-

383 1786 465 1850 situs
481 1785 525 1850 ad
541 1807 623 1869 opus
640 1787 728 1870 pium
753 1786 934 1869 predictum
952 1787 1042 1852 etad
1063 1785 1262 1850 Excellentie
1278 1784 1398 1852 Vestra
1415 1787 1506 1851 bono-

385 1913 454 1956 rem
471 1891 631 1975 requievit
649 1893 914 1976 persuasionibus
931 1897 1059 1974 nostris,
1076 1893 1161 1976 quod
1178 1896 1211 1958 iu
1236 1917 1327 1958 suam
1354 1898 1505 1961 excusati·

384 2019 479 2062 onem
495 1999 580 2065 dicte
597 1997 714 2066 Vestro
731 2001 933 2068 Excellentie
950 2002 1094 2068 volumus
1111 2023 1169 2086 per
1180 2002 1238 2066 bas
1255 2002 1367 2068 literas
1385 2009 1506 2068 nostras

382 2096 492 2172 facere
508 2107 724 2173 manifestum.

384 2251 420 2312 (A
435 2252 562 2302 »Secreta
576 2253 691 2304 Consilii
705 2255 892 2319 Rogatoruur«
908 2257 997 2305 czimti
1014 2256 1152 2306 velenczei
1176 2256 1398 2307 allamatrts'rkbdl
1411 2258 1442 2307 R.
1455 2258 1506 2305 rot.

869 2351 927 2396 103.
947 2362 983 2396 sz.
998 2347 1034 2408 a.)

914 2672 989 2732 476.

387 2827 502 2892 Mdric
527 2851 667 2914 mappas·
701 2829 922 2914 kirailyne'nek
948 2833 980 2894 e's
1006 2833 1182 2916 Zsignrond
1214 2833 1394 2920 kiro'tyno-lc
1419 2857 1440 2896 a
1462 2833 1511 2913 tlo-

725 2939 831 3002 renczi
848 2939 1066 3024 lctiztciraasa'g·
1087 2942 1182 3003 1395.

603 3095 687 3179 Regi
703 3096 884 3180 Huugarie.

499 3202 712 3268 Sereuissime
729 3204 888 3289 Princeps
914 3213 947 3271 et
972 3207 1110 3272 Domine
1126 3206 1400 3272 metuendissiure.
1417 3210 1514 3274 Fran-

1604 521 1609 574 l

1607 587 1609 612 r

391 3312 496 3376 ciscos
512 3309 674 3395 Foderigi,
691 3312 873 3380 Nicbolaus
900 3314 940 3380 de
968 3315 1083 3380 Uzano
1101 3322 1133 3379 et
1148 3313 1322 3382 Johannes
1339 3317 1514 3402 Tommesij
1610 3375 1612 3394 ,

390 3420 599 3486 honorabiles
616 3428 813 3488 mercatores
840 3431 873 3488 et
898 3424 1099 3490 dilectissimi
1119 3425 1222 3489 nostri
1239 3425 1334 3505 cives,
1351 3449 1425 3494 suas
1441 3449 1516 3492 mer·

389 3527 514 3592 centias
540 3534 573 3593 et
597 3531 752 3612 pecunias
778 3531 987 3597 crediderunt
1012 3531 1203 3615 Augustino
1229 3532 1371 3618 Marueij
1390 3534 1430 3600 de
1445 3535 1517 3600 Flo·

387 3635 504 3718 rentia,
521 3657 601 3718 quas
618 3637 752 3704 deberet
778 3641 923 3723 ipsorum
940 3641 1077 3719 nomine,
1094 3641 1153 3705 sub
1171 3642 1268 3706 certis
1283 3639 1517 3708 conditionibus

389 3763 548 3826 exercere,
573 3744 670 3809 etde
696 3747 784 3828 ipsis,
811 3746 989 3812 secundum
1016 3755 1232 3813 mercatorum
1248 3750 1518 3830 consuet-udinem,

387 3848 505 3914 bonam
514 3849 651 3933 prelatis
662 3852 783 3917 nostris
794 3854 918 3918 civibus
928 3855 1069 3920 reddere
1080 3857 1249 3921 rationem.
1260 3856 1403 3924 Videtur
1414 3867 1518 3924 autern
1611 3891 1612 3900 ¹

389 3956 475 4021 idem
494 3955 698 4040 Augustinus
715 3961 755 4025 de
773 3961 870 4027 rebus
887 3963 1065 4029 antedictis
1076 3961 1173 4029 Ourie
1187 3964 1304 4030 Vestre
1319 3972 1354 4031 et
1368 3967 1512 4049 pluribus
1610 3971 1612 4024 ἶ

387 4065 503 4128 vestris
519 4065 724 4150 Proceribus,
750 4067 925 4135 Nobilibus
951 4078 984 4135 ot
1008 4067 1214 4137 Officialibus
1230 4073 1345 4156 Regiis
1371 4095 1392 4139 a
1418 4081 1514 4140 semet

391 4171 462 4254 ipso
478 4172 655 4238 tradidisse
672 4196 737 4239 non
753 4177 914 4243 modicam
941 4181 1170 4260 quantitatem.
1200 4181 1250 4244 Ex
1269 4201 1426 4263 quocum
1445 4203 1517 4247 noo-

391 4278 469 4344 dum
495 4278 600 4345 eidem
625 4282 813 4367 Augustino
839 4286 1041 4352 satisfactum
1067 4289 1120 4370 sit,
1144 4311 1209 4353 non
1234 4295 1344 4372 potest
1364 4291 1515 4375 predictis

386 4387 460 4450 suis
476 4386 627 4454 Dominis
644 4391 848 4474 respondere.
866 4391 969 4457 Cuius
980 4395 1026 4457 rei
1038 4397 1149 4478 gratia
1164 4397 1377 4462 decreverunt
1390 4398 1433 4464 ad
1449 4397 1516 4462 illas
1611 4435 1612 4476 ,

391 4501 502 4574 partes
520 4494 699 4564 Antonium
717 4499 869 4566 Nielrolei
888 4501 1306 4585 Mecigni,etDominicum
1323 4507 1403 4571 dieti
1419 4506 1514 4571 Fran·
1610 4509 1612 4574 i
