3226 5254
797 399 1031 445 circonsczrm
1048 388 1216 447 nandans.

976 688 1046 749 180.

447 847 590 913 Visconti
606 848 784 912 Barnabas
800 847 1180 934 orilanoifejedelemnela
1197 872 1217 912 a
1226 849 1382 935 florencaa'
1407 849 1545 911 bllztdrao-

917 962 983 1042 sap.
1011 959 1104 1021 1380.

657 1115 800 1182 Domino
820 1115 1019 1182 Bernaboni.

551 1224 727 1309 Magnifice
743 1232 776 1290 et
791 1225 919 1289 excelse
936 1222 1085 1306 Domine,
1101 1223 1205 1290 irater
1221 1233 1254 1290 et
1269 1227 1371 1292 amice
1392 1224 1546 1291 karissime.

440 1330 630 1417 Hucusque,
646 1335 723 1416 quia
740 1333 842 1398 multa
867 1353 926 1415 per
951 1334 1070 1397 multos
1091 1333 1190 1397 variis
1206 1331 1375 1400 affectibus
1392 1333 1547 1399 narraban-

439 1445 503 1520 tnr,
519 1463 582 1505 non
597 1442 759 1525 potuimus
775 1442 815 1507 de
831 1439 1042 1525 llngarorum
1067 1441 1209 1506 consiliis
1233 1448 1356 1507 certum
1373 1441 1491 1527 aliquid
1505 1462 1547 1504 ex·

440 1548 582 1614 haurire.
600 1550 785 1617 Videbatur
810 1551 896 1614 enim
921 1549 995 1614 illos
1022 1547 1232 1615 Clarissimus
1248 1549 1407 1634 Princeps
1422 1550 1548 1615 dominns

441 1657 586 1723 Karolus
602 1657 642 1723 de
658 1657 823 1742 Dyraohio
841 1656 883 1722 ad
900 1679 959 1722 sua
974 1664 1006 1720 et
1022 1656 1145 1723 Summi
1161 1657 1332 1723 Pontificis
1342 1660 1474 1724 servicia
1488 1679 1548 1722 oon-

441 1764 607 1831 ducturus.
625 1768 677 1832 Ex
693 1766 759 1832 alia
775 1773 871 1850 parte
887 1765 1036 1831 dominus
1062 1765 1240 1831 Baldassar
1257 1767 1297 1831 de
1314 1765 1457 1850 Spinolis
1478 1768 1550 1849 ipsos

441 1872 619 1938 transferre
645 1873 686 1939 ad
712 1874 832 1943 Vestre
859 1873 1054 1940 Serenitatis
1071 1871 1197 1955 damna,
1214 1879 1247 1938 et
1264 1874 1307 1937 ad
1322 1873 1451 1940 favores
1464 1872 1486 1938 J
1489 1894 1551 1938 anu·

440 1983 563 2047 ensium
580 1981 772 2047 conabatur.
798 1979 917 2065 Sicque
944 1981 1079 2048 dubium
1106 1985 1186 2058 erat,
1207 2001 1271 2064 quo
1288 2003 1321 2046 se
1338 1981 1467 2046 deberet
1483 1981 1551 2062 ipso·

440 2113 511 2156 rum
528 2090 722 2155 deliberatio
738 2088 943 2154 verisimilius
953 2086 1117 2169 inclinare,
1133 2094 1165 2152 et
1181 2087 1222 2153 ob
1239 2087 1273 2152 id
1288 2085 1414 2156 Vestra
1429 2089 1551 2155 Dilectio

439 2221 503 2265 non
520 2201 667 2281 miretur,
692 2201 719 2266 si
744 2198 825 2263 nihil
850 2198 1007 2264 hactenus
1032 2218 1128 2280 super
1152 2197 1213 2262 liae
1237 2199 1379 2262 materia
1399 2196 1493 2262 suerit
1506 2216 1551 2279 per

439 2305 616 2372 Commune
642 2314 789 2373 nostrum
814 2312 871 2372 aut
895 2328 954 2391 per
980 2328 1037 2371 nos
1062 2304 1180 2372 Vestro
1207 2304 1431 2388 Magnitudini
1447 2305 1548 2372 littoris

438 2415 633 2480 intimatum.
658 2413 756 2480 Nunc
781 2422 898 2495 autem,
926 2414 1004 2496 quia
1029 2413 1161 2478 tandem
1181 2415 1321 2494 emersit,
1338 2415 1426 2498 quod
1442 2411 1549 2479 tamdiu

440 2521 499 2586 sub
510 2524 605 2604 aquis
616 2523 831 2588 occultissime
842 2529 970 2606 gestum
988 2529 1045 2602 est,
1060 2521 1319 2587 Fraternitatenr
1340 2520 1491 2590 Vestram
1506 2519 1550 2584 du-

437 2632 542 2695 ximus
568 2637 679 2695 tenore
708 2631 905 2715 presentium
940 2630 1180 2712 declarandam,
1209 2630 1375 2696 dominum
1407 2630 1548 2696 Karolnm

439 2739 638 2804 antedictum
672 2760 745 2804 oum
770 2739 836 2804 suis
872 2737 1022 2822 gentibus
1057 2737 1182 2804 Italicis
1208 2745 1241 2802 et
1266 2737 1494 2804 Tbeuthonicis
1516 2733 1548 2799 ab

438 2845 580 2928 llngaris
596 2847 787 2928 discessisse,
813 2853 846 2912 et
871 2847 931 2912 hac
951 2846 1002 2910 dic
1020 2867 1147 2910 omnem
1174 2844 1419 2912 Pannoniorum
1446 2842 1548 2910 exerci-

435 2960 506 3037 tum
522 2976 579 3037 per
597 2961 710 3020 nostra
725 2955 893 3020 territoria
918 2975 1056 3037 pergere
1073 2974 1184 3018 versus
1200 2953 1303 3034 Pisas
1324 2961 1361 3018 ut
1378 2955 1488 3020 exinde
1501 2951 1548 3017 Ja-
1598 3025 1599 3028 Ἴ

439 3084 535 3126 nuam
552 3064 682 3127 veniens
699 3063 740 3127 ad
758 3069 938 3127 vestrarum
954 3068 1116 3127 terrarum
1127 3061 1342 3144 offensionem,
1359 3064 1443 3129 siout
1458 3079 1548 3146 pere-e·

437 3171 550 3254 pimus,
567 3177 783 3236 convertatur.
802 3169 941 3254 Insuper
959 3170 1099 3254 quedam
1116 3177 1229 3256 gentes
1246 3193 1285 3236 ex
1303 3172 1431 3252 nostris,
1447 3191 1503 3254 que
1517 3167 1548 3230 de

436 3279 577 3360 presenti
595 3285 670 3343 sunt
685 3299 815 3344 suarum
832 3279 1082 3344 conductionum
1100 3286 1248 3362 tempora
1264 3280 1471 3363 completura,
1486 3295 1547 3358 que·

437 3408 509 3450 rere
526 3386 684 3470 vident-ur,
708 3395 745 3452 ut
769 3409 840 3452 cum
858 3389 926 3451 istis
952 3388 1103 3471 gentibus
1120 3388 1162 3453 ed
1179 3388 1290 3454 eadem
1308 3387 1483 3470 profecturi
1495 3403 1548 3447 ser·

436 3496 519 3558 vicia
535 3496 783 3579 coniungantur.
801 3493 898 3578 Quod
915 3500 1041 3560 tantum
1058 3495 1173 3574 adhuc,
1188 3495 1272 3560 sieut
1283 3495 1488 3580 Ungarorum
1502 3487 1548 3555 ad·

437 3609 574 3681 ventum,
600 3625 665 3667 non
690 3623 860 3686 possumus
885 3603 1067 3668 adfirmare.
1092 3603 1166 3666 Hec
1181 3602 1339 3668 habemus
1356 3603 1396 3668 de
1412 3597 1547 3686 prooessi-

438 3709 499 3774 bus
526 3711 670 3794 gentium
695 3710 925 3795 predictarum,
951 3733 1013 3794 que
1038 3711 1129 3777 vobis
1153 3719 1191 3776 ut
1215 3712 1393 3777 amicorum
1414 3709 1547 3795 precipuo

438 3816 578 3882 fideliter
593 3819 790 3902 intimamus,
814 3819 970 3904 quicquid
986 3819 1123 3884 ulterius
1139 3819 1363 3903 percipiemus,
1389 3817 1494 3884 eadem
1509 3811 1546 3876 di·

434 3925 571 4009 ligentia
586 3928 785 4010 rescripturi.
802 3925 892 3992 Data
909 3928 1077 3992 Florentia
1093 3928 1146 3993 die
1163 3925 1284 3993 VIIII.
1311 3927 1461 3995 Octobris
1476 3919 1547 3988 IIII.

435 4034 610 4099 indictione
630 4033 906 4101 MCOOLXXX.

435 4181 559 4240 (Eredeti
572 4180 786 4245 rogarrnazvany
800 4197 817 4231 a
833 4182 969 4246 »Siguori,
983 4183 1130 4247 Carteggie
1144 4183 1274 4232 Missive«
1299 4186 1351 4234 stb.
1365 4184 1469 4246 oszts'rly
1482 4175 1546 4229 XIX·

614 4272 766 4336 rotegeben
783 4277 823 4321 58.
838 4288 874 4323 sn.
890 4287 922 4338 a,
936 4289 953 4322 a
966 4274 1096 4322 floreuczi
1110 4289 1182 4339 nagy
1197 4274 1390 4334 levdltarban.)

1006 4435 1035 4440 --.-
1044 4433 1078 4440 -—
