3134 5254
391 413 454 471 2th
744 427 976 472 orrnouscznu
998 411 1166 470 inminuit.

390 586 540 668 Regium,
557 593 588 650 et
605 586 691 669 quod
708 585 778 652 Vos
795 587 916 670 optime
933 587 1115 651 inueniebat
1125 585 1301 676 dispositos
1311 584 1352 648 ad
1363 584 1493 647 honorem

391 693 516 780 domini
532 693 643 778 Regis.
660 694 783 760 Nostro
799 717 893 779 posse
910 716 1007 778 quam
1031 695 1126 759 citius
1144 694 1322 778 poterimus
1338 691 1495 775 procurabi-

390 823 461 867 mus
478 822 547 867 esse
564 802 607 866 ad
623 803 821 884 presentiam
839 803 941 886 ipsius
967 803 1088 866 domini
1112 799 1231 866 Karoli
1256 807 1290 865 et
1307 800 1434 865 aliorum
1446 798 1495 863 Ba-

389 888 515 994 rorium,
541 917 573 975 et
599 931 671 974 curn
697 911 744 974 eis
771 917 917 976 tractare
935 910 1090 992 quicquid
1107 909 1182 976 boui
1199 909 1375 992 poterimus
1391 907 1496 989 proho-

391 1040 470 1084 nore
487 1025 606 1096 vestro,
633 1026 666 1084 et
690 1019 797 1084 omnia
816 1021 928 1083 statim
948 1040 1009 1102 que
1025 1005 1216 1083 habebimus
1232 1017 1353 1084 Vestro
1368 1013 1496 1081 Dominio

390 1126 577 1192 curabimus
594 1126 756 1192 denotare.
785 1125 879 1190 Dixit
895 1128 992 1191 etiam
1010 1127 1161 1192 dominus
1178 1124 1335 1206 Karolus,
1351 1124 1428 1206 quod
1442 1122 1496 1186 heri

394 1257 490 1299 mane
517 1236 650 1300 miserat
670 1235 795 1318 copiam
821 1235 919 1298 vestri
946 1235 1123 1298 sindicatus
1151 1233 1374 1300 Jouuensibus
1397 1238 1424 1296 et
1446 1229 1497 1293 Do·

393 1343 481 1407 mino
507 1340 629 1408 Padue.
660 1343 750 1408 Data
776 1343 918 1424 Turrisij
946 1341 997 1407 die
1023 1340 1189 1408 XXIIII.
1217 1340 1414 1426 Septembris
1433 1339 1498 1403 hora

391 1450 500 1534 prima
517 1449 590 1514 diei.

530 1645 587 1731 33)
612 1645 646 1711 A
668 1646 899 1712 velenczei
923 1645 1121 1732 dogenek
1146 1669 1166 1712 a
1189 1647 1387 1712 kdvetelr.

500 1763 713 1838 Serenissime
729 1771 878 1838 Domine.
890 1772 1028 1837 Excelse
1038 1770 1158 1836 Ducali
1169 1769 1394 1837 Dominationi
1404 1770 1499 1836 Vestro

392 1885 504 1946 notum
520 1881 656 1946 facimus
675 1902 733 1964 per
749 1887 926 1964 presentes,
942 1879 1028 1963 quod
1045 1884 1180 1962 propter
1195 1878 1295 1944 rerba
1311 1880 1401 1945 nobis
1416 1878 1500 1944 relata

393 2010 452 2072 per
469 1988 694 2054 Reverendum
712 1989 848 2054 Patrem
875 1988 1040 2053 domiuum
1066 1985 1265 2052 Gener-alem
1291 2010 1351 2072 pro
1368 1995 1452 2073 parte
1464 1985 1499 2050 Il·

393 2097 579 2162 lustrissimi
597 2098 720 2162 domini
731 2096 857 2180 Karoli‚
874 2097 957 2161 sicut
968 2096 1155 2178 scripsimus
1165 2094 1392 2161 Dominatioui
1402 2095 1499 2161 Vestia

393 2226 451 2289 per
466 2205 592 2271 litteras
608 2205 703 2270 datas
720 2205 774 2269 die
791 2205 945 2269 XXIIII
960 2205 1056 2288 hujus
1082 2204 1210 2284 mensis
1226 2204 1370 2270 uolentes
1395 2203 1499 2269 solicite
1554 2279 1555 2286 ἵ

396 2333 570 2395 procurare
606 2334 676 2378 esse
702 2313 744 2378 ad
769 2314 968 2396 presentiam
994 2311 1131 2396 predicti
1158 2311 1278 2377 domini
1305 2309 1501 2394 Ka1·oli‚hcri
1553 2325 1555 2390 g

397 2443 455 2504 per
473 2425 603 2486 nostras
619 2419 747 2485 litteras
774 2420 963 2504 scripsimus
979 2419 1090 2500 eidem,
1108 2419 1250 2502 qualiter·
1266 2420 1373 2503 parati
1396 2437 1501 2483 eramus
1553 2475 1554 2478 ,

394 2529 442 2594 ire
458 2525 499 2592 ad
517 2529 714 2612 presentiam
739 2550 839 2608 suam,
866 2528 1126 2612 quandocunque
1153 2528 1358 2593 Excellentie
1375 2527 1433 2594 Sue
1446 2524 1500 2609 pla
1553 2525 1555 2588 j

395 2643 501 2701 caret:
518 2657 557 2700 ex
573 2657 636 2721 quo
663 2634 758 2702 hodie
784 2659 908 2704 summo
935 2658 1029 2700 manc
1055 2636 1145 2701 misit
1170 2659 1230 2720 pro
1257 2636 1350 2702 nobis
1374 2642 1501 2701 scortum·

394 2742 491 2809 Unde
508 2746 622 2809 statim
638 2747 854 2829 equitavimus
872 2746 914 2810 ad
927 2767 1086 2829 campum,
1112 2744 1208 2809 simul
1225 2767 1296 2810 com
1315 2745 1437 2810 domino
1452 2740 1501 2805 Ge·

395 2852 507 2917 uerali.
524 2853 569 2918 Et
587 2851 662 2917 dum
679 2873 820 2918 essemus
836 2852 878 2917 ad
909 2874 1067 2935 eampum,
1083 2860 1115 2918 at
1140 2851 1329 2918 fecissemus
1354 2851 1500 2918 notificare

394 2958 434 3023 de
449 2961 589 3026 adventu
605 2969 714 3026 nostro
731 2961 876 3046 predicto
887 2960 1018 3026 domino
1028 2961 1165 3044 Karolo,
1176 2963 1245 3045 ipse
1262 2969 1339 3027 ante
1350 2959 1501 3045 prandium

383 3068 483 3133 misit
497 3091 557 3152 pro
583 3070 695 3148 nobis;
713 3075 746 3134 et
772 3077 884 3134 euntes
910 3069 952 3134 ad
979 3072 1188 3154 temptorium
1215 3093 1320 3154 suum,
1344 3070 1502 3136 invenimus

394 3176 500 3257 ipsum
518 3175 681 3240 dominum
699 3176 870 3260 Karolum‚
888 3177 1046 3260 Magnum
1072 3175 1234 3243 Comitem
1252 3179 1444 3259 Palatinum,
1460 3173 1502 3238 do

395 3285 515 3347 minum
532 3283 745 3350 Benedictum
762 3286 900 3366 Danum,
912 3284 1076 3351 dominum
1092 3287 1297 3372 Episcopum
1313 3287 1501 3360 laudensem,

395 3390 560 3456 dominum
585 3389 709 3474 Aelius,
735 3397 766 3456 et
796 3392 960 3458 domiuum
978 3393 1143 3460 Zauotum
1169 3395 1208 3460 de
1234 3393 1393 3479 Neapoli3
1415 3401 1444 3457 et
1466 3387 1501 3452 ibi

398 3503 493 3572 crant
511 3497 643 3579 quidam
661 3500 850 3581 Propositus
867 3497 1033 3584 Vagarus,
1054 3502 1109 3584 qui
1125 3524 1230 3586 nuper
1246 3510 1382 3569 uenerat
1396 3501 1503 3582 dapar

395 3604 481 3670 tibus
501 3603 648 3687 Vngarie
665 3629 735 3671 cum
755 3607 883 3672 domino
900 3609 1064 3694 Episcopo
1081 3608 1503 3694 Quinque-Ecclesiamm,et

395 3735 459 3777 non
477 3711 577 3794 alius;
603 3715 688 3798 quia,
708 3723 804 3799 prout
830 3717 1024 3800 sentivimus
1041 3725 1073 3783 et
1090 3719 1176 3784 sicut
1201 3719 1339 3786 inferius
1365 3714 1503 3792 videbitis,

397 3820 503 3885 dictus
519 3821 667 3886 domiuus
678 3823 869 3906 Episcopus,
880 3825 1028 3890 dominus
1043 3826 1068 3890 J
1069 3827 1189 3891 acobus
1204 3826 1357 3908 Ispauus,
1373 3836 1404 3892 et
1419 3823 1503 3890 domi-

395 3948 455 3992 nus
472 3928 584 3993 Zuder
601 3929 720 3994 Petrus
738 3933 863 3996 iverant
884 3932 1042 3998 Paduam.
1061 3933 1106 3998 Et
1131 3934 1209 3998 dum
1235 3956 1378 4002 essemus
1394 3935 1431 4001 ad
1445 3952 1502 4016 pre·

396 4035 530 4100 sentiam
549 4035 768 4116 predictorum
786 4039 906 4103 domini
924 4040 1043 4105 Karoli
1061 4049 1093 4105 et
1120 4041 1258 4108 aliorum
1274 4043 1444 4122 Beronum,
1458 4059 1504 4124 per

396 4140 559 4206 domiuum
571 4143 769 4226 Episcopum
780 4147 806 4212 J
807 4148 986 4212 auriensem
999 4148 1093 4214 nobis
1103 4148 1225 4217 dictum
1242 4151 1305 4217 luit
1316 4153 1355 4217 de
1372 4148 1505 4217 mandato

396 4247 517 4314 domini
535 4251 664 4331 Karoli‚
682 4252 825 4336 qualiter
840 4256 990 4321 domiuus
1015 4257 1118 4323 Pater
1150 4257 1324 4328 Generalis
1349 4260 1447 4326 fuerat
1470 4251 1504 4319 ad

397 4358 589 4436 presentiam
605 4361 736 4426 Domini
755 4365 803 4427 sui
820 4364 941 4429 domini
953 4364 1082 4449 Karoli,
1099 4374 1133 4432 et
1149 4368 1323 4435 audiverat
1338 4370 1505 4449 omniaque

397 4463 465 4546 ipse
481 4465 609 4532 dixerat
640 4469 743 4535 eidem
769 4471 936 4554 or·diuate;
980 4481 1013 4539 et
1038 4476 1187 4559 predicto
1215 4478 1345 4544 domiuo
1370 4469 1503 4544 Generali

398 4571 499 4634 multa
515 4573 749 4657 fuerautdiota,
765 4601 828 4661 que
844 4581 911 4664 ipso
921 4582 1063 4649 debebat
1080 4586 1172 4652 uobis
1183 4585 1301 4669 dicere,
1309 4591 1435 4671 propter
1452 4599 1504 4665 que
