3134 5254
381 353 446 414 ‘264
735 369 970 414 nrrsouxczrsr
987 356 1151 413 nesseden.

381 529 523 594 faverem
541 526 785 594 Dominationis
812 528 929 596 Vestra
950 530 1060 594 emnia
1086 551 1146 613 que
1173 536 1312 610 possent,
1337 533 1490 593 uteorum

319 647 323 657 '
376 637 522 721 colligati
540 635 838 702 condescenderent
855 635 896 702 ad
910 657 1022 720 pacem
1043 658 1115 703 cum
1141 638 1188 702 eis
1205 660 1211 701 :
1231 643 1302 701 erat
1318 641 1427 720 parata
1442 634 1489 698 ha·

378 746 455 813 bere
472 753 504 811 et
520 743 628 810 facere
645 765 757 826 pacem
774 766 846 810 curn
872 744 1002 811 dominc
1029 746 1120 829 Rege
1145 745 1213 810 solo
1229 743 1288 810 sub
1315 744 1411 810 medis
1426 765 1491 808 ren·

378 851 567 919 decentibus
583 859 616 918 et
632 850 794 934 lrenestis3
810 875 882 917 cum
907 853 983 937 alijs
1008 853 1114 918 serbis
1140 853 1287 936 pluribus
1313 851 1415 917 circha
1430 849 1489 915 boc.

378 959 506 1044 Quibus
523 959 685 1042 expositis,
701 961 868 1043 predictus
885 960 1034 1026 dominns
1051 959 1195 1027 Karalus
1205 961 1317 1026 statim
1333 959 1492 1044 petijtnes,

379 1070 406 1134 si
423 1068 601 1134 observatis
617 1089 674 1152 per
691 1090 745 1134 eos
755 1069 903 1134 omnibus
918 1069 1033 1150 modis,
1049 1068 1178 1134 etfacta
1194 1071 1281 1134 omni
1297 1067 1488 1152 experientis,

376 1183 412 1242 ut
427 1184 461 1242 et
476 1177 502 1243 J
508 1196 668 1241 aneenses
684 1183 718 1241 et
743 1175 904 1241 Dominus
930 1176 1045 1242 Padue
1070 1176 1367 1242 condescenderent
1390 1174 1429 1240 ed
1443 1196 1491 1258 pa·

377 1305 455 1364 cem,
481 1282 514 1347 in
530 1304 607 1348 casu
624 1303 687 1366 quo
704 1283 766 1367 ipsi
791 1291 899 1348 essent
923 1285 972 1348 ita
996 1283 1150 1350 obstinati
1178 1291 1211 1349 et
1234 1284 1321 1348 male
1347 1281 1490 1366 dispositi,

377 1391 465 1476 qued
481 1392 523 1456 ad
540 1412 652 1476 pacem
678 1391 804 1458 nollent
832 1391 1100 1474 condescendere,
1126 1413 1184 1457 nos
1208 1412 1338 1457 eramus
1364 1389 1488 1456 contenti

376 1505 464 1564 stare
480 1499 565 1564 firmi
576 1498 608 1562 in
620 1499 726 1582 prime
736 1499 904 1582 proposito
916 1505 949 1564 et
958 1519 1190 1582 recognoscere
1207 1499 1372 1564 dominum
1383 1498 1492 1580 Regem
1555 1575 1556 1584 ἦ

376 1609 411 1672 in
426 1607 612 1687 Dominum,
628 1607 710 1672 sieut
725 1607 808 1672 alias
824 1606 947 1672 dictum
963 1606 1079 1673 fuerat.
1110 1607 1166 1672 Ad
1193 1629 1255 1691 que
1271 1606 1492 1692 respondimus,

378 1713 467 1798 quod
484 1715 539 1796 sio,
556 1714 649 1780 nobis
665 1715 880 1782 existentibus
896 1716 929 1780 in
947 1716 1203 1782 concordiocum
1213 1715 1491 1800 RegiaMajestate

378 1824 411 1888 in
428 1822 502 1907 alijs
530 1823 691 1907 capitulis,
716 1830 750 1888 et
765 1823 906 1889 faciente
933 1823 1064 1890 dominc
1091 1823 1183 1908 Rege
1214 1831 1328 1889 contra
1353 1823 1430 1904 illes,
1444 1822 1491 1906 qni

378 1931 504 1997 nollent
527 1953 649 2014 pacem,
675 1939 836 2016 tanquam
863 1939 977 1998 contra
1003 1933 1166 2014 inimicos;
1184 1939 1217 1998 et
1233 1939 1400 2017 prestante
1417 1931 1490 1996 fare

377 2060 445 2104 rem
462 2044 495 2104 et
510 2039 666 2104 auxilinm
681 2039 908 2106 Dominationi
930 2037 1058 2107 Vestre.
1086 2039 1161 2125 Qua
1186 2041 1394 2126 responsione
1408 2038 1493 2114 faeta,

377 2147 544 2230 predictus
561 2146 710 2212 dominns
736 2147 883 2213 Karalus
908 2168 968 2213 nos
995 2148 1124 2213 trabere
1150 2147 1227 2214 feeit
1252 2150 1286 2213 in
1311 2146 1493 2232 partembit

378 2255 511 2320 tandem
536 2254 606 2339 ipse
623 2261 655 2319 et
679 2255 830 2321 Berones
861 2254 1007 2322 fecerunt
1022 2278 1081 2322 nos
1106 2258 1212 2322 vocari
1239 2257 1282 2321 ad
1312 2255 1493 2340 presentiam

378 2383 481 2443 suam,
506 2368 538 2428 et
561 2362 709 2430 fecerunt
726 2363 820 2430 nobis
839 2365 1029 2449 responderi
1049 2387 1108 2448 per
1126 2365 1290 2430 dominnm
1310 2365 1493 2449 Episcopum

377 2468 605 2537 Jauriensem:
624 2473 767 2555 qualiter
786 2473 850 2556 ipsi
865 2474 960 2558 plene
973 2474 1204 2540 intellexerunt
1221 2475 1329 2540 omnia
1345 2475 1429 2540 dicta
1443 2492 1492 2555 per

378 2597 447 2658 nes,
463 2583 496 2641 et
512 2581 598 2660 quod
625 2580 665 2645 de
681 2580 746 2645 illis
764 2579 890 2646 duobus
915 2581 1036 2664 adque
1061 2581 1255 2664 dixeramus,
1274 2582 1362 2666 quod
1378 2580 1491 2648 videba-

377 2691 432 2750 tur
457 2685 559 2766 nobis,
585 2684 674 2770 quod
699 2709 811 2753 eorum
836 2688 974 2754 intentio
1000 2689 1203 2772 intenderet;
1227 2690 1377 2758 videlicet
1401 2693 1493 2778 prime

377 2792 421 2858 ad
435 2791 591 2859 honorem
602 2793 751 2880 Regium,
768 2796 908 2862 secunde
919 2796 962 2861 ad
973 2796 1175 2862 commodum
1186 2805 1218 2863 et
1228 2803 1492 2865 conservationem

378 2898 532 2966 Civitatis
548 2899 777 2982 venetiarum
794 2908 827 2968 et
848 2905 937 2989 quod
963 2905 1006 2970 ad
1031 2905 1143 2972 eadem
1169 2905 1361 2974 Dominatie
1386 2907 1494 2976 Vestra

378 3006 588 3074 intendebat:
604 3011 667 3094 ipsi
684 3010 927 3094 respondebant
951 3013 1055 3094 uobis,
1071 3015 1158 3098 quod
1174 3015 1215 3080 de
1239 3037 1305 3082 une
1322 3017 1493 3096 credebant,

377 3114 527 3181 videlicet
551 3118 638 3200 quod
655 3119 896 3186 attenderemus
922 3121 964 3186 ad
989 3122 1146 3188 honorem
1170 3123 1323 3209 Regium,
1347 3127 1387 3191 de
1404 3127 1493 3192 altere

377 3245 461 3304 vero,
476 3223 629 3291 videlicet
654 3227 742 3311 qued
767 3228 1016 3296 attendebamus
1041 3231 1084 3296 ad
1110 3234 1316 3299 commodum
1336 3243 1367 3300 et
1383 3255 1494 3301 conser-

378 3330 541 3396 vationem
557 3329 709 3400 Civitatis
728 3331 950 3419 Venetiarunr,
975 3339 1156 3406 reddebant
1181 3362 1214 3406 se
1231 3349 1358 3425 certos;
1375 3349 1406 3410 et-
1421 3339 1494 3428 qued

378 3435 440 3519 ipsi
455 3439 489 3503 in
505 3438 568 3505 hae
584 3443 734 3524 opinione
752 3445 994 3511 concurrebant
1003 3445 1181 3513 nobiseum.
1197 3449 1242 3514 Et
1258 3456 1431 3534 prepterea
1440 3449 1492 3534 ipsi

379 3541 532 3612 dicebant
547 3548 650 3631 nobis,
668 3548 756 3632 quod
776 3558 870 3616 erant
896 3555 1051 3636 contenti,
1078 3555 1164 3639 quod
1196 3558 1442 3625 recordaremur
1456 3557 1493 3621 eis

363 3651 491 3718 modos
508 3653 728 3722 observandos
745 3681 804 3741 per
819 3659 906 3742 ipsos
921 3669 1039 3727 eontra
1063 3661 1247 3728 Januenses
1274 3672 1308 3729 et
1331 3665 1493 3731 Dominum

377 3758 510 3842 Psdue;
528 3763 606 3843 quia
621 3765 654 3828 in
672 3787 749 3830 casu
765 3787 828 3850 que
839 3789 904 3832 non
916 3767 1053 3838 fuissent
1063 3771 1226 3836 observati
1236 3794 1295 3856 per
1312 3797 1378 3855 eos,
1395 3797 1449 3860 pro
1463 3795 1493 3838 ce

378 3866 464 3948 qnod
474 3868 592 3936 multos
603 3873 716 3939 medes
727 3880 909 3956 tenuerant,
924 3883 956 3942 et
966 3880 1070 3943 multa
1080 3878 1233 3945 dixerant
1243 3887 1277 3946 et
1286 3879 1493 3967 fecerantque

255 4067 260 4078 1
378 3974 545 4077 nellebant
556 3979 648 4045 nobis
659 3981 783 4066 dicere;
802 3985 829 4048 si
839 3985 926 4050 modi
937 3985 999 4071 ipsi
1016 3989 1114 4053 utiles
1131 3993 1163 4052 et
1173 3987 1302 4055 bonesti
1314 3990 1493 4058 videbantur

378 4081 433 4162 eis,
449 4089 543 4149 erant
557 4088 664 4168 parati
682 4094 791 4154 tenere
807 4091 900 4173 illos;
917 4095 943 4159 si
954 4116 1030 4160 vero
1041 4094 1206 4162 obserasti
1217 4097 1357 4165 fuissent
1372 4122 1428 4184 per
1442 4119 1493 4178 ees,

377 4209 442 4253 non
459 4198 544 4257 esset
560 4214 689 4260 necesse
708 4198 848 4281 amplius
874 4199 1057 4268 observare.
1083 4203 1209 4270 Ultimo
1236 4204 1390 4273 dicebant
1404 4207 1492 4284 nobis,

378 4297 466 4380 qued
483 4299 545 4383 ipsi
572 4300 702 4370 domino
727 4304 855 4373 Karolo
871 4315 903 4374 et
928 4311 1117 4378 Barcuibns
1143 4312 1326 4396 ridebatur,
1358 4314 1494 4397 quadre-

378 4409 646 4488 cognoscentibus
662 4412 755 4479 nobis
775 4413 938 4482 deminum
955 4417 1079 4504 Regem
1096 4421 1129 4484 in
1146 4419 1336 4504 Dominum,
1353 4423 1490 4489 cumillis

377 4514 492 4597 pactis,
506 4518 610 4583 modis
626 4527 659 4586 et
675 4519 798 4604 formis,
814 4545 887 4590 cum
904 4525 1023 4610 quibus
1034 4530 1153 4597 erimus
1170 4531 1205 4596 in
1220 4533 1492 4616 eoncordi03esset
