3190 5252
618 375 713 436 1381.
1153 371 1218 438 455

84 541 192 624 ipsam
219 549 251 608 et
276 544 343 609 eius
369 546 455 612 bona
480 549 688 632 hereditaria,
706 557 739 616 et
755 571 864 616 omnes
882 571 921 616 ac
937 549 1081 634 singulos
1107 572 1218 617 eorum

85 648 279 720 kmethoncs
305 675 363 721 seu
379 655 567 743 iobagiones
584 657 722 727 ubilibet
742 662 948 741 constitutos,
964 681 1003 724 ex
1019 665 1133 726 nostra
1149 683 1218 725 mu·

84 758 254 828 nificencia
269 761 387 848 Regali
415 765 456 831 ab
473 768 623 834 omuibus
648 768 885 850 exactionibus,
909 767 1067 851 seruicijs,
1083 768 1218 834 solucio-

82 868 190 949 nibus‚
208 871 360 954 collectis,
385 875 531 960 angarijs
558 882 590 941 et
612 877 828 962 perangarijs,
845 875 1101 960 quibuscumque
1117 877 1218 941 nomi·

83 977 177 1043 nibus
194 987 398 1064 censeantur,
416 983 443 1046 si
459 1004 540 1066 quas
556 983 609 1049 uel
626 1007 688 1069 qne
705 1007 763 1069 per
784 984 1050 1051 consuetudinem
1067 1004 1122 1050 seu
1139 1006 1218 1069 quo·

82 1105 227 1170 cumque
239 1087 303 1154 alio
319 1089 389 1154 iure
405 1092 511 1156 nostri
521 1090 771 1175 predecessores
788 1099 821 1159 et
838 1113 897 1159 nos
912 1092 1097 1159 habuerunt
1114 1097 1146 1158 et
1162 1093 1217 1158 ha-

81 1191 211 1261 buimus
227 1195 262 1260 in
279 1197 410 1280 eisdem,
428 1199 639 1282 absoluimus,
649 1201 836 1285 liberamus,
854 1205 888 1266 et
904 1200 1073 1267 eximimus
1089 1223 1147 1267 nos
1163 1222 1216 1285 pe-

81 1303 170 1368 nitus
195 1303 315 1372 harum
332 1307 414 1373 serie
433 1307 627 1376 litterarum.
643 1309 709 1376 Sed
727 1311 901 1376 dumtaxat
917 1311 951 1374 in
969 1309 1097 1390 signum
1114 1308 1214 1373 domi-

80 1409 123 1496 nij
142 1410 251 1498 Regie
266 1413 453 1499 Majestatis
470 1417 618 1483 volumus
634 1441 695 1503 pro
711 1418 806 1485 nobis
822 1418 943 1485 habere
960 1422 993 1482 et
1008 1417 1129 1482 nostris
1143 1401 1214 1483 'suc-

80 1521 266 1587 cessoribus
283 1545 303 1590 a
319 1524 465 1608 quolibet
480 1525 653 1592 kmethone
669 1527 822 1594 villarum
837 1547 895 1593 sen
905 1523 1127 1591 hereditatum
1144 1523 1216 1591 Mo·

79 1631 216 1715 uasterij
234 1631 381 1715 predicti,
398 1632 437 1698 de
453 1654 566 1701 manso
582 1633 729 1718 quolibet
745 1657 801 1700 seu
817 1635 914 1701 laneo
934 1653 1083 1717 possesso
1099 1631 1207 1716 singu-

79 1738 120 1804 lis
137 1741 237 1804 annis
253 1740 287 1805 in
302 1739 386 1806 festo
404 1739 516 1806 Sancti
541 1741 683 1808 Martini
699 1741 913 1825 confessoris,
928 1745 1067 1826 quatuor
1083 1761 1213 1822 grossos

77 1853 209 1912 monete
225 1849 260 1914 in
275 1845 391 1932 Regno
409 1849 549 1916 Pclouie
575 1852 790 1916 communiter
806 1849 1007 1916 decurrentis
1023 1870 1083 1932 pro
1099 1855 1214 1916 nostra

79 1953 230 2022 Oamera
245 1955 354 2040 Regia
379 1964 411 2023 et
438 1979 657 2024 successorum
686 1963 878 2037 nostrorum,
895 1977 966 2021 cum
982 1977 1045 2022 vna
1061 1977 1209 2023 mensura

76 2063 231 2147 siliginis,
247 2071 281 2131 et
296 2064 421 2132 duabus
437 2086 549 2147 auene,
575 2059 685 2132 debito
702 2065 799 2132 modo
815 2063 958 2151 planatis
974 2069 1006 2128 et
1023 2084 1089 2128 non
1105 2085 1213 2129 cumu-

75 2171 165 2254 latis,
182 2173 275 2238 iuxta
300 2172 432 2238 modum
458 2171 719 2254 Oracouiensem,
745 2194 828 2257 quas
854 2171 992 2257 predicti
1018 2169 1211 2238 kmethones

75 2299 131 2346 seu
148 2280 343 2365 iobagiones
359 2281 393 2346 in
411 2281 498 2348 dicto
515 2280 597 2348 festo
616 2281 730 2348 Sancti
755 2281 895 2348 Martini
910 2280 1107 2347 tenebuntur
1122 2279 1211 2364 dare,

74 2387 244 2455 exsolvere
261 2396 294 2455 et
308 2388 447 2456 firmiter
464 2390 640 2474 assignare.
657 2388 811 2456 Ceterum
827 2390 928 2474 ijdem
944 2387 1136 2455 kmethones
1155 2410 1211 2455 seu

75 2499 271 2582 iobagicnes
288 2498 408 2581 prefati
424 2498 628 2585 Monasterij,
653 2520 712 2584 pro
738 2505 851 2565 nostra
868 2494 971 2563 Ornia
986 2495 1115 2580 Regali,
1132 2497 1210 2580 ipsis

74 2615 186 2673 tamen
203 2608 440 2693 propinquiori,
457 2608 538 2675 duos
555 2609 623 2674 dies
638 2606 725 2674 infra
741 2608 833 2673 unius
844 2606 922 2673 anni
943 2607 1086 2692 spatium
1102 2609 1211 2690 singu-

75 2715 115 2780 lis
135 2717 244 2798 annis,
260 2737 358 2781 vnum
375 2716 499 2782 scilicet
523 2723 669 2800 tempore
685 2716 798 2782 messis
815 2717 857 2780 ad
873 2714 1068 2795 metendum,
1085 2713 1211 2780 recolli·

73 2824 218 2908 gendum
234 2831 267 2890 ct
282 2826 458 2890 recollecta
474 2826 507 2889 in
523 2827 641 2891 horreo
661 2824 881 2908 reponendum
895 2848 902 2905 ;
927 2829 961 2888 et
976 2822 1076 2889 alium
1093 2823 1135 2890 ad
1151 2823 1211 2888 sal·

72 2933 222 3016 candum,
239 2932 362 2999 falcata
377 2932 642 3017 congregandum
659 2937 692 2999 et
709 2932 819 2998 debito
845 2931 943 2997 modo
969 2933 1002 2996 iu
1018 2930 1141 2998 allodio
1159 2953 1210 2997 or-

71 3040 253 3107 dinandum
268 3043 334 3106 sint
350 3041 487 3107 astricti.
514 3039 589 3106 Hoc
613 3049 723 3106 tamen
749 3039 886 3119 adiecto,
904 3040 990 3123 quod
1006 3061 1079 3106 cum
1094 3039 1205 3124 perso'·

72 3150 197 3216 naliter
214 3171 271 3216 nos
288 3155 346 3213 aut
362 3169 565 3216 successores
582 3155 722 3231 nostros,
739 3169 803 3214 vna
820 3169 892 3212 cum
908 3146 1021 3213 incolis
1033 3145 1208 3230 dictiReg-

72 3259 104 3324 ni
120 3257 273 3338 Polonie,
292 3258 333 3324 ad
350 3258 493 3342 aliquam
511 3257 694 3340 generalem
721 3256 962 3341 expedicionem
979 3259 1072 3320 extra
1087 3253 1208 3320 limites

71 3365 184 3450 Regni
209 3366 256 3430 ire
281 3367 469 3448 contigerit,
496 3371 615 3430 extunc
640 3365 682 3430 ab
709 3363 893 3430 hominibus
910 3383 965 3430 seu
981 3362 1208 3447 iobagionibus

70 3475 212 3557 predicti
228 3472 423 3557 Mcnasterij
442 3495 502 3556 pro
518 3471 612 3538 nobis
628 3481 660 3538 et
676 3473 917 3539 successoribus
942 3473 1063 3538 nostris
1091 3470 1210 3538 carita·

72 3584 178 3648 tiuum
196 3580 377 3647 subsidium
393 3581 483 3647 licite
508 3580 764 3665 postulabimus3
788 3580 964 3647 dummodo
982 3581 1058 3646 talis
1076 3601 1209 3664 genera·

71 3689 110 3755 lis
138 3689 306 3774 expedicio
333 3710 426 3756 suum
453 3690 626 3754 sortiretur
652 3689 809 3756 effectum.
836 3687 873 3755 Si
898 3711 974 3756 vero
1000 3689 1044 3755 ad
1064 3688 1208 3773 aliquam

71 3800 174 3866 talem
191 3797 429 3884 expeditionem
454 3798 639 3881 generalem
666 3798 806 3866 edictam
833 3798 931 3866 fuerit
956 3796 1158 3884 postulatum
1175 3801 1209 3861 et

72 3915 241 3992 receptum
265 3907 476 3973 caritatiuum
502 3905 684 3972 subsidium
710 3927 767 3991 per
788 3930 846 3975 nos
864 3913 897 3973 et
912 3927 1117 3974 successores
1134 3927 1207 3972 uos-

72 4024 152 4098 tras,
178 4021 209 4081 et
235 4015 345 4099 aliquo
373 4037 452 4080 casu
477 4035 535 4080 seu
560 4013 791 4098 impedimento
818 4015 932 4082 eadem
950 4015 1122 4099 expedicio.
1142 4035 1207 4078 non

73 4123 288 4190 deduceretur
313 4122 355 4188 ad
383 4121 487 4204 linem,
514 4141 569 4186 seu
595 4122 706 4205 aliquo
734 4124 851 4206 quouis
877 4124 972 4189 modo
989 4122 1208 4207 inpediretur;

70 4237 188 4297 extunc
205 4253 263 4315 pro
280 4230 394 4296 lutura
411 4235 444 4294 et
460 4231 610 4312 sequenti
627 4231 726 4296 simili
744 4231 951 4317 expedicione
967 4232 1068 4297 nichil
1078 4231 1208 4315 penitus

70 4341 148 4407 dare
169 4338 342 4421 debebunt,
369 4339 432 4404 nisi
458 4338 548 4422 prius
575 4337 665 4405 dicta
691 4342 831 4424 pecunia
847 4361 906 4423 pro
924 4338 1131 4422 expedicione
1148 4336 1209 4402 tali

70 4445 214 4530 generali
240 4446 337 4512 luerit
354 4468 412 4530 per
430 4446 535 4511 dictos
552 4445 676 4513 nobiles
695 4451 843 4532 exposita
860 4453 892 4512 et
909 4448 1079 4513 deseruita
1106 4444 1203 4512 Simi-

70 4555 146 4622 liter
162 4559 271 4622 autem
290 4554 537 4619 caritatatiuum
555 4553 735 4622 subsidium
748 4555 995 4640 postulabimus,
1012 4557 1038 4622 si
1055 4560 1089 4621 et
1104 4576 1209 4640 quan·
