3134 5254
380 363 447 429 304
738 377 972 430 omuouxczmr
989 357 1156 426 autunum

380 551 449 609 tu«.
465 542 510 607 Et
527 543 592 628 hijs
610 541 730 609 auditis
749 541 889 608 diximus
904 538 976 624 sibi,
993 540 1082 625 quod
1098 538 1236 606 multum
1253 537 1445 606 mirabamur
1459 535 1493 602 de

380 651 442 716 tali
458 652 625 736 petitione,
643 652 721 734 quia
746 650 837 715 nulla
861 649 951 716 iacta
979 648 1042 715 suit
1065 669 1209 732 unquam
1235 648 1358 713 mentio
1383 646 1420 711 de
1435 646 1495 724 hoe,

379 757 444 823 imo
462 779 590 842 semper·
607 757 764 841 quicquid
781 758 920 822 diximus
937 763 969 822 et
989 757 1213 842 promissimus
1230 757 1287 838 eis,
1315 753 1496 839 promissum

379 864 488 930 fuerat
504 887 564 950 per
579 887 637 930 nos
653 887 779 950 semper·
795 865 1035 931 remanentibus
1061 863 1287 930 Dominationi
1305 862 1422 930 Vestro
1437 882 1494 927 om·

379 973 475 1041 nibus
491 973 699 1058 Civitatibus,
716 973 839 1056 Terris,
856 971 981 1039 Castris
991 968 1202 1056 stlocis,‘que
1218 977 1251 1036 et
1261 991 1344 1055 quas
1360 976 1444 1036 tenet
1458 967 1494 1034 ad

379 1101 522 1164 presens,
540 1089 572 1146 et
588 1083 749 1148 restitutis
765 1079 992 1148 Dominationi
1002 1079 1124 1148 Vestre
1135 1079 1285 1146 omnibus
1301 1077 1497 1149 Civitatibus,

380 1188 488 1268 terris,
503 1189 619 1254 castris
636 1195 668 1254 et
692 1188 772 1254 locis
798 1189 964 1272 occupatis
993 1187 1219 1253 Dominationi
1237 1185 1367 1267 Vestre,
1383 1191 1415 1250 ot
1444 1205 1497 1269 qne

380 1296 533 1379 occupari
549 1301 681 1379 possent
697 1315 800 1378 usqne
811 1295 854 1360 ad
865 1293 1102 1361 conclusionem
1114 1293 1213 1377 pacis,
1225 1314 1296 1358 cum
1307 1293 1419 1359 multis
1433 1291 1499 1356 alle

382 1401 570 1485 gationibus
587 1409 620 1469 et
636 1402 818 1470 rationibus
834 1425 893 1488 per
908 1423 967 1468 nos
983 1401 1089 1467 dictis.
1115 1397 1243 1483 Quibus
1268 1399 1365 1466 dictis
1382 1405 1414 1465 et
1429 1399 1497 1464 alle

382 1509 470 1592 gatis
486 1509 731 1576 retrahentibus
756 1510 851 1576 nobis
875 1509 910 1574 in
935 1513 1073 1593 partem,
1098 1507 1241 1574 finaliter
1264 1529 1322 1591 per
1346 1507 1499 1572 dominnm

385 1617 582 1685 Generalem
597 1621 659 1704 ipsi
676 1618 914 1703 responderunt
929 1618 1034 1699 nobis,
1052 1617 1138 1700 quod
1155 1639 1212 1683 nos
1228 1616 1363 1684 tirmiter
1388 1623 1501 1682 tenere·

382 1748 464 1808 mus,
480 1727 570 1810 quod
586 1726 647 1792 hoe
664 1726 704 1792 de
720 1725 808 1793 sacto
825 1725 966 1810 Tarvisij
995 1733 1028 1792 et
1054 1725 1235 1790 Taraisaue
1251 1725 1424 1810 oportebat
1440 1744 1501 1790 esse

382 1836 576 1916 necessario,
592 1842 626 1900 et
642 1834 729 1918 quod
746 1836 808 1900 nisi
823 1834 885 1902 hoc
899 1833 992 1899 fieret
1008 1840 1042 1898 et
1061 1833 1319 1917 promitteretur,
1334 1855 1400 1900 non
1416 1855 1500 1918 opor-

381 1941 473 2009 tebat
489 1943 627 2027 amplius
642 1942 732 2025 loqui
748 1942 789 2008 de
806 1941 869 2028 hijs
887 1942 990 2008 iactis.
1016 1943 1063 2008 Et
1088 1941 1220 2007 tandem
1245 1964 1305 2027 pro
1329 1963 1395 2008 non
1421 1939 1502 2008 dere-

381 2051 559 2135 linquendo
576 2051 710 2132 facturn,
726 2051 864 2117 diximus
891 2051 1056 2117 dourinino
1083 2048 1248 2131 Generali,
1274 2050 1361 2134 quod
1390 2050 1501 2116 diceret

384 2161 441 2242 eis,
457 2158 544 2245 quod
560 2161 686 2225 nullum
702 2158 742 2226 de
758 2159 821 2226 hoc
836 2159 1010 2230 arbitrium
1026 2158 1225 2226 habebamus
1241 2180 1261 2223 a
1277 2159 1501 2225 Douninatione

385 2267 525 2350 Vestra3
550 2269 614 2334 imo
632 2291 783 2352 expresse
799 2269 975 2336 inhibitum
1000 2276 1074 2334 erat
1097 2267 1211 2351 nobis,
1239 2268 1295 2334 sed
1321 2267 1362 2334 de
1378 2268 1437 2333 hoe
1452 2287 1503 2331 nos

386 2375 601 2443 scriberemus
616 2377 843 2443 Dominationi
860 2378 988 2447 Vestra
1005 2380 1051 2444 Et
1065 2385 1144 2443 tunc
1155 2379 1224 2462 ipse
1241 2377 1391 2443 dominus
1405 2376 1506 2442 Karo-

385 2485 434 2550 lus
450 2487 549 2552 etiam
564 2486 658 2551 nobis
676 2485 741 2551 dici
756 2486 843 2568 feeit,
859 2486 946 2570 quod
958 2488 985 2552 si
995 2487 1182 2555 solebamus
1199 2484 1347 2568 scribere,
1364 2485 1504 2568 ipseerst

384 2601 573 2676 contentus,
597 2593 653 2660 sed
671 2595 748 2678 quia
763 2594 1014 2664 Ambasiatores
1030 2596 1056 2662 J
1057 2597 1248 2664 cunensium
1260 2593 1426 2662 debebant
1441 2614 1504 2660 esse

385 2725 459 2769 cras
475 2701 518 2769 ad
535 2725 617 2784 eum,
633 2704 804 2770 videbatur
821 2725 891 2771 esse
907 2706 1037 2789 bonum,
1047 2705 1136 2792 quod
1146 2728 1218 2774 cras
1235 2706 1357 2772 iremus
1375 2703 1417 2771 ad
1428 2725 1504 2769 cam·

384 2831 471 2896 pum,
482 2819 514 2878 et
525 2835 668 2878 essemus
684 2811 727 2878 ad
742 2815 942 2897 presentiam
959 2837 1062 2900 suam,
1079 2816 1210 2899 quando
1227 2819 1324 2879 erunt
1338 2811 1504 2880 Ambasia·

384 2928 472 2986 tores
488 2918 513 2985 J
514 2922 722 3002 aunensium3
747 2927 779 2986 et
796 2919 884 3004 quod
900 2922 1080 2992 diceremus
1097 2923 1167 3007 sibi,
1184 2921 1273 3008 quod
1298 2922 1385 2988 sicut
1400 2919 1504 2986 Excel-

383 3026 488 3094 lenoia
505 3026 573 3094 Sua
589 3026 725 3108 sciebat,
741 3049 799 3093 nos
816 3027 971 3095 fuerimus
987 3031 1108 3114 pluries
1125 3029 1168 3097 ad
1193 3029 1395 3114 presentiam
1411 3048 1503 3106 susm

386 3136 562 3218 aliquando
579 3158 651 3202 cnm
667 3143 786 3217 scorta,
803 3136 980 3221 aliquando
996 3140 1065 3205 sine
1077 3147 1185 3206 csorta
1195 3139 1298 3206 solum
1315 3159 1389 3204 cum
1404 3137 1505 3203 litters

385 3243 467 3309 salvi
485 3243 682 3324 conductus3
706 3251 738 3309 et
755 3243 843 3328 quod
868 3247 1141 3330 requisiveramns
1167 3269 1241 3314 eum
1258 3247 1297 3314 de
1325 3268 1407 3332 pace
1431 3252 1506 3310 trae

384 3353 488 3418 tanda
504 3359 537 3419 et
552 3353 659 3419 fienda
675 3375 747 3420 cum
764 3355 896 3422 domiuo
911 3355 1004 3441 Rege
1030 3363 1152 3424 etcum
1178 3358 1251 3442 alijs
1277 3357 1458 3440 colligatis3
1478 3361 1506 3418 et

386 3460 474 3545 quod
489 3463 560 3545 ipse
576 3462 704 3528 dixerat
721 3463 823 3545 nobis,
848 3485 912 3530 non
928 3487 1024 3548 posse
1049 3465 1155 3532 faeere
1182 3468 1251 3532 sine
1278 3463 1460 3549 colligatis3
1480 3466 1508 3527 et

388 3569 474 3652 quod
491 3591 584 3650 nunc,
605 3570 693 3652 quod
723 3571 908 3638 Jauuenses
925 3581 1019 3639 erant
1035 3573 1090 3655 ibi,
1106 3595 1166 3640 nos
1183 3573 1291 3640 adhuc
1316 3572 1507 3658 petebamus

388 3676 476 3757 quod
490 3677 636 3759 placeret
651 3679 698 3744 eis
715 3699 749 3744 se
774 3678 948 3763 disponere
964 3681 1008 3746 ad
1032 3702 1148 3765 pacem
1164 3687 1197 3748 et
1226 3681 1335 3748 dicere
1363 3677 1508 3765 quicquid

386 3783 538 3850 uolebant
554 3786 693 3868 anobis,
709 3786 787 3869 quia
803 3807 861 3853 uos
877 3809 1006 3855 eramus
1032 3789 1142 3873 parati
1158 3788 1272 3858 facere.
1292 3797 1400 3856 totum
1424 3786 1508 3870 illud,

386 3889 466 3974 quid
482 3896 567 3955 esset
579 3892 711 3975 justum.
727 3893 774 3958 Et
791 3895 868 3976 quia
883 3895 977 3962 nobis
993 3916 1057 3962 non
1069 3896 1239 3964 videbatur
1266 3896 1357 3981 utile,
1382 3919 1447 3964 non
1461 3897 1509 3962 ha

385 3996 492 4064 bendo
509 3999 598 4064 alind
616 4019 685 4066 esse
701 4001 744 4066 ad
759 4004 959 4084 presentiam
976 4025 1077 4088 suam,
1104 4005 1167 4072 nisi
1178 4005 1374 4074 haberemus
1387 4027 1508 4093 respon·

387 4105 511 4171 sionem
528 4106 649 4174 Vestre
664 4107 914 4193 Dominationis,
931 4110 1066 4178 fecimus
1083 4114 1145 4180 sibi
1171 4114 1372 4198 respondere
1387 4138 1448 4201 per
1462 4113 1510 4179 do·

389 4215 511 4278 minum
528 4211 733 4296 Generalem,
749 4219 838 4300 quod
854 4241 985 4287 eramus
1000 4224 1110 4306 parati
1135 4226 1168 4288 in
1184 4223 1247 4289 hoc
1257 4230 1370 4290 tenere
1386 4225 1508 4292 modum

391 4341 483 4402 quem
502 4320 648 4405 volebat;
665 4325 721 4388 sed
738 4325 829 4391 nobis
847 4348 910 4393 non
927 4328 1100 4396 videbatur
1120 4352 1190 4398 esse
1216 4333 1433 4398 necessarium
1448 4331 1508 4399 fore

392 4427 434 4490 ad
450 4430 647 4511 presentiam
665 4451 766 4515 suam,
791 4434 929 4505 videndo
955 4439 1151 4506 intentiones
1178 4464 1299 4526 eorum,
1324 4445 1389 4509 nisi
1415 4443 1509 4529 primo

391 4533 582 4602 haberemus
600 4542 841 4625 responsionem
858 4566 878 4610 a
893 4545 1125 4615 Dominatione
1142 4546 1276 4616 Vestra.
1293 4551 1341 4616 Et
1356 4552 1429 4636 ipse
1443 4550 1509 4616 iecit
