<?xml version="1.0" encoding="UTF-8"?>
<!DOCTYPE html PUBLIC "-//W3C//DTD XHTML 1.0 Transitional//EN"
    "http://www.w3.org/TR/xhtml1/DTD/xhtml1-transitional.dtd">
<html xmlns="http://www.w3.org/1999/xhtml" xml:lang="en" lang="en">
 <head>
  <title>
</title>
<meta http-equiv="Content-Type" content="text/html;charset=utf-8" />
  <meta name='ocr-system' content='tesseract 3.04.00' />
  <meta name='ocr-capabilities' content='ocr_page ocr_carea ocr_par ocr_line ocrx_word'/>
</head>
<body>
  <div class='ocr_page' id='page_1' title='image "./magyardiplomacz00wenzgoog_0377.png"; bbox 0 0 3226 5254; ppageno 0'>
   <div class='ocr_carea' id='block_1_1' title="bbox 595 339 1197 404">
    <p class='ocr_par' dir='ltr' id='par_1_1' title="bbox 595 339 1197 404">
     <span class='ocr_line' id='line_1_1' title="bbox 595 339 1197 404; baseline 0.007 -6"><span class='ocrx_word' id='word_1_1' title='bbox 595 339 689 404; x_wconf 82' lang='lat'>1380.</span> <span class='ocrx_word' id='word_1_2' title='bbox 1134 343 1197 402; x_wconf 77' lang='lat'><strong>357</strong></span> 
     </span>
    </p>
   </div>
   <div class='ocr_carea' id='block_1_2' title="bbox 11 513 1200 2110">
    <p class='ocr_par' dir='ltr' id='par_1_2' title="bbox 11 513 1200 2110">
     <span class='ocr_line' id='line_1_2' title="bbox 78 513 1196 600; baseline 0.005 -24"><span class='ocrx_word' id='word_1_3' title='bbox 78 519 167 578; x_wconf 88' lang='lat' dir='ltr'><strong>tatem</strong></span> <span class='ocrx_word' id='word_1_4' title='bbox 183 513 372 598; x_wconf 82' lang='lat' dir='ltr'><strong>Signensem</strong></span> <span class='ocrx_word' id='word_1_5' title='bbox 396 517 429 579; x_wconf 92' lang='lat' dir='ltr'><strong>in</strong></span> <span class='ocrx_word' id='word_1_6' title='bbox 448 514 598 598; x_wconf 80' lang='lat' dir='ltr'><strong>partibus</strong></span> <span class='ocrx_word' id='word_1_7' title='bbox 616 513 784 580; x_wconf 91' lang='lat' dir='ltr'><strong>Dalmatie</strong></span> <span class='ocrx_word' id='word_1_8' title='bbox 801 516 974 582; x_wconf 87' lang='lat' dir='ltr'><strong>bellaciter</strong></span> <span class='ocrx_word' id='word_1_9' title='bbox 989 523 1196 600; x_wconf 89' lang='lat' dir='ltr'><strong>occupasset;</strong></span> 
     </span>
     <span class='ocr_line' id='line_1_3' title="bbox 81 621 1199 707; baseline 0.004 -21"><span class='ocrx_word' id='word_1_10' title='bbox 81 629 252 706; x_wconf 85' lang='lat' dir='ltr'><strong>pergentes</strong></span> <span class='ocrx_word' id='word_1_11' title='bbox 285 631 411 689; x_wconf 87' lang='lat' dir='ltr'><strong>vestras</strong></span> <span class='ocrx_word' id='word_1_12' title='bbox 435 623 520 687; x_wconf 88' lang='lat' dir='ltr'><strong>inter</strong></span> <span class='ocrx_word' id='word_1_13' title='bbox 546 621 622 705; x_wconf 87' lang='lat' dir='ltr'><strong>alia,</strong></span> <span class='ocrx_word' id='word_1_14' title='bbox 648 643 709 706; x_wconf 90' lang='lat' dir='ltr'><strong>que</strong></span> <span class='ocrx_word' id='word_1_15' title='bbox 722 623 799 707; x_wconf 78' lang='lat' dir='ltr'><strong>jure</strong></span> <span class='ocrx_word' id='word_1_16' title='bbox 814 622 892 690; x_wconf 87' lang='lat' dir='ltr'><strong>belli</strong></span> <span class='ocrx_word' id='word_1_17' title='bbox 909 623 994 690; x_wconf 91' lang='lat' dir='ltr'><strong>sicut</strong></span> <span class='ocrx_word' id='word_1_18' title='bbox 1010 625 1131 690; x_wconf 87' lang='lat' dir='ltr'><strong>assolet</strong></span> <span class='ocrx_word' id='word_1_19' title='bbox 1147 647 1199 692; x_wconf 91' lang='lat' dir='ltr'><strong>ra-</strong></span> 
     </span>
     <span class='ocr_line' id='line_1_4' title="bbox 80 729 1200 816; baseline 0.005 -23"><span class='ocrx_word' id='word_1_20' title='bbox 80 737 217 810; x_wconf 80' lang='lat' dir='ltr'><strong>puerrmt,</strong></span> <span class='ocrx_word' id='word_1_21' title='bbox 240 731 366 813; x_wconf 87' lang='lat' dir='ltr'><strong>accepti</strong></span> <span class='ocrx_word' id='word_1_22' title='bbox 390 729 523 795; x_wconf 84' lang='lat' dir='ltr'><strong>fuerunt</strong></span> <span class='ocrx_word' id='word_1_23' title='bbox 548 731 581 794; x_wconf 94' lang='lat' dir='ltr'><strong>in</strong></span> <span class='ocrx_word' id='word_1_24' title='bbox 601 730 736 814; x_wconf 79' lang='lat' dir='ltr'>predam</span> <span class='ocrx_word' id='word_1_25' title='bbox 754 733 1087 816; x_wconf 84' lang='lat' dir='ltr'><strong>sexcentumquinqne</strong></span> <span class='ocrx_word' id='word_1_26' title='bbox 1103 732 1200 798; x_wconf 82' lang='lat' dir='ltr'><strong>iasci-</strong></span> 
     </span>
     <span class='ocr_line' id='line_1_5' title="bbox 80 836 1198 923; baseline 0.004 -23"><span class='ocrx_word' id='word_1_27' title='bbox 80 837 134 900; x_wconf 88' lang='lat' dir='ltr'><strong>culi</strong></span> <span class='ocrx_word' id='word_1_28' title='bbox 149 837 233 920; x_wconf 83' lang='lat' dir='ltr'><strong>ferri,</strong></span> <span class='ocrx_word' id='word_1_29' title='bbox 243 838 365 904; x_wconf 84' lang='lat' dir='ltr'><strong>valoris</strong></span> <span class='ocrx_word' id='word_1_30' title='bbox 375 836 464 903; x_wconf 92' lang='lat' dir='ltr'><strong>mille</strong></span> <span class='ocrx_word' id='word_1_31' title='bbox 475 838 738 921; x_wconf 84' lang='lat' dir='ltr'><strong>octingentorum</strong></span> <span class='ocrx_word' id='word_1_32' title='bbox 748 837 951 921; x_wconf 79' lang='lat' dir='ltr'><strong>ducatorum,</strong></span> <span class='ocrx_word' id='word_1_33' title='bbox 968 841 1024 923; x_wconf 90' lang='lat' dir='ltr'><strong>qui</strong></span> <span class='ocrx_word' id='word_1_34' title='bbox 1036 839 1079 905; x_wconf 88' lang='lat' dir='ltr'><strong>ad</strong></span> <span class='ocrx_word' id='word_1_35' title='bbox 1095 837 1198 905; x_wconf 85' lang='lat' dir='ltr'><strong>Alex-</strong></span> 
     </span>
     <span class='ocr_line' id='line_1_6' title="bbox 11 945 1194 1033; baseline 0.002 -24"><span class='ocrx_word' id='word_1_36' title='bbox 11 971 12 974; x_wconf 43' lang='lat'><em>*</em></span> <span class='ocrx_word' id='word_1_37' title='bbox 82 945 205 1010; x_wconf 85' lang='lat' dir='ltr'><strong>andrum</strong></span> <span class='ocrx_word' id='word_1_38' title='bbox 230 945 384 1014; x_wconf 89' lang='lat' dir='ltr'><strong>Nicbolai</strong></span> <span class='ocrx_word' id='word_1_39' title='bbox 408 945 655 1014; x_wconf 81' lang='lat' dir='ltr'><strong>dilectissimum</strong></span> <span class='ocrx_word' id='word_1_40' title='bbox 680 947 779 1012; x_wconf 89' lang='lat' dir='ltr'><strong>civem</strong></span> <span class='ocrx_word' id='word_1_41' title='bbox 805 953 952 1013; x_wconf 91' lang='lat' dir='ltr'><strong>nostrum</strong></span> <span class='ocrx_word' id='word_1_42' title='bbox 969 948 1043 1033; x_wconf 88' lang='lat' dir='ltr'><strong>jure</strong></span> <span class='ocrx_word' id='word_1_43' title='bbox 1060 946 1194 1014; x_wconf 91' lang='lat' dir='ltr'><strong>dominii</strong></span> 
     </span>
     <span class='ocr_line' id='line_1_7' title="bbox 11 1053 1198 1136; baseline 0.003 -19"><span class='ocrx_word' id='word_1_44' title='bbox 11 1099 13 1116; x_wconf 88' lang='lat'><em>.</em></span> <span class='ocrx_word' id='word_1_45' title='bbox 81 1053 284 1136; x_wconf 85' lang='lat' dir='ltr'><strong>pertinebant,</strong></span> <span class='ocrx_word' id='word_1_46' title='bbox 315 1059 349 1118; x_wconf 89' lang='lat' dir='ltr'><strong>et</strong></span> <span class='ocrx_word' id='word_1_47' title='bbox 373 1053 495 1120; x_wconf 85' lang='lat' dir='ltr'><strong>ibidem</strong></span> <span class='ocrx_word' id='word_1_48' title='bbox 509 1054 540 1118; x_wconf 94' lang='lat' dir='ltr'><strong>in</strong></span> <span class='ocrx_word' id='word_1_49' title='bbox 566 1054 717 1121; x_wconf 89' lang='lat' dir='ltr'><strong>custodia</strong></span> <span class='ocrx_word' id='word_1_50' title='bbox 742 1053 896 1120; x_wconf 86' lang='lat' dir='ltr'><strong>Nicholai</strong></span> <span class='ocrx_word' id='word_1_51' title='bbox 920 1054 1094 1122; x_wconf 80' lang='lat' dir='ltr'>Michaelis</span> <span class='ocrx_word' id='word_1_52' title='bbox 1119 1056 1198 1121; x_wconf 83' lang='lat' dir='ltr'><strong>ciuis</strong></span> 
     </span>
     <span class='ocr_line' id='line_1_8' title="bbox 11 1157 1199 1247; baseline 0.003 -23"><span class='ocrx_word' id='word_1_53' title='bbox 11 1157 13 1164; x_wconf 75' lang='grc'><em>’</em></span> <span class='ocrx_word' id='word_1_54' title='bbox 82 1160 250 1226; x_wconf 77' lang='lat' dir='ltr'><strong>Florentini</strong></span> <span class='ocrx_word' id='word_1_55' title='bbox 276 1159 407 1228; x_wconf 78' lang='lat' dir='ltr'><strong>fuerant</strong></span> <span class='ocrx_word' id='word_1_56' title='bbox 422 1161 474 1228; x_wconf 92' lang='lat' dir='ltr'><strong>his</strong></span> <span class='ocrx_word' id='word_1_57' title='bbox 492 1161 606 1228; x_wconf 91' lang='lat' dir='ltr'><strong>diebus</strong></span> <span class='ocrx_word' id='word_1_58' title='bbox 622 1163 777 1246; x_wconf 86' lang='lat' dir='ltr'><strong>proximis</strong></span> <span class='ocrx_word' id='word_1_59' title='bbox 802 1163 958 1246; x_wconf 86' lang='lat' dir='ltr'><strong>deputati.</strong></span> <span class='ocrx_word' id='word_1_60' title='bbox 982 1164 1028 1228; x_wconf 85' lang='lat' dir='ltr'><strong>Et</strong></span> <span class='ocrx_word' id='word_1_61' title='bbox 1044 1163 1199 1247; x_wconf 90' lang='lat' dir='ltr'><strong>quoniam</strong></span> 
     </span>
     <span class='ocr_line' id='line_1_9' title="bbox 83 1267 1199 1355; baseline 0.005 -25"><span class='ocrx_word' id='word_1_62' title='bbox 83 1267 160 1334; x_wconf 92' lang='lat' dir='ltr'><strong>dicta</strong></span> <span class='ocrx_word' id='word_1_63' title='bbox 184 1269 309 1336; x_wconf 81' lang='lat' dir='ltr'><strong>Civitas</strong></span> <span class='ocrx_word' id='word_1_64' title='bbox 335 1269 481 1336; x_wconf 87' lang='lat' dir='ltr'><strong>subiecta</strong></span> <span class='ocrx_word' id='word_1_65' title='bbox 506 1293 570 1336; x_wconf 91' lang='lat' dir='ltr'><strong>non</strong></span> <span class='ocrx_word' id='word_1_66' title='bbox 595 1277 667 1337; x_wconf 89' lang='lat' dir='ltr'><strong>erat</strong></span> <span class='ocrx_word' id='word_1_67' title='bbox 691 1271 795 1354; x_wconf 88' lang='lat' dir='ltr'><strong>Regie</strong></span> <span class='ocrx_word' id='word_1_68' title='bbox 821 1271 948 1349; x_wconf 86' lang='lat' dir='ltr'><strong>dicioni,</strong></span> <span class='ocrx_word' id='word_1_69' title='bbox 975 1271 1031 1337; x_wconf 89' lang='lat' dir='ltr'><strong>sed</strong></span> <span class='ocrx_word' id='word_1_70' title='bbox 1056 1292 1114 1355; x_wconf 86' lang='lat' dir='ltr'><strong>per</strong></span> <span class='ocrx_word' id='word_1_71' title='bbox 1138 1267 1199 1336; x_wconf 83' lang='lat' dir='ltr'><strong>Oo-</strong></span> 
     </span>
     <span class='ocr_line' id='line_1_10' title="bbox 81 1375 1199 1462; baseline 0.003 -22.823"><span class='ocrx_word' id='word_1_72' title='bbox 81 1377 165 1442; x_wconf 87' lang='lat' dir='ltr'><strong>mitcs</strong></span> <span class='ocrx_word' id='word_1_73' title='bbox 199 1375 300 1461; x_wconf 85' lang='lat' dir='ltr'><strong>Signo</strong></span> <span class='ocrx_word' id='word_1_74' title='bbox 335 1383 461 1443; x_wconf 86' lang='lat' dir='ltr'><strong>vestros</strong></span> <span class='ocrx_word' id='word_1_75' title='bbox 495 1377 579 1444; x_wconf 81' lang='lat' dir='ltr'><strong>cives</strong></span> <span class='ocrx_word' id='word_1_76' title='bbox 611 1377 773 1462; x_wconf 86' lang='lat' dir='ltr'><strong>legitimos</strong></span> <span class='ocrx_word' id='word_1_77' title='bbox 805 1377 989 1460; x_wconf 88' lang='lat' dir='ltr'><strong>tenebatur,</strong></span> <span class='ocrx_word' id='word_1_78' title='bbox 1015 1375 1199 1444; x_wconf 77' lang='lat' dir='ltr'><strong>[lenitatem</strong></span> 
     </span>
     <span class='ocr_line' id='line_1_11' title="bbox 83 1483 1199 1570; baseline 0 -20"><span class='ocrx_word' id='word_1_79' title='bbox 83 1483 222 1552; x_wconf 82' lang='lat' dir='ltr'><strong>Vestram</strong></span> <span class='ocrx_word' id='word_1_80' title='bbox 262 1487 498 1551; x_wconf 82' lang='lat' dir='ltr'><strong>instantissime</strong></span> <span class='ocrx_word' id='word_1_81' title='bbox 538 1487 733 1570; x_wconf 87' lang='lat' dir='ltr'><strong>requirimus</strong></span> <span class='ocrx_word' id='word_1_82' title='bbox 767 1495 800 1551; x_wconf 92' lang='lat' dir='ltr'><strong>et</strong></span> <span class='ocrx_word' id='word_1_83' title='bbox 839 1507 1002 1570; x_wconf 81' lang='lat' dir='ltr'><strong>rogamus,</strong></span> <span class='ocrx_word' id='word_1_84' title='bbox 1040 1490 1199 1570; x_wconf 89' lang='lat' dir='ltr'><strong>qnatenus</strong></span> 
     </span>
     <span class='ocr_line' id='line_1_12' title="bbox 11 1573 1196 1692; baseline -0.002 -34"><span class='ocrx_word' id='word_1_85' title='bbox 11 1573 13 1692; x_wconf 55' lang='lat' dir='ltr'><strong>i</strong></span> <span class='ocrx_word' id='word_1_86' title='bbox 84 1614 182 1660; x_wconf 86' lang='lat' dir='ltr'><strong>amore</strong></span> <span class='ocrx_word' id='word_1_87' title='bbox 206 1595 309 1660; x_wconf 85' lang='lat' dir='ltr'><strong>nostri</strong></span> <span class='ocrx_word' id='word_1_88' title='bbox 340 1593 473 1677; x_wconf 89' lang='lat' dir='ltr'><strong>placeat</strong></span> <span class='ocrx_word' id='word_1_89' title='bbox 488 1595 610 1660; x_wconf 91' lang='lat' dir='ltr'><strong>dictam</strong></span> <span class='ocrx_word' id='word_1_90' title='bbox 637 1595 771 1678; x_wconf 87' lang='lat' dir='ltr'><strong>predam</strong></span> <span class='ocrx_word' id='word_1_91' title='bbox 804 1595 933 1660; x_wconf 92' lang='lat' dir='ltr'><strong>restitui</strong></span> <span class='ocrx_word' id='word_1_92' title='bbox 964 1593 1070 1660; x_wconf 89' lang='lat' dir='ltr'><strong>facere</strong></span> <span class='ocrx_word' id='word_1_93' title='bbox 1096 1591 1196 1659; x_wconf 84' lang='lat' dir='ltr'><strong>Alex-</strong></span> 
     </span>
     <span class='ocr_line' id='line_1_13' title="bbox 11 1699 1197 1788; baseline 0 -22"><span class='ocrx_word' id='word_1_94' title='bbox 11 1699 13 1736; x_wconf 68' lang='lat'><strong>²</strong></span> <span class='ocrx_word' id='word_1_95' title='bbox 83 1703 175 1768; x_wconf 88' lang='lat' dir='ltr'><strong>andro</strong></span> <span class='ocrx_word' id='word_1_96' title='bbox 215 1701 374 1788; x_wconf 88' lang='lat' dir='ltr'><strong>prefato:</strong></span> <span class='ocrx_word' id='word_1_97' title='bbox 405 1703 439 1767; x_wconf 94' lang='lat' dir='ltr'><strong>in</strong></span> <span class='ocrx_word' id='word_1_98' title='bbox 474 1701 545 1784; x_wconf 91' lang='lat' dir='ltr'><strong>hoc,</strong></span> <span class='ocrx_word' id='word_1_99' title='bbox 579 1704 664 1768; x_wconf 89' lang='lat' dir='ltr'><strong>sicut</strong></span> <span class='ocrx_word' id='word_1_100' title='bbox 696 1724 874 1788; x_wconf 88' lang='lat' dir='ltr'><strong>speramus,</strong></span> <span class='ocrx_word' id='word_1_101' title='bbox 907 1723 981 1767; x_wconf 83' lang='lat' dir='ltr'><strong>vere</strong></span> <span class='ocrx_word' id='word_1_102' title='bbox 1014 1699 1197 1768; x_wconf 79' lang='lat' dir='ltr'><strong>dilectionis</strong></span> 
     </span>
     <span class='ocr_line' id='line_1_14' title="bbox 82 1809 1199 1895; baseline -0.003 -19"><span class='ocrx_word' id='word_1_103' title='bbox 82 1809 219 1876; x_wconf 85' lang='lat' dir='ltr'><strong>affectum</strong></span> <span class='ocrx_word' id='word_1_104' title='bbox 236 1832 315 1895; x_wconf 86' lang='lat' dir='ltr'><strong>erga</strong></span> <span class='ocrx_word' id='word_1_105' title='bbox 331 1831 390 1876; x_wconf 92' lang='lat' dir='ltr'><strong>nos</strong></span> <span class='ocrx_word' id='word_1_106' title='bbox 406 1816 439 1875; x_wconf 89' lang='lat' dir='ltr'><strong>et</strong></span> <span class='ocrx_word' id='word_1_107' title='bbox 454 1815 583 1876; x_wconf 89' lang='lat' dir='ltr'><strong>nostros</strong></span> <span class='ocrx_word' id='word_1_108' title='bbox 603 1818 798 1878; x_wconf 78' lang='lat' dir='ltr'><strong>mercatores</strong></span> <span class='ocrx_word' id='word_1_109' title='bbox 815 1816 849 1876; x_wconf 91' lang='lat' dir='ltr'><strong>et</strong></span> <span class='ocrx_word' id='word_1_110' title='bbox 865 1811 948 1876; x_wconf 84' lang='lat' dir='ltr'><strong>cives</strong></span> <span class='ocrx_word' id='word_1_111' title='bbox 974 1831 1032 1893; x_wconf 89' lang='lat' dir='ltr'><strong>per</strong></span> <span class='ocrx_word' id='word_1_112' title='bbox 1048 1809 1199 1875; x_wconf 83' lang='lat' dir='ltr'><strong>ellectum</strong></span> 
     </span>
     <span class='ocr_line' id='line_1_15' title="bbox 11 1905 1200 2004; baseline 0.002 -23"><span class='ocrx_word' id='word_1_113' title='bbox 11 1905 14 1994; x_wconf 66' lang='lat'>[</span> <span class='ocrx_word' id='word_1_114' title='bbox 82 1919 178 2002; x_wconf 91' lang='lat' dir='ltr'><strong>operis</strong></span> <span class='ocrx_word' id='word_1_115' title='bbox 194 1918 432 2004; x_wconf 84' lang='lat' dir='ltr'><strong>gratiosissime</strong></span> <span class='ocrx_word' id='word_1_116' title='bbox 457 1919 672 1985; x_wconf 87' lang='lat' dir='ltr'><strong>declarantes.</strong></span> <span class='ocrx_word' id='word_1_117' title='bbox 699 1917 795 2003; x_wconf 82' lang='lat' dir='ltr'><strong>Quod</strong></span> <span class='ocrx_word' id='word_1_118' title='bbox 811 1920 943 2004; x_wconf 89' lang='lat' dir='ltr'><strong>quidem</strong></span> <span class='ocrx_word' id='word_1_119' title='bbox 959 1937 1017 1984; x_wconf 93' lang='lat' dir='ltr'><strong>nos</strong></span> <span class='ocrx_word' id='word_1_120' title='bbox 1034 1919 1076 1985; x_wconf 88' lang='lat' dir='ltr'><strong>ad</strong></span> <span class='ocrx_word' id='word_1_121' title='bbox 1092 1919 1200 2002; x_wconf 81' lang='lat' dir='ltr'><strong>singu·</strong></span> 
     </span>
     <span class='ocr_line' id='line_1_16' title="bbox 80 2023 1199 2110; baseline 0.002 -22"><span class='ocrx_word' id='word_1_122' title='bbox 80 2025 140 2090; x_wconf 88' lang='lat' dir='ltr'><strong>lare</strong></span> <span class='ocrx_word' id='word_1_123' title='bbox 162 2025 398 2110; x_wconf 88' lang='lat' dir='ltr'><strong>beneplacitum</strong></span> <span class='ocrx_word' id='word_1_124' title='bbox 425 2025 656 2092; x_wconf 79' lang='lat' dir='ltr'><strong>adscribamus.</strong></span> <span class='ocrx_word' id='word_1_125' title='bbox 690 2024 781 2090; x_wconf 89' lang='lat' dir='ltr'><strong>Data</strong></span> <span class='ocrx_word' id='word_1_126' title='bbox 805 2025 976 2091; x_wconf 81' lang='lat' dir='ltr'><strong>Florentio</strong></span> <span class='ocrx_word' id='word_1_127' title='bbox 1002 2025 1054 2091; x_wconf 90' lang='lat' dir='ltr'><strong>die</strong></span> <span class='ocrx_word' id='word_1_128' title='bbox 1081 2023 1199 2092; x_wconf 88' lang='lat' dir='ltr'>XXV.</span> 
     </span>
    </p>
   </div>
   <div class='ocr_carea' id='block_1_3' title="bbox 11 2113 859 2218">
    <p class='ocr_par' dir='ltr' id='par_1_3' title="bbox 11 2113 859 2232">
     <span class='ocr_line' id='line_1_17' title="bbox 11 2113 859 2218; baseline -0.004 -17"><span class='ocrx_word' id='word_1_129' title='bbox 11 2113 13 2214; x_wconf 47' lang='grc' dir='ltr'>ἰ</span> <span class='ocrx_word' id='word_1_130' title='bbox 81 2131 268 2218; x_wconf 84' lang='lat' dir='ltr'><strong>Septembris</strong></span> <span class='ocrx_word' id='word_1_131' title='bbox 284 2133 370 2200; x_wconf 90' lang='lat' dir='ltr'><strong>IIII.</strong></span> <span class='ocrx_word' id='word_1_132' title='bbox 387 2133 563 2200; x_wconf 82' lang='lat' dir='ltr'><strong>indictione</strong></span> <span class='ocrx_word' id='word_1_133' title='bbox 579 2131 859 2202; x_wconf 83' lang='lat' dir='ltr'>MOOOLXXX.</span> 
     </span>
    </p>
   </div>
   <div class='ocr_carea' id='block_1_4' title="bbox 11 2277 1195 2433">
    <p class='ocr_par' dir='ltr' id='par_1_4' title="bbox 11 2237 1195 2433">
     <span class='ocr_line' id='line_1_18' title="bbox 11 2277 1195 2345; baseline -0.001 -17"><span class='ocrx_word' id='word_1_134' title='bbox 11 2299 13 2322; x_wconf 63' lang='grc' dir='ltr'><em>ι</em></span> <span class='ocrx_word' id='word_1_135' title='bbox 78 2279 189 2337; x_wconf 75' lang='lat' dir='ltr'><strong>(Eredeti</strong></span> <span class='ocrx_word' id='word_1_136' title='bbox 200 2277 413 2344; x_wconf 78' lang='lat' dir='ltr'><strong>logalmazvany</strong></span> <span class='ocrx_word' id='word_1_137' title='bbox 426 2293 442 2328; x_wconf 88' lang='lat' dir='ltr'><strong>a</strong></span> <span class='ocrx_word' id='word_1_138' title='bbox 453 2278 592 2345; x_wconf 62' lang='lat' dir='ltr'><strong>»signori</strong></span> <span class='ocrx_word' id='word_1_139' title='bbox 606 2278 762 2344; x_wconf 80' lang='lat' dir='ltr'><strong>Carteggie,</strong></span> <span class='ocrx_word' id='word_1_140' title='bbox 776 2277 904 2328; x_wconf 79' lang='lat' dir='ltr'><strong>Mincius«</strong></span> <span class='ocrx_word' id='word_1_141' title='bbox 920 2279 972 2327; x_wconf 82' lang='lat' dir='ltr'><strong>stb.</strong></span> <span class='ocrx_word' id='word_1_142' title='bbox 996 2277 1104 2342; x_wconf 74' lang='lat' dir='ltr'><strong>osztdly</strong></span> <span class='ocrx_word' id='word_1_143' title='bbox 1118 2277 1195 2327; x_wconf 82' lang='lat' dir='ltr'><strong>xlx.</strong></span> 
     </span>
     <span class='ocr_line' id='line_1_19' title="bbox 229 2365 1035 2433; baseline -0.004 -14"><span class='ocrx_word' id='word_1_144' title='bbox 229 2367 386 2433; x_wconf 75' lang='lat' dir='ltr'><strong>kdtegdben</strong></span> <span class='ocrx_word' id='word_1_145' title='bbox 406 2372 448 2418; x_wconf 81' lang='lat'><strong>51.</strong></span> <span class='ocrx_word' id='word_1_146' title='bbox 462 2383 499 2418; x_wconf 80' lang='lat' dir='ltr'><strong>sa.</strong></span> <span class='ocrx_word' id='word_1_147' title='bbox 513 2383 537 2420; x_wconf 82' lang='lat' dir='ltr'><strong>a.</strong></span> <span class='ocrx_word' id='word_1_148' title='bbox 552 2382 568 2417; x_wconf 87' lang='lat' dir='ltr'><strong>a</strong></span> <span class='ocrx_word' id='word_1_149' title='bbox 581 2369 711 2418; x_wconf 87' lang='lat' dir='ltr'><strong>florenczi</strong></span> <span class='ocrx_word' id='word_1_150' title='bbox 730 2381 803 2433; x_wconf 81' lang='lat' dir='ltr'><strong>nagy</strong></span> <span class='ocrx_word' id='word_1_151' title='bbox 823 2365 1035 2424; x_wconf 73' lang='lat' dir='ltr'><strong>levtltdretban.l</strong></span> 
     </span>
    </p>
   </div>
   <div class='ocr_carea' id='block_1_5' title="bbox 553 2529 712 2540">
    <p class='ocr_par' dir='ltr' id='par_1_5' title="bbox 553 2529 712 2540">
     <span class='ocr_line' id='line_1_20' title="bbox 553 2529 712 2540; baseline -0.013 -1"><span class='ocrx_word' id='word_1_152' title='bbox 553 2529 712 2540; x_wconf 71' lang='lat'>——0-</span> 
     </span>
    </p>
   </div>
   <div class='ocr_carea' id='block_1_6' title="bbox 602 2676 673 2737">
    <p class='ocr_par' dir='ltr' id='par_1_6' title="bbox 602 2676 673 2737">
     <span class='ocr_line' id='line_1_21' title="bbox 602 2676 673 2737; baseline 0 -1"><span class='ocrx_word' id='word_1_153' title='bbox 602 2676 673 2737; x_wconf 80' lang='lat'><strong>177.</strong></span> 
     </span>
    </p>
   </div>
   <div class='ocr_carea' id='block_1_7' title="bbox 12 2803 1200 2922">
    <p class='ocr_par' dir='ltr' id='par_1_7' title="bbox 12 2793 1200 2928">
     <span class='ocr_line' id='line_1_22' title="bbox 12 2803 1200 2922; baseline -0.003 -21"><span class='ocrx_word' id='word_1_154' title='bbox 12 2803 14 2814; x_wconf 21' lang='lat' dir='ltr'><strong>i</strong></span> <span class='ocrx_word' id='word_1_155' title='bbox 83 2834 196 2902; x_wconf 81' lang='lat' dir='ltr'><strong>Vilmor</strong></span> <span class='ocrx_word' id='word_1_156' title='bbox 221 2836 327 2922; x_wconf 63' lang='lat' dir='ltr'><strong>cycl-i</strong></span> <span class='ocrx_word' id='word_1_157' title='bbox 349 2835 540 2922; x_wconf 70' lang='lat' dir='ltr'><strong>parpdlcaek</strong></span> <span class='ocrx_word' id='word_1_158' title='bbox 566 2860 587 2900; x_wconf 83' lang='lat' dir='ltr'><strong>o</strong></span> <span class='ocrx_word' id='word_1_159' title='bbox 612 2835 762 2918; x_wconf 79' lang='lat' dir='ltr'><strong>florernczc&#39;</strong></span> <span class='ocrx_word' id='word_1_160' title='bbox 788 2835 1070 2921; x_wconf 75' lang='lat' dir='ltr'><strong>korrndaytaao&#39;ca</strong></span> <span class='ocrx_word' id='word_1_161' title='bbox 1105 2835 1200 2898; x_wconf 80' lang='lat'><strong><em>1380.</em></strong></span> 
     </span>
    </p>
   </div>
   <div class='ocr_carea' id='block_1_8' title="bbox 13 2994 1202 4589">
    <p class='ocr_par' dir='ltr' id='par_1_8' title="bbox 13 2994 1202 4589">
     <span class='ocr_line' id='line_1_23' title="bbox 286 2994 648 3080; baseline -0.006 -18"><span class='ocrx_word' id='word_1_162' title='bbox 286 2995 453 3080; x_wconf 88' lang='lat' dir='ltr'><strong>Episcopo</strong></span> <span class='ocrx_word' id='word_1_163' title='bbox 469 2994 648 3063; x_wconf 83' lang='lat' dir='ltr'><strong>Jauriensi.</strong></span> 
     </span>
     <span class='ocr_line' id='line_1_24' title="bbox 13 3101 1200 3186; baseline -0.003 -16"><span class='ocrx_word' id='word_1_164' title='bbox 13 3179 14 3186; x_wconf 38' lang='lat'><strong>,</strong></span> <span class='ocrx_word' id='word_1_165' title='bbox 178 3104 461 3170; x_wconf 83' lang='lat' dir='ltr'><strong>Reverendissime</strong></span> <span class='ocrx_word' id='word_1_166' title='bbox 477 3106 511 3169; x_wconf 93' lang='lat' dir='ltr'><strong>in</strong></span> <span class='ocrx_word' id='word_1_167' title='bbox 526 3103 659 3170; x_wconf 79' lang='lat' dir='ltr'><strong>Christo</strong></span> <span class='ocrx_word' id='word_1_168' title='bbox 676 3103 787 3170; x_wconf 88' lang='lat' dir='ltr'><strong>Pater.</strong></span> <span class='ocrx_word' id='word_1_169' title='bbox 803 3103 985 3169; x_wconf 82' lang='lat' dir='ltr'><strong>Redienunt</strong></span> <span class='ocrx_word' id='word_1_170' title='bbox 1000 3103 1043 3169; x_wconf 87' lang='lat' dir='ltr'><strong>ad</strong></span> <span class='ocrx_word' id='word_1_171' title='bbox 1059 3124 1118 3169; x_wconf 94' lang='lat' dir='ltr'><strong>nos</strong></span> <span class='ocrx_word' id='word_1_172' title='bbox 1133 3101 1200 3166; x_wconf 90' lang='lat' dir='ltr'><strong>No-</strong></span> 
     </span>
     <span class='ocr_line' id='line_1_25' title="bbox 13 3207 1198 3296; baseline -0.001 -21"><span class='ocrx_word' id='word_1_173' title='bbox 13 3207 14 3210; x_wconf 61' lang='grc'>’</span> <span class='ocrx_word' id='word_1_174' title='bbox 79 3209 152 3277; x_wconf 93' lang='lat' dir='ltr'><strong>biles</strong></span> <span class='ocrx_word' id='word_1_175' title='bbox 178 3213 246 3296; x_wconf 87' lang='lat' dir='ltr'><strong>viri,</strong></span> <span class='ocrx_word' id='word_1_176' title='bbox 271 3211 420 3277; x_wconf 91' lang='lat' dir='ltr'><strong>dominus</strong></span> <span class='ocrx_word' id='word_1_177' title='bbox 447 3211 571 3276; x_wconf 87' lang='lat' dir='ltr'><strong>Russus</strong></span> <span class='ocrx_word' id='word_1_178' title='bbox 597 3211 635 3276; x_wconf 87' lang='lat' dir='ltr'><strong>de</strong></span> <span class='ocrx_word' id='word_1_179' title='bbox 660 3211 781 3277; x_wconf 90' lang='lat' dir='ltr'><strong>Ricciis</strong></span> <span class='ocrx_word' id='word_1_180' title='bbox 801 3208 902 3294; x_wconf 89' lang='lat' dir='ltr'><strong>miles,</strong></span> <span class='ocrx_word' id='word_1_181' title='bbox 919 3217 952 3276; x_wconf 93' lang='lat' dir='ltr'><strong>et</strong></span> <span class='ocrx_word' id='word_1_182' title='bbox 968 3209 1125 3277; x_wconf 79' lang='lat' dir='ltr'><strong>Silvester</strong></span> <span class='ocrx_word' id='word_1_183' title='bbox 1141 3209 1198 3276; x_wconf 91' lang='lat' dir='ltr'><strong>Jo-</strong></span> 
     </span>
     <span class='ocr_line' id='line_1_26' title="bbox 13 3313 1200 3401; baseline 0 -19"><span class='ocrx_word' id='word_1_184' title='bbox 13 3313 14 3350; x_wconf 76' lang='lat'>³</span> <span class='ocrx_word' id='word_1_185' title='bbox 79 3316 196 3398; x_wconf 89' lang='lat' dir='ltr'><strong>bannis,</strong></span> <span class='ocrx_word' id='word_1_186' title='bbox 211 3319 411 3384; x_wconf 90' lang='lat' dir='ltr'><strong>dilectissimi</strong></span> <span class='ocrx_word' id='word_1_187' title='bbox 428 3318 534 3384; x_wconf 87' lang='lat' dir='ltr'><strong>nostri</strong></span> <span class='ocrx_word' id='word_1_188' title='bbox 550 3317 644 3398; x_wconf 84' lang='lat' dir='ltr'><strong>cives,</strong></span> <span class='ocrx_word' id='word_1_189' title='bbox 661 3338 742 3400; x_wconf 93' lang='lat' dir='ltr'><strong>quos</strong></span> <span class='ocrx_word' id='word_1_190' title='bbox 759 3339 844 3382; x_wconf 91' lang='lat' dir='ltr'><strong>nunc</strong></span> <span class='ocrx_word' id='word_1_191' title='bbox 860 3317 902 3382; x_wconf 90' lang='lat' dir='ltr'><strong>ad</strong></span> <span class='ocrx_word' id='word_1_192' title='bbox 918 3319 1116 3401; x_wconf 84' lang='lat' dir='ltr'><strong>presentiam</strong></span> <span class='ocrx_word' id='word_1_193' title='bbox 1134 3315 1200 3383; x_wconf 91' lang='lat' dir='ltr'><strong>ela·</strong></span> 
     </span>
     <span class='ocr_line' id='line_1_27' title="bbox 80 3423 1200 3511; baseline 0 -22"><span class='ocrx_word' id='word_1_194' title='bbox 80 3427 188 3492; x_wconf 85' lang='lat' dir='ltr'><strong>nissimi</strong></span> <span class='ocrx_word' id='word_1_195' title='bbox 206 3427 368 3510; x_wconf 92' lang='lat' dir='ltr'><strong>Principis</strong></span> <span class='ocrx_word' id='word_1_196' title='bbox 385 3425 506 3492; x_wconf 90' lang='lat' dir='ltr'><strong>domini</strong></span> <span class='ocrx_word' id='word_1_197' title='bbox 523 3423 634 3491; x_wconf 81' lang='lat' dir='ltr'><strong>Caroli</strong></span> <span class='ocrx_word' id='word_1_198' title='bbox 652 3425 692 3490; x_wconf 91' lang='lat' dir='ltr'><strong>de</strong></span> <span class='ocrx_word' id='word_1_199' title='bbox 709 3423 878 3511; x_wconf 90' lang='lat' dir='ltr'><strong>Dyracbio</strong></span> <span class='ocrx_word' id='word_1_200' title='bbox 899 3424 994 3508; x_wconf 92' lang='lat' dir='ltr'><strong>plene</strong></span> <span class='ocrx_word' id='word_1_201' title='bbox 1005 3425 1200 3492; x_wconf 89' lang='lat' dir='ltr'><strong>remittimus</strong></span> 
     </span>
     <span class='ocr_line' id='line_1_28' title="bbox 80 3531 1201 3619; baseline 0.001 -24.944"><span class='ocrx_word' id='word_1_202' title='bbox 80 3531 270 3602; x_wconf 83' lang='lat' dir='ltr'><strong>informatos.</strong></span> <span class='ocrx_word' id='word_1_203' title='bbox 286 3533 504 3619; x_wconf 91' lang='lat' dir='ltr'><strong>Ipsorumque</strong></span> <span class='ocrx_word' id='word_1_204' title='bbox 529 3533 685 3601; x_wconf 84' lang='lat' dir='ltr'><strong>relatione</strong></span> <span class='ocrx_word' id='word_1_205' title='bbox 711 3539 881 3617; x_wconf 83' lang='lat' dir='ltr'><strong>gratanter</strong></span> <span class='ocrx_word' id='word_1_206' title='bbox 897 3535 1084 3618; x_wconf 88' lang='lat' dir='ltr'><strong>accepimus,</strong></span> <span class='ocrx_word' id='word_1_207' title='bbox 1102 3552 1201 3618; x_wconf 90' lang='lat' dir='ltr'><strong>quam</strong></span> 
     </span>
     <span class='ocr_line' id='line_1_29' title="bbox 14 3638 1200 3732; baseline 0.004 -30"><span class='ocrx_word' id='word_1_208' title='bbox 14 3639 15 3732; x_wconf 61' lang='lat' dir='ltr'>s</span> <span class='ocrx_word' id='word_1_209' title='bbox 81 3638 304 3726; x_wconf 83' lang='lat' dir='ltr'><strong>favorabiliter,</strong></span> <span class='ocrx_word' id='word_1_210' title='bbox 329 3663 491 3726; x_wconf 88' lang='lat' dir='ltr'><strong>quamque</strong></span> <span class='ocrx_word' id='word_1_211' title='bbox 517 3642 672 3728; x_wconf 90' lang='lat' dir='ltr'><strong>propicie,</strong></span> <span class='ocrx_word' id='word_1_212' title='bbox 696 3663 757 3726; x_wconf 93' lang='lat' dir='ltr'><strong>pro</strong></span> <span class='ocrx_word' id='word_1_213' title='bbox 779 3643 884 3708; x_wconf 88' lang='lat' dir='ltr'><strong>nostri</strong></span> <span class='ocrx_word' id='word_1_214' title='bbox 901 3641 1088 3708; x_wconf 83' lang='lat' dir='ltr'><strong>Oomnmnis</strong></span> <span class='ocrx_word' id='word_1_215' title='bbox 1104 3663 1200 3727; x_wconf 86' lang='lat' dir='ltr'><strong>nego·</strong></span> 
     </span>
     <span class='ocr_line' id='line_1_30' title="bbox 14 3748 1200 3850; baseline 0.004 -41"><span class='ocrx_word' id='word_1_216' title='bbox 14 3831 15 3850; x_wconf 13' lang='grc' dir='ltr'><strong>Χ</strong></span> <span class='ocrx_word' id='word_1_217' title='bbox 82 3748 131 3815; x_wconf 90' lang='lat' dir='ltr'><strong>ciis</strong></span> <span class='ocrx_word' id='word_1_218' title='bbox 154 3749 280 3816; x_wconf 88' lang='lat' dir='ltr'><strong>fueritis</strong></span> <span class='ocrx_word' id='word_1_219' title='bbox 306 3756 470 3834; x_wconf 88' lang='lat' dir='ltr'><strong>operatus,</strong></span> <span class='ocrx_word' id='word_1_220' title='bbox 487 3755 674 3834; x_wconf 86' lang='lat' dir='ltr'><strong>quantoque</strong></span> <span class='ocrx_word' id='word_1_221' title='bbox 690 3755 759 3816; x_wconf 90' lang='lat' dir='ltr'><strong>tam</strong></span> <span class='ocrx_word' id='word_1_222' title='bbox 775 3752 860 3834; x_wconf 92' lang='lat' dir='ltr'><strong>ipsos</strong></span> <span class='ocrx_word' id='word_1_223' title='bbox 876 3771 975 3834; x_wconf 90' lang='lat' dir='ltr'><strong>quam</strong></span> <span class='ocrx_word' id='word_1_224' title='bbox 991 3750 1132 3835; x_wconf 88' lang='lat' dir='ltr'><strong>reliquos</strong></span> <span class='ocrx_word' id='word_1_225' title='bbox 1147 3749 1200 3814; x_wconf 93' lang='lat' dir='ltr'><strong>be-</strong></span> 
     </span>
     <span class='ocr_line' id='line_1_31' title="bbox 81 3854 1198 3941; baseline 0.002 -20"><span class='ocrx_word' id='word_1_226' title='bbox 81 3854 167 3938; x_wconf 86' lang='lat' dir='ltr'><strong>nigne</strong></span> <span class='ocrx_word' id='word_1_227' title='bbox 181 3856 420 3940; x_wconf 83' lang='lat' dir='ltr'><strong>fueritVestra</strong></span> <span class='ocrx_word' id='word_1_228' title='bbox 436 3856 636 3938; x_wconf 87' lang='lat' dir='ltr'><strong>Paternitas,</strong></span> <span class='ocrx_word' id='word_1_229' title='bbox 652 3878 815 3940; x_wconf 88' lang='lat' dir='ltr'><strong>quamque</strong></span> <span class='ocrx_word' id='word_1_230' title='bbox 835 3856 1074 3924; x_wconf 86' lang='lat' dir='ltr'><strong>honorabiliter</strong></span> <span class='ocrx_word' id='word_1_231' title='bbox 1089 3879 1198 3941; x_wconf 90' lang='lat' dir='ltr'><strong>prose·</strong></span> 
     </span>
     <span class='ocr_line' id='line_1_32' title="bbox 83 3963 1200 4050; baseline 0.005 -26"><span class='ocrx_word' id='word_1_232' title='bbox 83 3970 155 4032; x_wconf 84' lang='lat' dir='ltr'><strong>cula</strong></span> <span class='ocrx_word' id='word_1_233' title='bbox 171 3965 237 4032; x_wconf 93' lang='lat' dir='ltr'><strong>Pro</strong></span> <span class='ocrx_word' id='word_1_234' title='bbox 255 3965 372 4049; x_wconf 91' lang='lat' dir='ltr'><strong>quibus</strong></span> <span class='ocrx_word' id='word_1_235' title='bbox 382 3965 578 4031; x_wconf 89' lang='lat' dir='ltr'><strong>Reverentie</strong></span> <span class='ocrx_word' id='word_1_236' title='bbox 596 3963 713 4034; x_wconf 91' lang='lat' dir='ltr'><strong>Vestre</strong></span> <span class='ocrx_word' id='word_1_237' title='bbox 724 3965 932 4049; x_wconf 90' lang='lat' dir='ltr'><strong>rependimus</strong></span> <span class='ocrx_word' id='word_1_238' title='bbox 948 3966 1064 4050; x_wconf 88' lang='lat' dir='ltr'><strong>dignas</strong></span> <span class='ocrx_word' id='word_1_239' title='bbox 1081 3969 1200 4048; x_wconf 86' lang='lat' dir='ltr'><strong>grates,</strong></span> 
     </span>
     <span class='ocr_line' id='line_1_33' title="bbox 15 4065 1202 4141; baseline -0.001 -4"><span class='ocrx_word' id='word_1_240' title='bbox 15 4115 16 4120; x_wconf 22' lang='grc' dir='ltr'><strong>κ</strong></span> <span class='ocrx_word' id='word_1_241' title='bbox 84 4065 311 4141; x_wconf 87' lang='lat' dir='ltr'><strong>humanitatem</strong></span> <span class='ocrx_word' id='word_1_242' title='bbox 337 4080 370 4139; x_wconf 88' lang='lat' dir='ltr'><strong>et</strong></span> <span class='ocrx_word' id='word_1_243' title='bbox 394 4072 645 4139; x_wconf 89' lang='lat' dir='ltr'><strong>benivolentiam</strong></span> <span class='ocrx_word' id='word_1_244' title='bbox 670 4079 811 4140; x_wconf 88' lang='lat' dir='ltr'><strong>vestram</strong></span> <span class='ocrx_word' id='word_1_245' title='bbox 846 4075 923 4139; x_wconf 87' lang='lat' dir='ltr'><strong>totis</strong></span> <span class='ocrx_word' id='word_1_246' title='bbox 954 4071 1123 4138; x_wconf 82' lang='lat' dir='ltr'><strong>affectibus</strong></span> <span class='ocrx_word' id='word_1_247' title='bbox 1149 4068 1202 4136; x_wconf 91' lang='lat' dir='ltr'><strong>de·</strong></span> 
     </span>
     <span class='ocr_line' id='line_1_34' title="bbox 83 4179 1201 4265; baseline 0.003 -25"><span class='ocrx_word' id='word_1_248' title='bbox 83 4187 248 4264; x_wconf 77' lang='lat' dir='ltr'><strong>precanter,</strong></span> <span class='ocrx_word' id='word_1_249' title='bbox 264 4187 424 4264; x_wconf 86' lang='lat' dir='ltr'><strong>quatenus</strong></span> <span class='ocrx_word' id='word_1_250' title='bbox 440 4200 549 4246; x_wconf 86' lang='lat' dir='ltr'><strong>amore</strong></span> <span class='ocrx_word' id='word_1_251' title='bbox 567 4179 679 4263; x_wconf 90' lang='lat' dir='ltr'><strong>nostri,</strong></span> <span class='ocrx_word' id='word_1_252' title='bbox 704 4200 786 4264; x_wconf 91' lang='lat' dir='ltr'><strong>quos</strong></span> <span class='ocrx_word' id='word_1_253' title='bbox 811 4182 948 4265; x_wconf 88' lang='lat' dir='ltr'><strong>potestis</strong></span> <span class='ocrx_word' id='word_1_254' title='bbox 965 4199 1058 4245; x_wconf 84' lang='lat' dir='ltr'><strong>veros</strong></span> <span class='ocrx_word' id='word_1_255' title='bbox 1076 4183 1201 4245; x_wconf 87' lang='lat' dir='ltr'><strong>vestros</strong></span> 
     </span>
     <span class='ocr_line' id='line_1_35' title="bbox 84 4281 1202 4374; baseline 0.001 -24"><span class='ocrx_word' id='word_1_256' title='bbox 84 4281 156 4353; x_wconf 85' lang='lat' dir='ltr'><strong>filios</strong></span> <span class='ocrx_word' id='word_1_257' title='bbox 170 4288 203 4353; x_wconf 93' lang='lat' dir='ltr'><strong>in</strong></span> <span class='ocrx_word' id='word_1_258' title='bbox 220 4289 369 4354; x_wconf 89' lang='lat' dir='ltr'><strong>omnibus</strong></span> <span class='ocrx_word' id='word_1_259' title='bbox 386 4294 547 4372; x_wconf 86' lang='lat' dir='ltr'><strong>reputare,</strong></span> <span class='ocrx_word' id='word_1_260' title='bbox 566 4289 721 4372; x_wconf 90' lang='lat' dir='ltr'><strong>prosequi</strong></span> <span class='ocrx_word' id='word_1_261' title='bbox 738 4287 856 4372; x_wconf 88' lang='lat' dir='ltr'><strong>placet,</strong></span> <span class='ocrx_word' id='word_1_262' title='bbox 872 4311 935 4374; x_wconf 89' lang='lat' dir='ltr'><strong>qus</strong></span> <span class='ocrx_word' id='word_1_263' title='bbox 951 4295 1019 4356; x_wconf 89' lang='lat' dir='ltr'><strong>tam</strong></span> <span class='ocrx_word' id='word_1_264' title='bbox 1036 4291 1129 4373; x_wconf 84' lang='lat' dir='ltr'><strong>grate</strong></span> <span class='ocrx_word' id='word_1_265' title='bbox 1146 4308 1202 4352; x_wconf 89' lang='lat' dir='ltr'><strong>no·</strong></span> 
     </span>
     <span class='ocr_line' id='line_1_36' title="bbox 86 4386 1202 4480; baseline 0.005 -28"><span class='ocrx_word' id='word_1_266' title='bbox 86 4386 136 4475; x_wconf 88' lang='lat' dir='ltr'><strong>bis,</strong></span> <span class='ocrx_word' id='word_1_267' title='bbox 151 4401 281 4480; x_wconf 88' lang='lat' dir='ltr'><strong>tamque</strong></span> <span class='ocrx_word' id='word_1_268' title='bbox 296 4397 330 4462; x_wconf 93' lang='lat' dir='ltr'><strong>in</strong></span> <span class='ocrx_word' id='word_1_269' title='bbox 347 4395 449 4464; x_wconf 91' lang='lat' dir='ltr'><strong>oculis</strong></span> <span class='ocrx_word' id='word_1_270' title='bbox 465 4397 608 4462; x_wconf 91' lang='lat' dir='ltr'><strong>omnium</strong></span> <span class='ocrx_word' id='word_1_271' title='bbox 623 4394 837 4462; x_wconf 86' lang='lat' dir='ltr'><strong>laudabiliter</strong></span> <span class='ocrx_word' id='word_1_272' title='bbox 852 4397 1026 4480; x_wconf 87' lang='lat' dir='ltr'><strong>incepistis.</strong></span> <span class='ocrx_word' id='word_1_273' title='bbox 1052 4395 1099 4460; x_wconf 87' lang='lat' dir='ltr'><strong>Ut</strong></span> <span class='ocrx_word' id='word_1_274' title='bbox 1115 4395 1202 4460; x_wconf 87' lang='lat' dir='ltr'><strong>exin·</strong></span> 
     </span>
     <span class='ocr_line' id='line_1_37' title="bbox 87 4497 1202 4589; baseline 0.006 -25"><span class='ocrx_word' id='word_1_275' title='bbox 87 4497 121 4564; x_wconf 89' lang='lat' dir='ltr'><strong>de</strong></span> <span class='ocrx_word' id='word_1_276' title='bbox 143 4504 297 4571; x_wconf 88' lang='lat' dir='ltr'><strong>reddatur</strong></span> <span class='ocrx_word' id='word_1_277' title='bbox 331 4511 443 4571; x_wconf 89' lang='lat' dir='ltr'><strong>nostra</strong></span> <span class='ocrx_word' id='word_1_278' title='bbox 469 4504 696 4570; x_wconf 83' lang='lat' dir='ltr'><strong>Communitas</strong></span> <span class='ocrx_word' id='word_1_279' title='bbox 712 4504 906 4589; x_wconf 78' lang='lat' dir='ltr'><strong>Dignationi</strong></span> <span class='ocrx_word' id='word_1_280' title='bbox 932 4503 1051 4572; x_wconf 87' lang='lat' dir='ltr'><strong>Vestre</strong></span> <span class='ocrx_word' id='word_1_281' title='bbox 1077 4504 1202 4571; x_wconf 90' lang='lat' dir='ltr'><strong>eunctis</strong></span> 
     </span>
    </p>
   </div>
   <div class='ocr_carea' id='block_1_9' title="bbox 0 0 1625 5254">
    <p class='ocr_par' dir='ltr' id='par_1_9' title="bbox 0 0 1625 5254">
     <span class='ocr_line' id='line_1_38' title="bbox 0 0 1625 5254; baseline 0 0"><span class='ocrx_word' id='word_1_282' title='bbox 0 0 1625 5254; x_wconf 95' lang='lat' dir='ltr'><strong> </strong></span> 
     </span>
    </p>
   </div>
  </div>
 </body>
</html>
