3134 5254
49 869 159 957 linguan
177 869 209 934 e's
228 863 361 933 Arreooo
386 862 510 952 tangeri
529 861 662 925 octrosolc
688 859 771 923 letati
797 854 1027 920 kercskeclelmi
1054 875 1155 940 epyru-

484 971 588 1034 tedes.
607 971 702 1033 1379.

138 1139 410 1218 (Instrumentum
429 1131 467 1198 de
485 1137 597 1196 mutuo
613 1132 831 1194 traetemento
855 1123 1109 1208 Ragusiensium
1126 1128 1159 1186 et

49 1247 310 1312 Anconitanorum
329 1242 436 1326 quoad
453 1241 647 1323 (loghanam
673 1235 881 1319 ancoragium
908 1238 967 1299 etc.
995 1232 1158 1297 Memora·

49 1361 91 1419 tur
100 1355 322 1420 commercium
333 1349 612 1416 Anconitenorunr
625 1369 684 1431 per
694 1342 895 1430 Rugusium)
906 1342 949 1407 ad
959 1348 1063 1406 totum
1071 1337 1157 1421 Reg-

49 1485 110 1528 num
127 1463 257 1544 Rasuie,
284 1461 327 1527 ad
354 1465 481 1544 partem
508 1457 616 1540 Regni
641 1455 813 1538 Hungarie
838 1457 986 1516 vocatam
1013 1446 1159 1514 Samiam

9 1621 10 1626 η
50 1571 60 1651 (
69 1569 88 1652 Ρ,
108 1571 171 1637 fors
188 1570 362 1651 Sirmium3
386 1589 485 1652 porro
501 1565 544 1632 acl
561 1564 685 1630 insulas
695 1558 856 1642 Meledae,
867 1557 1034 1638 (imolae,
1051 1556 1160 1623 Farae

49 1685 74 1744 et
86 1679 253 1763 Brachiae,
270 1678 313 1744 ad
330 1675 530 1743 Durauhium
547 1682 580 1738 et
597 1671 786 1738 Avelonem.
806 1669 930 1734 Datum
948 1665 988 1736 V.
1006 1663 1161 1732 Octobris

49 1807 118 1852 nuno
139 1788 249 1873 1379.)

9 1943 10 1946 ’
49 1931 108 1990 (XV.
120 1934 226 1983 susizudi
238 1933 351 1998 jegyzoi
366 1931 543 1996 okmrtnybbl,
556 1928 686 1994 nrelynek
699 1926 763 1978 csak
777 1923 908 1975 titrerle'ke
930 1936 1051 1989 nregvan
1072 1923 1100 1972 es
1129 1935 1161 1970 ez

89 2023 109 2071 is
122 2025 181 2088 igen
196 2023 372 2088 megrongrilt
387 2023 557 2084 tilapotbau,
571 2037 587 2069 u
600 2019 674 2069 bessi
688 2017 808 2066 csaszriri
821 2017 908 2066 titkos
917 2013 1111 2074 levtlttrben.)

521 2183 679 2194 ..ψ-...ι-

49 2493 74 2556 l.
91 2496 184 2582 Lujos
199 2517 340 2581 nrupyur
357 2494 389 2556 cs
405 2491 528 2578 lenqyel
546 2489 727 2577 leirutlpnuk
744 2515 762 2556 α
773 2489 929 2578 florenczc'
946 2489 1166 2574 lciiztcirsascig.

557 2604 650 2665 1379.

251 2764 337 2846 Regi
357 2763 538 2848 Hungarie.

145 2871 359 2939 Serenissime
375 2879 475 2957 atque
492 2871 703 2940 invictissime
720 2873 885 2957 Princeps.
912 2871 1039 2939 Scimus
1065 2867 1170 2936 Oelsi·

45 2981 161 3046 tudinis
177 2979 299 3048 Vestre
316 2981 530 3062 elementiam,
556 3003 617 3064 que
634 3004 693 3065 per
717 2982 1027 3064 gloriosissimorum
1054 2981 1168 3065 prede·

9 3145 11 3152 ,
46 3109 200 3155 sessorum
226 3111 359 3154 suorum
385 3087 565 3172 gradiendo
588 3090 732 3174 vestigia,
758 3092 843 3156 hunc
867 3089 1109 3154 devotissimum
1137 3095 1169 3153 et

43 3199 233 3278 peculiarem
252 3195 437 3280 llajestatis
452 3195 571 3263 Vestro
588 3199 752 3281 populum,
770 3219 834 3262 non
859 3197 1092 3279 Florentinem,
1109 3189 1166 3262 sed
1218 3189 1221 3194 ’

47 3302 192 3388 Regium,
209 3306 335 3369 cunetis
361 3312 448 3371 retro
474 3305 676 3390 temporibus
702 3307 879 3389 singularis
906 3307 1054 3372 caritatis
1080 3305 1174 3370 affec·

9 3439 10 3442 ¹
45 3414 127 3478 tione
145 3407 272 3495 dilexit,
289 3414 374 3479 sicut
389 3414 527 3480 libenter
544 3414 583 3479 de
599 3414 693 3480 nobis
711 3437 836 3499 semper
852 3414 979 3480 audisse
996 3413 1112 3495 felicia,
1129 3413 1173 3478 sio

44 3519 253 3606 displicenter
270 3522 402 3588 sinistra
419 3523 566 3605 quelibet
582 3524 774 3607 percepisse,
792 3529 824 3587 et
840 3545 904 3588 non
928 3524 1046 3605 minus,
1072 3541 1171 3603 quum

43 3650 96 3694 nos
113 3633 214 3716 ipsos,
230 3632 265 3696 in
290 3633 413 3697 nostris
428 3631 529 3698 fuisse
545 3633 785 3699 turbationibus
802 3632 1038 3717 perturbatum.
1063 3632 1109 3698 Et
1129 3632 1170 3696 ob

44 3736 74 3802 io
91 3761 209 3806 secure
219 3741 366 3824 loquitur
378 3763 449 3805 eum
461 3740 582 3808 Vestra
599 3741 807 3809 Sublimitate
826 3751 939 3810 nostra
955 3743 1092 3823 devoti0,
1110 3761 1171 3824 que

42 3857 168 3914 nonest
186 3851 264 3933 plus
281 3846 321 3912 de
338 3850 405 3916 suis
422 3850 558 3934 populis,
574 3871 671 3934 quam
682 3853 721 3917 de
732 3858 842 3920 nostre
859 3852 1055 3919 humilitatis
1072 3857 1169 3932 statu,

43 3963 73 4022 et
88 3955 185 4022 huius
203 3956 400 4041 Reipublice
417 3959 617 4024 successibus
635 3962 772 4027 curiosa.
783 3959 922 4026 Noverit
937 3961 1048 4043 itaque
1065 3959 1172 4042 Regia

45 4062 311 4146 Celsitudo,illos
324 4066 588 4132 sceleratissimos
606 4069 689 4133 cives
701 4075 839 4151 nostros
856 4069 911 4152 qui
927 4074 1054 4133 tautum
1071 4069 1103 4132 in
1115 4068 1176 4132 hac

40 4173 114 4237 urbe
132 4174 331 4240 scandulum
347 4175 541 4258 excitarunt,
559 4179 678 4260 quique
695 4177 762 4243 suis
789 4177 962 4258 demeritis,
978 4177 1063 4242 sicut
1089 4175 1172 4241 alias

43 4301 96 4366 per
112 4283 303 4350 deuotionis
320 4291 431 4349 nostre
446 4284 584 4367 litteras,
601 4308 639 4350 ac
665 4288 762 4352 etiam
779 4308 883 4371 nuper
899 4307 957 4370 per
983 4292 1109 4350 nostros
1126 4303 1176 4349 so·

42 4389 234 4458 leunisimos
268 4389 428 4457 Oratores
443 4391 562 4460 Vestro
588 4393 721 4460 fecimus
747 4393 889 4460 Culmiui
915 4393 1131 4474 manifestum,
1159 4415 1179 4458 a

44 4500 151 4582 patria
165 4501 261 4584 justo
275 4501 401 4584 judicio
417 4508 493 4566 sunt
509 4503 641 4586 expulsi,
659 4503 814 4587 quotidie,
833 4509 948 4569 contra
963 4502 1023 4569 hoc
1040 4500 1180 4567 liberum

43 4613 73 4670 ct
89 4627 164 4672 rere
181 4606 340 4674 Guclsum
359 4631 398 4672 ae
414 4609 572 4692 populare
589 4611 756 4696 Regimen,
773 4613 805 4677 in
824 4613 913 4677 euius
925 4614 1103 4680 directione
1119 4617 1179 4682 hcc
