3248 5242
655 338 751 402 1395.
1202 341 1264 402 759

131 521 208 585 cisci
224 521 337 601 lilium,
364 518 406 582 ud
432 518 644 584 revidendum
671 540 741 582 curn
759 517 870 582 eodem
889 515 1077 600 Augustino
1094 517 1135 582 de
1152 540 1265 601 supra-

134 629 233 694 dictis
251 628 392 712 negociis
408 625 577 707 rationem,
594 633 627 690 et
643 649 691 706 ea,
709 647 770 708 que
796 623 944 708 credidit,
969 647 1040 690 curn
1058 625 1176 694 Vestre
1192 625 1264 690 Mu·

130 737 261 822 jestatis
288 735 453 801 flavoribus
480 734 680 817 exigendum.
710 732 930 818 Quamobrem
956 736 1043 817 ipsos
1069 733 1266 818 benignitati

132 851 239 910 vestre
265 844 368 909 totius
385 847 496 908 nostre
513 843 695 908 devotionis
712 840 881 908 affectibus
898 841 1161 906 commendamus
1178 844 1266 907 omni

132 977 206 1019 curn
217 953 408 1033 reverentia,
419 951 648 1035 supplicantes
660 956 819 1035 quatenus
830 972 889 1034 pro
898 951 1024 1033 justitie
1036 950 1133 1033 cultu,
1144 956 1266 1015 nostre-

134 1083 197 1144 que
209 1060 450 1126 intercessionis
468 1059 598 1140 intuitu,
615 1057 770 1141 dignetur
787 1055 911 1126 Vestra
921 1055 1116 1123 Sublimitas
1134 1059 1265 1142 eisdem,

135 1175 251 1235 contra
277 1167 399 1233 dictum
425 1165 649 1250 Augustinum
675 1174 709 1231 et
733 1165 895 1231 debitores
912 1187 993 1247 suos,
1008 1167 1062 1248 jus
1080 1167 1263 1249 expeditum

130 1285 232 1362 atque
251 1277 461 1341 summarium
478 1276 585 1341 facere
612 1275 813 1355 ministrari;
837 1281 870 1339 et
887 1296 947 1357 pro
967 1273 1082 1341 Vestre
1109 1274 1267 1357 Majestu·

129 1389 172 1452 tis
188 1388 321 1467 bonore,
337 1384 377 1450 de
394 1385 491 1451 rebus
508 1383 713 1450 Ol'fioialibus
730 1391 762 1449 et
773 1382 871 1449 Ourie
882 1389 989 1448 restro
1000 1382 1141 1464 traditis,
1152 1383 1264 1448 taliter

132 1495 240 1560 faeere
266 1492 427 1574 satisfieri,
454 1494 541 1576 quod
568 1492 720 1575 prelibati
748 1493 851 1556 nostri
877 1491 960 1556 eires
987 1490 1111 1555 nullum
1139 1514 1177 1556 ox
1202 1491 1265 1557 boc

136 1603 257 1666 sentire
284 1601 413 1666 valeant
439 1601 676 1666 detrimentum.
704 1601 743 1664 In
769 1621 834 1682 qua
860 1599 988 1682 quidem
1007 1620 1042 1664 re
1059 1597 1267 1665 considerare

133 1711 289 1793 dignetur
305 1709 476 1774 clementia
502 1709 600 1774 vestri
628 1709 747 1789 throni,
775 1708 862 1790 quod
879 1707 979 1774 nichil
995 1706 1086 1772 aliud
1103 1706 1266 1772 efficacius

130 1817 258 1883 inducit
269 1824 303 1881 et
319 1819 416 1883 citius
427 1820 460 1883 in
470 1824 614 1883 extreme
627 1816 856 1882 destructionis
874 1817 1039 1881 miseriam
1056 1821 1260 1895 mercatores,

131 1945 231 2010 eluiem
257 1926 282 1989 si
307 1927 420 2008 precia
441 1927 704 2007 mercantiamm,
721 1927 760 1990 de
777 1926 895 2009 quibus
921 1925 1022 1992 secuti
1041 1926 1162 1990 luerint
1176 1947 1267 2008 emp·

132 2041 243 2099 torum
262 2032 366 2112 fidem,
382 2033 500 2098 debitis
519 2033 722 2117 temporibus
739 2057 803 2098 uon
820 2034 996 2098 solvantur.
1018 2033 1067 2098 Ut
1082 2054 1146 2098 non
1162 2031 1267 2097 solum
1349 2092 1352 2097 .

131 2142 319 2219 humanum,
345 2138 402 2204 sed
420 2139 564 2205 debitum
584 2146 616 2204 et
632 2141 765 2205 honeris
781 2140 896 2207 Vestri
913 2137 1073 2204 (lulnrinis
1091 2141 1134 2205 sit
1150 2139 1265 2205 taliter

135 2248 316 2333 providere,
334 2247 422 2331 quod
449 2249 547 2312 rostri
574 2248 747 2313 servitores
765 2254 798 2311 et
814 2247 946 2328 subditi,
966 2247 1054 2330 quod
1071 2247 1190 2313 debent
1207 2247 1268 2311 sol·

135 2362 224 2436 rant,
241 2364 272 2421 ot
289 2356 330 2421 de
347 2357 467 2438 regalis
494 2356 665 2422 solutionis
690 2356 911 2422 retardatione
929 2357 1110 2438 exemplum
1127 2379 1166 2420 ac
1182 2357 1268 2420 sinri-

135 2463 310 2530 litudiuem
327 2485 391 2530 non
418 2473 595 2530 assumant.
620 2463 747 2530 Nostra
764 2487 839 2529 rere
856 2465 994 2546 devotio,
1011 2464 1165 2548 quioquid
1182 2464 1268 2529 circa

133 2573 282 2657 predicta
299 2571 422 2640 Vestra
439 2570 606 2637 Serenitas
623 2573 751 2638 duxerit
781 2573 1005 2652 ordinandum,
1022 2572 1084 2637 sibi
1101 2571 1269 2656 reputabit

133 2681 348 2763 singulariter
365 2681 553 2762 gratiosum,
571 2703 642 2745 curn
660 2681 778 2745 viderit
792 2681 988 2764 justissimas
999 2702 1112 2764 preces
1129 2687 1269 2759 nostrae,

133 2787 223 2871 apud
238 2785 394 2856 Vestram
409 2787 625 2853 Clementiam
642 2789 797 2854 exaudiri.
811 2785 903 2853 Data
914 2787 1082 2853 Florentio
1098 2788 1151 2853 die
1168 2787 1267 2856 VIII.

133 2895 309 2979 Februarij
330 2896 396 2961 ΙΙΙ.
413 2896 594 2962 indictione
612 2894 1015 2962 MCCCLXXXXIIII.
1032 2895 1160 2982 (1395.)

350 3037 477 3118 Regine
494 3044 531 3103 ut
548 3063 657 3124 supra,
675 3063 747 3106 cum
764 3033 825 3105 lroc
842 3040 1002 3104 adiuncto.

244 3144 351 3228 Super
369 3167 434 3228 qua
450 3147 589 3212 materia
606 3149 761 3230 dignetur
777 3145 898 3213 Vestra
921 3144 1206 3230 Superenriuentia
1221 3169 1269 3212 ro·

133 3253 262 3318 minisci
277 3253 481 3320 devotionem
508 3257 610 3320 nostri
636 3255 758 3339 pepuli,
784 3277 882 3337 quam
900 3277 1025 3338 semper
1042 3253 1085 3318 ad
1101 3252 1203 3320 felicis
1220 3276 1269 3319 re·

134 3357 338 3426 cordationis
354 3362 578 3445 gloriosissimi
596 3363 753 3446 genitoris
771 3364 871 3428 vestri
882 3363 1142 3443 magnitudinem
1158 3363 1269 3446 gessit,

134 3472 168 3531 et
193 3468 457 3552 benivolentiam,
483 3493 581 3554 quam
608 3469 675 3535 Sua
702 3469 864 3552 Majestas
882 3491 960 3553 erga
978 3469 1188 3537 Florentiuos
1204 3493 1270 3536 oru-

133 3597 193 3640 nes
219 3576 342 3640 cunctis
358 3578 560 3660 temporibus
587 3577 841 3657 demonstravit3
867 3583 903 3641 ut
929 3577 1013 3643 siout
1032 3599 1144 3660 preces
1161 3586 1270 3644 nostre

133 3683 169 3747 in
186 3678 400 3747 Oelsitudinis
418 3683 482 3750 Sue
510 3665 687 3768 conspectu
704 3706 869 3768 nunquam
886 3706 984 3749 vacue
1017 3684 1157 3767 fuerunt,
1174 3686 1269 3752 sicin

134 3787 360 3856 humanutatis
379 3795 486 3857 vestre
503 3791 661 3874 manibus,
686 3814 759 3857 curn
780 3793 1005 3860 exaudatiorris
1023 3792 1206 3860 desiderate
1222 3794 1267 3860 el-

134 3897 223 3962 lectu
240 3897 425 3982 benigniter
442 3901 629 3966 audiantur.
648 3899 740 3966 Data
757 3901 923 3966 Florentie
941 3909 978 3966 ut
995 3925 1103 3986 supra.

136 4043 261 4104 (Eredeti
277 4044 491 4108 fogalmazvriny
505 4061 522 4095 a
538 4046 672 4110 »signore
688 4046 844 4111 Garteggie‚
858 4046 985 4096 Missive«
1012 4050 1064 4098 stb.
1078 4048 1179 4098 xxiv.
1193 4048 1269 4098 kbte·

336 4133 424 4194 geben
442 4137 500 4183 109.
515 4149 551 4184 sz.
568 4149 601 4200 a,
616 4149 632 4183 a
645 4135 774 4188 doreuczi
787 4149 861 4198 nagy
875 4134 1071 4200 levelttrbau.)
