3226 5254
618 467 712 530 1380.
1157 463 1221 526 335

83 639 184 704 timus
201 636 379 720 Oratores,
397 640 551 722 quoniam
561 647 674 707 nostre
690 643 880 708 intentionis
897 647 955 723 est,
971 647 1065 707 tanto
1081 662 1222 725 propen-

85 745 153 812 sius
184 745 397 830 Majestatem
429 745 586 815 Vestram
617 755 650 814 et
681 749 909 815 claritudinem
946 748 1067 815 domini
1096 748 1219 815 Karoli

3 895 4 940 3
85 853 244 937 sepedicti
261 854 377 920 habitu
393 878 467 922 vere
484 857 664 922 devotionis
681 860 837 940 excolere,
862 863 986 942 quanto
1012 857 1219 942 perfidiosius

3 1033 4 1038 ἵ
85 962 203 1026 nititur
219 963 360 1028 hominis
377 964 465 1029 illius
489 965 663 1049 impuritas
680 987 738 1032 nos
755 967 796 1032 ab
812 970 949 1050 antiqua
973 965 1156 1032 reverentia
1173 988 1220 1032 se·

3 1065 4 1112 1
87 1091 217 1152 parare
235 1070 449 1155 Majestatem
475 1071 640 1156 Vestram,
666 1075 718 1140 cui
743 1097 801 1141 nos
828 1097 901 1140 cunr
927 1074 1107 1139 reverentia
1132 1095 1217 1140 com-

3 1173 5 1252 ἷ
85 1177 288 1260 mandamus,
304 1185 338 1243 ct
353 1181 388 1244 in
404 1202 470 1264 qua
484 1186 561 1264 post
576 1181 683 1246 Deum
707 1203 818 1248 omnes
838 1186 950 1248 nostre
967 1202 1040 1265 spos
1057 1181 1118 1246 site
1135 1189 1220 1265 sunt,

3 1305 5 1340 ῑ
84 1286 142 1351 diu
157 1285 299 1352 feliciter
315 1295 484 1354 conservet
500 1286 702 1371 Altissirnus,
718 1289 761 1356 ad
777 1296 945 1356 tantorum
960 1289 1151 1371 Regnorum
1168 1311 1217 1355 re-

2 1425 6 1498 p
85 1395 204 1476 gimen,
230 1396 486 1479 devotorumque
510 1397 676 1480 auxilium,
702 1404 735 1464 et
760 1395 948 1462 Christiane
974 1395 1051 1462 fidei
1077 1397 1220 1462 certissi-

2 1519 6 1572 l
83 1524 172 1567 mum
188 1509 411 1586 augmentum.
429 1502 520 1569 Data
540 1504 710 1571 Florentia
735 1505 787 1570 dic
804 1505 845 1573 V.
873 1502 1001 1587 Aprilis
1027 1501 1093 1569 ΙΙΙ.
1119 1504 1222 1569 indic·

2 1615 4 1644 ³
83 1613 175 1676 tione
191 1610 477 1678 MOOOLXXX.

2 1741 3 1802 i
85 1757 121 1817 (A
134 1758 273 1822 »signent
287 1759 444 1823 Garteggie,
455 1759 584 1811 Missive«
596 1762 648 1810 stb.
660 1761 764 1810 XVIII.
776 1759 924 1826 kctegebol
932 1765 974 1810 35.
983 1773 1061 1820 sna,
1069 1760 1223 1810 aflorenczi

516 1865 590 1914 nagy
603 1849 796 1913 levtltrtrban.)

577 2012 616 2019 .-

623 2174 696 2236 158.

86 2335 209 2398 Ιζάεείό
225 2333 357 2420 oppelni
374 2335 511 2421 herczep,
528 2359 543 2397 s
559 2333 589 2396 Ι.
609 2335 1030 2421 Iojosmopyortelenppel
1041 2334 1223 2420 kiro'lyonk

87 2441 407 2528 Lcnqyelorszdyhan
423 2443 673 2529 kormdcyzo'ja,
693 2446 862 2527 meyero'sit
877 2455 920 2506 ott
937 2442 1085 2529 bizonyos
1094 2445 1221 2529 joszdy·

530 2549 666 2614 eladdsl.
696 2550 789 2616 1380.

199 2709 238 2774 In
255 2711 387 2774 nomine
403 2707 537 2774 Domini
554 2707 670 2775 Amen.
686 2706 745 2773 Ad
754 2713 945 2792 perpetuam
961 2710 1009 2773 rei
1025 2709 1222 2790 memoriam,

86 2819 163 2884 Nos
179 2816 363 2898 Ladislaus,
380 2815 444 2881 Dei
461 2818 575 2899 gracia
591 2814 668 2880 Dux
684 2813 880 2899 Opoliensis,
894 2813 1109 2898 Vielunensis,
1126 2813 1223 2901 Onja·

84 2925 208 2989 niensis
225 2930 256 2988 et
272 2923 507 2989 Dobrzinensis
524 2923 729 2989 notificamus
746 2929 859 2988 tenore
875 2924 1078 3007 presencium
1095 2923 1221 2988 rniuer-

87 3035 135 3096 sis
153 3033 273 3116 quibus
290 3054 384 3098 nosse
411 3031 511 3096 suerit
535 3039 753 3115 opportunum
771 3057 777 3098 :
795 3032 883 3114 qnod
900 3031 1005 3097 fidelis
1022 3031 1135 3097 militis
1152 3052 1223 3097 nos·

86 3143 149 3206 stri
167 3139 281 3206 dilecti
299 3139 421 3205 domini
438 3137 573 3204 Andrec
597 3139 726 3206 Judicis
752 3139 984 3205 Dobrzinensis
1001 3138 1093 3204 nobis
1111 3138 1223 3206 oblata

86 3247 208 3332 peticio
225 3247 423 3324 continebat,
449 3253 608 3330 quatenus
633 3247 763 3312 literam
789 3246 963 3329 emptionis
985 3247 1115 3311 dominc
1131 3245 1222 3311 Mar·

85 3361 202 3438 garete
219 3355 384 3438 quondam
408 3352 545 3420 Ducissa
570 3353 803 3420 Dobrzinensis
829 3353 980 3433 illustris,
997 3353 1106 3436 sigillo
1123 3355 1222 3438 ipsius

88 3485 236 3547 appenso
254 3465 427 3545 signatam,
449 3485 513 3528 non
540 3484 657 3544 rasam,
673 3484 732 3527 nec
749 3464 910 3542 viciatam,
926 3463 982 3527 sed
999 3483 1110 3528 sanam
1127 3470 1161 3528 et
1176 3463 1223 3527 in·

1 3639 2 3670 ,
87 3579 226 3655 tagram,
253 3573 404 3654 omnique
430 3592 564 3655 prorsus
591 3571 784 3653 suspicionis
810 3571 893 3637 vicio
918 3579 1083 3638 carentem
1102 3573 1222 3637 litten's

1 3673 2 3688 ¹
87 3683 210 3745 nostris
236 3680 396 3754 innovare,
421 3679 584 3744 ratificare
615 3685 649 3743 et
673 3678 866 3745 confirmare
884 3679 1101 3762 dignaremur.
1122 3680 1222 3745 Cuius

90 3789 223 3871 qnidam
240 3789 335 3853 litere
352 3794 447 3853 tenor
473 3790 512 3852 (le
538 3787 639 3853 verbo
665 3789 706 3852 ad
730 3787 829 3851 verbo
846 3789 992 3870 sequitur
1009 3796 1042 3853 et
1058 3795 1108 3852 est
1124 3788 1220 3863 talis:

86 3898 157 3963 Nos
183 3895 377 3979 Margareta
402 3895 541 3960 Ducissa
566 3895 797 3960 Dobrzinensis
823 3894 866 3959 ad
882 3903 1071 3979 perpetuam
1087 3896 1135 3960 rei
1153 3917 1218 3961 me·

1 4029 2 4068 ;
89 4004 227 4068 moriam
244 4003 448 4086 presentibus
465 4008 498 4066 et
512 4002 630 4066 futuris
648 4003 794 4067 volumus
809 4002 964 4066 deuenire
980 4029 987 4068 :
1004 4003 1094 4084 quod
1111 4024 1220 4067 coram

1 4196 2 4205 ἵ
91 4118 208 4177 nostra
225 4111 388 4195 personali
404 4111 568 4194 presentia
594 4110 770 4175 constitute
791 4109 992 4190 Magdalena
1009 4118 1042 4174 et
1058 4109 1222 4193 Hednigis

1 4227 2 4234 ’
91 4241 164 4284 cum
182 4219 329 4302 ipsarum
354 4239 464 4284 sorore
489 4217 572 4302 (lgy)
596 4217 683 4299 filiis,
709 4217 860 4283 videlicet
882 4217 1028 4298 Nicolao,
1046 4216 1221 4299 Stanislno,

87 4327 217 4392 Jacobo
234 4331 268 4390 et
283 4323 435 4405 Jesconc,
461 4325 597 4391 heredes
624 4324 664 4389 dc
691 4325 826 4406 Penino,
853 4326 989 4390 candem
1006 4325 1222 4392 hereditatem

89 4433 128 4498 de
145 4435 273 4501 Penino
290 4434 378 4518 ipsos
396 4440 592 4518 tangentem,
609 4432 813 4498 adiacentem
825 4433 900 4498 ville
913 4455 967 4498 sue
978 4432 1063 4498 dicte
1072 4433 1222 4498 Kolbrzi·

88 4545 190 4623 niecz,
214 4541 398 4624 incipiendo
428 4563 448 4608 a
472 4542 525 4609 via
549 4540 727 4624 Repinrnsi
753 4563 855 4625 usque
882 4541 924 4606 ari
941 4543 1081 4606 riunlum
1099 4542 1221 4605 dictum

88 4647 255 4716 Olwnowa
270 4650 372 4732 weda,
397 4657 429 4715 ot
457 4651 498 4716 ab
523 4649 635 4715 eodem
663 4670 765 4732 nsque
782 4648 825 4712 ad
840 4648 974 4714 fluuium
999 4649 1122 4715 dictum
1137 4647 1221 4737 Bug,
