3210 5252
379 341 419 407 (38
730 352 962 407 nleuousczrsr
981 335 1147 407 surisnis.

379 523 515 596 cordari,
533 519 691 602 quomodo
708 541 764 602 per
781 527 854 585 tuos
881 522 1028 585 solennes
1048 519 1306 587 Ambaxiatores
1321 526 1355 585 et
1370 521 1512 598 litterae,

379 651 461 713 quas
477 629 643 706 habemns
661 628 754 694 nobis
779 629 901 712 pluries
928 629 1112 709 notificasti,
1129 634 1162 693 et
1178 627 1375 710 quibusdam
1391 628 1513 694 nostris

378 739 516 804 Nunciis
533 740 687 817 narrasti,
702 736 791 820 quod
809 737 910 802 multo
928 737 1025 802 modo
1043 745 1205 820 prestares
1222 738 1309 804 dicte
1326 733 1461 817 Galeas,
1477 742 1511 801 ct

378 847 566 912 Beruaboui
592 845 688 910 fratri
713 867 779 926 suo,
805 845 960 910 auxilium
987 845 1038 910 rel
1064 847 1228 926 fauorem;
1252 852 1285 911 et
1311 850 1454 930 quantus
1470 845 1515 909 sit

379 954 481 1036 fauor,
497 960 586 1018 tuam
604 952 877 1035 magnificentiam
894 960 928 1018 et
944 955 1122 1036 potentiam
1143 954 1310 1032 inclinare,
1326 959 1360 1019 et
1374 954 1424 1016 ire
1440 973 1514 1037 per·

380 1062 534 1128 sonaliter
551 1061 592 1126 ad
609 1061 739 1126 domum
756 1068 789 1126 et
805 1063 1002 1144 presentiam
1019 1063 1095 1127 talis
1113 1064 1183 1142 viri,
1198 1067 1249 1128 tot
1265 1059 1466 1127 facinoribus
1481 1065 1515 1126 et

379 1169 517 1235 vinculis
534 1169 670 1251 alligati,
687 1167 868 1254 docereque
894 1169 1048 1236 nobilium
1066 1178 1097 1235 et
1115 1171 1255 1236 aliarum
1272 1171 1417 1254 gentium
1432 1169 1515 1234 mul·

380 1279 552 1344 titudinem
569 1277 756 1360 gloriosam,
772 1279 871 1342 etiam
887 1298 958 1343 cum
976 1279 1086 1358 armis,
1103 1279 1188 1342 utin
1204 1277 1326 1344 talibus
1337 1277 1418 1342 solet
1433 1276 1516 1358 fieri,

382 1407 517 1468 eumque
534 1386 703 1450 ostendere
730 1387 794 1450 tuis
820 1385 1057 1464 benevolentia,
1083 1386 1253 1468 parentela
1270 1392 1304 1450 et
1320 1384 1462 1468 auxiliis,
1477 1407 1514 1451 ac

382 1493 548 1559 fauoribus
575 1499 608 1558 et
633 1494 779 1577 potentia
806 1495 1047 1558 communitum.
1067 1493 1137 1560 Nos
1152 1494 1232 1560 satis
1249 1496 1469 1578 agnoscimus,
1484 1501 1514 1556 et

381 1610 439 1666 tua
454 1608 650 1684 tuorumque
665 1603 875 1685 providorum
892 1609 925 1666 et
941 1601 1084 1666 fidelium
1096 1601 1363 1668 Consiliariorum
1374 1601 1517 1686 pruden-

383 1713 430 1776 tia
447 1710 544 1775 debet
569 1713 656 1776 iusto
682 1712 801 1776 iudicio
827 1710 979 1783 iudicare,
1005 1709 1283 1794 considerareque,
1310 1708 1390 1796 quid
1407 1718 1516 1794 preter

383 1816 539 1884 Diuinam
555 1819 712 1884 offensam
729 1819 768 1883 de
785 1827 819 1884 te
835 1818 961 1883 dicetur
978 1818 1209 1902 permundum,
1226 1820 1254 1884 si
1269 1820 1302 1883 in
1319 1820 1385 1883 tuis
1401 1816 1517 1882 hones·

383 1928 424 1990 tis
441 1927 661 1992 oblationibus
678 1933 711 1992 et
727 1927 996 2009 promissionibus
1013 1926 1145 1992 deficias
1157 1928 1276 1993 vicario
1287 1922 1516 2006 Jequhristi,

383 2041 416 2098 et
432 2033 631 2098 contrarium
650 2037 802 2116 opereris.
819 2032 964 2098 Attende
984 2035 1094 2116 igitur,
1111 2036 1166 2115 fili,
1183 2057 1278 2118 quern
1294 2036 1420 2099 sincere
1437 2031 1516 2096 dile-

383 2143 497 2222 ximus,
514 2149 613 2221 atque
637 2141 776 2222 diligere
802 2163 927 2224 semper
954 2143 1159 2222 intendimus,
1176 2145 1203 2208 si
1219 2143 1279 2208 tali
1298 2141 1468 2224 pudoroso
1485 2146 1515 2203 et

384 2247 622 2332 contemptibili
638 2245 733 2312 modo
751 2248 954 2314 afiliationis
970 2250 1104 2315 tramite
1120 2257 1231 2316 nostro
1248 2248 1408 2326 discedas
1426 2246 1515 2330 quod

385 2357 455 2438 ipse
472 2353 595 2419 Galeaz
612 2355 875 2437 predecessorum
893 2378 1023 2422 suorum
1039 2358 1208 2440 perfidiam
1219 2353 1375 2441 perfidior
1385 2362 1515 2422 mutans

385 2463 419 2526 in
437 2462 668 2546 multiplicibus
685 2464 793 2527 verbis
810 2470 843 2528 et
858 2464 955 2530 factis
966 2466 1135 2548 sacrilegis
1152 2473 1184 2530 et
1199 2465 1381 2544 horrendis,
1399 2485 1435 2528 se
1451 2484 1516 2527 ma·

385 2570 450 2636 lum
464 2570 687 2636 Christianum
699 2571 858 2652 ostendit,
881 2579 1015 2656 propter
1032 2577 1119 2657 quod
1136 2595 1323 2658 processum
1340 2595 1438 2657 super
1453 2569 1515 2636 fide

386 2677 521 2748 fecimus
532 2687 648 2746 contra
659 2701 740 2760 emir,
751 2687 783 2746 et
794 2703 867 2746 cum
878 2682 994 2747 amodo
1004 2689 1132 2767 tempus
1143 2684 1304 2767 a.unale,in
1316 2704 1379 2766 quo
1391 2703 1515 2746 excom·

386 2787 636 2853 munioationem
647 2789 680 2852 in
692 2810 790 2854 causa
799 2789 873 2855 fidei
887 2792 993 2856 animo
1005 2794 1189 2858 contumaci
1201 2791 1363 2872 sustinuit,
1373 2791 1417 2857 sit
1429 2789 1516 2872 clap·

386 2916 464 2975 sum,
481 2894 679 2960 intendimus
691 2897 730 2959 de
742 2899 889 2979 proximo
900 2901 941 2964 ad
954 2901 1141 2966 citationem
1158 2907 1190 2965 et
1207 2901 1402 2974 senteutiam
1419 2919 1515 2982 super

386 3003 488 3070 heresi
499 3002 685 3086 procedere,
701 3011 737 3069 ut
754 3015 804 3070 est
820 3007 908 3070 iuris.
920 3007 992 3073 'fua
1011 3029 1138 3093 quoqne
1149 3009 1279 3074 devotio
1288 3011 1442 3092 ignorare
1452 3027 1514 3071 non

386 3111 490 3193 debet,
504 3112 593 3194 quod
603 3115 817 3197 pronunciabo
828 3136 887 3197 per
897 3136 956 3180 nos
968 3115 1054 3181 dicto
1072 3115 1194 3182 Galeaz
1205 3116 1237 3180 in
1248 3137 1347 3182 eausa
1355 3115 1434 3180 fidei
1444 3135 1513 3179 con·

386 3227 522 3301 tumace,
534 3229 667 3303 propter
685 3222 787 3286 hoeet
798 3221 878 3287 alios
888 3217 1096 3305 gravissimos
1106 3245 1180 3289 suos
1191 3245 1349 3306 excessus,
1359 3221 1514 3288 uniuersis

386 3334 419 3391 et
435 3327 570 3410 singulis
587 3327 794 3411 Principibus
815 3337 847 3394 et
859 3330 1005 3396 Ducibus
1021 3353 1081 3417 per
1096 3338 1242 3397 nostram
1259 3335 1467 3414 sententiam,
1483 3335 1514 3395 et

387 3435 584 3497 auctoritate
614 3435 801 3516 Apostolica
827 3437 1007 3504 districtius
1033 3439 1240 3520 inhibuimus
1255 3461 1294 3504 ne
1310 3461 1383 3504 cum
1404 3439 1515 3504 eodem

389 3537 509 3606 Galeaz
525 3541 689 3623 (lamnat0,
710 3565 749 3606 ac
766 3544 923 3629 sacrilego
942 3553 974 3611 et
989 3556 1196 3630 persecutore
1212 3548 1296 3614 dicte
1312 3547 1469 3630 Ecclesia
1483 3553 1515 3610 et

387 3649 662 3714 excommunicato
691 3652 723 3714 in
750 3674 847 3716 causa
863 3651 938 3718 fidei
954 3656 1124 3737 prelibate,
1142 3660 1175 3721 et
1191 3656 1232 3722 de
1247 3657 1353 3722 heresi
1369 3677 1409 3720 ex
1425 3657 1514 3722 iustis

387 3758 493 3821 causis
510 3766 669 3840 suspecto,
680 3766 738 3824 ant
753 3782 823 3825 cnm
841 3764 910 3826 eius
927 3763 1000 3827 filiis
1017 3771 1050 3829 et
1065 3763 1193 3830 filiabus
1209 3771 1436 3848 presumerent
1445 3784 1515 3828 com

386 3865 517 3930 trahere
534 3863 585 3928 vel
601 3868 683 3931 inire
696 3869 946 3952 matrimonium,
963 3871 1165 3953 affinitatem,
1182 3873 1516 3957 parentelamligaur,

388 3979 444 4036 aut
461 3971 558 4037 aliam
575 3974 869 4042 confederationem
880 4001 1113 4064 quamcunque;
1131 3982 1276 4064 alioquin
1288 4002 1401 4046 omnes
1411 3988 1444 4045 et
1454 3980 1514 4046 sin·

386 4078 479 4161 gulos
496 4080 766 4148 contrafacientes
787 4091 1308 4168 excommunicauimuaeteorum
1328 4095 1516 4171 terrassup-

388 4190 557 4270 posuimus
569 4190 788 4257 ecclesiastico
800 4195 983 4282 interdicto,
994 4220 1031 4264 ac
1041 4199 1249 4265 matrimonia
1259 4221 1315 4265 seu
1324 4199 1436 4282 potius
1446 4217 1517 4262 eon-

388 4297 549 4378 tubernia,
562 4300 587 4362 si
606 4322 670 4382 qua
688 4307 801 4366 contra
812 4303 1035 4370 inhibitionem
1046 4307 1240 4387 huiusmodi,
1252 4309 1391 4375 scienter
1407 4306 1456 4373 rel
1470 4307 1516 4388 ig·

387 4411 541 4470 noranter
551 4405 687 4473 forsitan
699 4410 978 4493 contraherentur,
988 4415 1083 4482 irrita
1094 4417 1243 4482 duximus
1254 4413 1467 4496 decernenda;
1481 4419 1516 4478 et

390 4513 572 4578 huiusmodi
589 4539 782 4599 processum,
800 4520 1020 4588 inhibitionem
1038 4534 1071 4590 et
1088 4529 1279 4591 seutentiam
1291 4547 1354 4591 uon
1366 4526 1465 4590 solnm
1480 4523 1516 4586 in
