3248 5242
622 433 719 501 1392.
1174 435 1236 504 tat

101 610 339 694 imperpetuum
356 613 594 692 possessiouem
611 615 811 695 Harohenzi,
827 618 861 679 et
877 634 986 680 omnes
1009 614 1094 679 alias
1111 635 1235 698 posses-

100 720 205 785 siones
222 723 255 782 et
270 716 374 800 villas,
391 739 451 802 que
468 717 600 786 luerunt
618 721 784 804 quondam
795 719 900 786 Gifko
917 719 975 805 filij
998 719 1140 804 Vtolen;
1164 744 1237 788 neo-

101 849 166 892 non
182 829 418 912 possessionem
436 826 559 895 Vrifka
575 836 607 894 et
623 851 734 896 omnes
762 832 983 915 possessiones
1000 837 1033 897 et
1050 831 1153 912 villas,
1170 852 1235 915 que

99 935 230 1001 luerunt
246 936 410 1020 quondam
427 935 559 1022 Nicolaj
587 937 756 1021 Oonchoz;
782 945 815 1004 et
833 938 941 1004 villam
958 937 1155 1021 Vidosenaa,
1171 960 1236 1022 que
1340 967 1346 976 ·

99 1066 157 1127 per
182 1044 287 1109 dictos
312 1045 431 1109 fratres
456 1051 586 1110 tenetur
612 1045 655 1112 ad
680 1067 822 1131 presens,
848 1067 951 1129 queue
976 1045 1040 1112 fuit
1066 1045 1233 1112 Boronine

97 1150 156 1234 filij
175 1149 279 1220 Vidos
305 1151 428 1235 absque
454 1152 609 1235 legitimis
635 1153 811 1219 heredibus
827 1159 861 1218 et
876 1153 1118 1219 successoribus
1142 1154 1233 1220 deoa-

98 1258 253 1340 dentium,
278 1260 358 1323 sitas
383 1259 496 1341 utique
513 1267 546 1326 et
562 1261 687 1344 positas
702 1263 737 1327 in
754 1259 923 1327 comitatu
938 1282 996 1326 seu
1011 1261 1175 1327 Districtu
1191 1255 1231 1326 de
1303 1345 1307 1354 ι

97 1365 236 1448 Verbas,
261 1387 319 1448 per
344 1365 490 1448 ipsorum
515 1367 625 1449 vtique
652 1365 765 1450 Gifko,
783 1366 914 1451 Nicolaj
932 1372 964 1437 et
980 1367 1148 1433 Baronine
1164 1367 1232 1433 obi·

19 1487 23 1492 '
95 1483 167 1540 tum
184 1475 307 1559 absque
324 1474 477 1557 legitimis
488 1473 660 1540 heredibus
677 1481 709 1541 et
726 1475 973 1558 successoribus,
991 1489 1026 1542 ut
1042 1476 1228 1560 predicitur,

95 1582 329 1661 decedentium,
346 1588 380 1646 et
396 1605 435 1646 ex
451 1583 620 1666 quibusuis
646 1584 721 1668 alijs
747 1585 853 1649 causis
878 1583 1035 1666 legitimis
1051 1586 1094 1650 ad
1111 1606 1227 1650 manus

94 1697 208 1756 nostre
220 1691 318 1755 Curie
326 1691 411 1774 juste
422 1697 456 1754 et
466 1690 712 1756 rationabiliter
723 1676 913 1772 deuolutos,
930 1713 969 1756 ao
985 1693 1085 1757 etiam
1102 1713 1228 1776 posses·
1309 1715 1311 1722 ’

94 1801 218 1864 sionem
244 1797 471 1881 Strarigradin
487 1800 522 1864 in
540 1798 708 1864 Comitatu
726 1821 784 1864 seu
800 1799 964 1864 Districtu
981 1799 1112 1883 Posege
1129 1800 1226 1866 sitam

93 1908 246 1990 positam,
257 1921 291 1970 et
308 1905 349 1970 ad
366 1926 425 1970 uos
442 1911 651 1990 nostramque
669 1905 802 1972 Curiam
819 1911 1016 1991 spectantem
1033 1913 1066 1972 et
1081 1907 1227 1991 legitime

93 2016 321 2099 pertinentem,
347 2035 420 2078 oum
444 2011 636 2098 fortellicijs,
662 2013 856 2093 hominibus,
872 2014 1031 2096 vassallis,
1043 2012 1226 2098 jobagioni-

92 2124 165 2206 hue,
193 2120 384 2202 redditibus
409 2121 566 2203 censibus,
593 2122 747 2206 seruitijs,
771 2120 932 2204 domibus,
957 2122 1225 2206 possessionibus,

90 2231 205 2312 rineis,
221 2231 361 2310 oliuetiS,
377 2230 475 2295 terris
492 2231 589 2294 cultis
615 2237 648 2295 et
672 2231 813 2308 incultis
830 2231 1003 2314 montibus,
1018 2230 1134 2313 planis,
1149 2251 1224 2313 pra-

89 2342 146 2420 tis,
162 2340 261 2420 siluis,
277 2339 471 2417 nemoribus,
496 2339 634 2420 pascuis,
660 2337 841 2420 arboribus,
857 2339 1053 2422 querquetiS,
1069 2337 1224 2404 molendi·

89 2450 153 2530 uis,
170 2448 329 2533 piscarijs,
346 2446 513 2528 theloneis,
539 2449 642 2530 aquis,
668 2469 826 2530 aquarum
852 2446 1050 2525 decursibus,
1067 2447 1223 2510 tenimen-

87 2559 143 2638 tis,
159 2554 341 2628 territoriis
362 2554 503 2638 juribus,
524 2554 807 2638 jurisdictionibus
833 2561 867 2620 et
885 2554 1092 2638 pertinentijs
1110 2573 1222 2618 earum

88 2665 248 2739 omnibus
265 2685 303 2727 ao
321 2661 380 2726 sub
397 2662 458 2745 hijs
476 2663 570 2728 metis
585 2663 731 2728 terminis
748 2669 782 2728 et
798 2661 987 2742 confinibus,
997 2661 1102 2727 modis
1113 2667 1147 2726 et
1157 2659 1222 2725 for·

86 2775 160 2854 mis,
186 2772 244 2837 sub
271 2769 389 2854 quibus
416 2771 603 2852 supradicte
629 2771 841 2855 possessimes
858 2777 890 2836 et
907 2769 991 2850 ville,
1008 2789 1069 2852 que
1087 2767 1221 2834 fuerunt

84 2881 311 2966 predictorum
338 2877 554 2961 defuntorum,
571 2879 728 2944 hactenus
745 2901 803 2963 per
820 2900 884 2960 eos,
901 2882 935 2941 et
950 2876 1079 2960 prefata
1094 2895 1220 2959 posses·

83 2986 136 3060 sio
164 2987 337 3070 Starigrad
361 3008 551 3072 nuncusque
576 3010 634 3072 per
660 2995 806 3053 nostram
831 2985 964 3053 Curiam
981 3006 1037 3049 seu
1054 2983 1219 3049 Coronam

83 3097 263 3182 Hungarie
279 3101 367 3160 tonte
394 3102 428 3159 et
453 3115 601 3179 possesse
626 3097 768 3176 luerunt,
784 3102 893 3161 nostre
909 3114 992 3158 noue
1008 3098 1040 3156 et
1054 3092 1218 3157 irreuoca·

8 3197 9 3200 ¹
83 3208 168 3274 bilis
186 3204 371 3270 donationis
388 3202 495 3283 titulo,
512 3224 583 3269 curn
600 3224 757 3268 consensu
769 3211 801 3268 et
811 3203 987 3267 autoritate
1004 3197 1217 3264 Serenissime

80 3313 231 3382 Domine
249 3312 377 3378 domine
394 3311 577 3394 Margarita
593 3311 657 3376 Dei
674 3311 783 3395 gratia
795 3310 923 3394 Regina
940 3315 999 3374 etc.
1016 3308 1108 3372 iuxta
1123 3327 1216 3374 usum

83 3432 121 3492 et
139 3420 407 3488 consuetudinem
423 3421 501 3486 dicti
517 3421 626 3502 Regni
643 3421 745 3486 nostri
770 3420 944 3502 Hungarie
960 3425 1074 3483 tenore
1090 3437 1217 3500 presen·

80 3537 170 3600 tium
186 3532 301 3598 damus
329 3535 362 3594 et
388 3529 591 3594 concedimus
608 3527 648 3594 de
671 3529 807 3593 scientia
823 3534 914 3593 certa
931 3535 1054 3608 nostra,
1068 3547 1127 3610 per
1143 3545 1216 3590 eum

79 3641 224 3708 Petrum
250 3647 283 3705 et
307 3638 427 3702 fratres
453 3643 486 3700 et
506 3636 609 3701 dictos
625 3636 769 3720 ipsorum
786 3635 923 3726 heredes
939 3633 1115 3700 inmediate
1132 3642 1167 3699 et
1181 3633 1216 3699 in

79 3750 195 3833 capite
212 3770 232 3813 a
248 3746 342 3813 nobis
358 3753 391 3811 et
408 3745 527 3810 nostris
544 3745 578 3809 in
595 3741 681 3811 dicto
700 3744 816 3828 Regno
845 3749 957 3810 nostro
973 3743 1146 3826 Hungarie
1161 3742 1216 3807 he-

77 3857 218 3924 redibus
235 3861 269 3920 et
285 3852 537 3934 successoribus,
555 3854 615 3919 sub
632 3853 774 3936 seruitijs
785 3860 818 3918 et
827 3849 1103 3935 recognitionibus
1118 3871 1215 3934 prop·

73 3974 176 4032 terea
192 3965 310 4030 debitis
336 3969 369 4026 et
394 3963 534 4046 prestarj
561 3961 675 4041 solitis,
701 3960 860 4027 tenendas
876 3967 909 4026 et
925 3965 1083 4044 perpetuo
1111 3957 1214 4042 possi·

80 4071 229 4155 dendas3
264 4069 474 4136 inuestientes
499 4070 603 4134 virum
629 4069 768 4136 nobilem
795 4068 982 4156 Johannem
999 4066 1039 4131 de
1057 4062 1213 4149 Grisogo·

75 4185 133 4250 nis
159 4180 199 4248 de
224 4180 334 4248 Jadra
362 4175 621 4260 Cambellanum,
647 4176 841 4242 familiarem
858 4181 892 4240 et
907 4173 1033 4239 fidelem
1061 4178 1210 4238 nostrum

74 4291 246 4373 dilectum,
262 4311 322 4372 pro
340 4285 435 4351 dietis
459 4285 616 4351 fratribus
633 4291 665 4350 et
682 4304 792 4350 eorum
816 4281 990 4349 heredibus
1011 4276 1051 4346 de
1067 4279 1212 4363 presenti

73 4404 196 4464 nostra
213 4396 386 4462 donatione
404 4397 437 4459 et
452 4393 564 4477 gratia
580 4413 637 4476 per
655 4391 786 4458 anulum
805 4396 952 4457 nostrum
962 4385 1212 4473 presentialiter,

71 4514 116 4572 ut
133 4513 186 4572 est
201 4506 310 4570 moris.
338 4500 444 4586 Quam
469 4501 697 4567 inuestituram
725 4501 787 4565 vim
804 4506 836 4566 et
851 4497 1031 4564 efficaciam
1056 4510 1131 4559 vere
1152 4493 1210 4557 do·

75 4615 227 4682 nationis
244 4621 277 4680 et
293 4612 390 4678 realis
406 4611 619 4677 assecutionis
644 4608 907 4693 supradictarum
924 4603 1161 4692 possessionum
1179 4607 1211 4666 et

1038 4703 1101 4776 46*
