3190 5252
767 375 1002 421 orenounczmr
1019 363 1187 420 suntuna.

940 667 1013 726 206.

414 821 440 886 I.
461 825 557 908 Lajoo
578 847 717 911 mapyar
742 827 773 887 6⁸
799 825 924 912 leupyel
948 824 1061 908 kirdly
1087 825 1258 909 eppeste'pet
1283 825 1417 889 ktizoetit
1443 825 1526 910 Lipdt

416 931 564 996 austrini
580 934 706 1019 laerczep
723 935 754 996 e'a
772 932 939 998 Carrarai
960 932 1100 995 Fereucz
1121 932 1257 1016 pedanei
1273 931 1443 1018 fep'edelem
1459 934 1525 997 ledat

932 1040 1027 1104 1381.

521 1197 590 1263 Nos
604 1197 789 1264 Ludovicns
804 1197 867 1263 Dei
884 1197 993 1280 gratia
1009 1195 1080 1262 Rex
1098 1196 1281 1281 Hungarie,
1299 1196 1444 1281 Polonie,
1459 1199 1527 1264 Dal·

414 1307 513 1372 matie
530 1313 599 1386 eto;
623 1313 736 1372 notum
752 1306 1056 1372 facimusvniuersis
1066 1312 1232 1391 presentes
1242 1306 1444 1390 inspecturis,
1453 1306 1528 1392 quod

414 1413 491 1479 dnm
517 1415 696 1498 solempnes
721 1413 969 1480 Ambasiatores
995 1413 1201 1480 serenissimi
1228 1415 1394 1500 Principis
1419 1415 1526 1480 domini

416 1521 577 1606 Leopoldi
593 1521 696 1587 Ducis
707 1519 851 1602 Aristrie,
869 1521 1239 1604 Stirie‚Ka1·inthieete.
1255 1521 1378 1604 fratris,
1395 1529 1427 1589 et
1442 1525 1527 1588 etiam

415 1627 587 1711 Magnifici
605 1629 714 1694 viriet
740 1629 881 1714 potentis
907 1627 1029 1694 domini
1054 1629 1223 1695 Francisci
1244 1630 1284 1694 dc
1310 1629 1464 1696 Carraria
1478 1653 1527 1714 pro

417 1735 518 1802 Sacro
534 1737 685 1802 Romano
702 1736 848 1820 Imperio
867 1733 1020 1801 Ciuitatis
1036 1743 1069 1802 et
1085 1735 1266 1802 Districtus
1282 1737 1398 1803 Padue
1415 1737 1525 1820 Vican'j

414 1842 587 1911 Generalis
603 1846 698 1910 amici
714 1850 897 1909 nostrorum
914 1845 1164 1926 carissimorum,
1181 1845 1223 1910 ad
1240 1843 1363 1910 Nostre
1389 1845 1525 1929 Majesta·

415 1952 458 2016 tis
474 1953 514 2017 de
530 1953 675 2036 presenti
691 1953 854 2018 venissent
869 1952 1080 2035 presenciam,
1093 1959 1276 2018 asserentes
1286 1958 1319 2017 et
1328 1952 1524 2029 affirmantes,

414 2065 482 2124 tam
499 2081 537 2123 ex
564 2067 657 2143 parte
682 2057 825 2124 eiusdem
843 2058 964 2124 domiui
989 2058 1149 2142 Leopoldi
1176 2059 1290 2142 Ducis,
1316 2082 1415 2143 quam
1438 2060 1525 2143 ipsius

416 2167 538 2232 domini
555 2167 725 2232 Francisci
736 2166 776 2230 do
787 2164 952 2247 Carraria,
962 2165 1179 2255 Dominornm
1191 2167 1335 2249 ipsorum
1351 2166 1525 2242 nominibus,

414 2275 586 2340 iamdictos
611 2274 756 2339 dominos
780 2295 903 2356 eorum,
940 2274 1027 2339 inter
1059 2295 1140 2358 quos
1172 2275 1304 2340 racione
1337 2273 1471 2356 'l'eruisij
1498 2279 1524 2337 et

414 2382 564 2446 Marchie
596 2382 774 2448 Teruisane
791 2380 951 2447 discordie
966 2388 1061 2446 erant
1079 2389 1199 2465 exorte,
1214 2405 1234 2448 a
1249 2389 1364 2448 nostra
1380 2404 1443 2447 non
1457 2379 1523 2446 velle

416 2489 600 2573 discrepare
616 2491 793 2571 voluntate,
809 2510 869 2553 nec
885 2511 904 2553 a
921 2489 1054 2553 monitis
1071 2495 1103 2554 et
1118 2489 1302 2554 intencione
1319 2496 1431 2555 nostra
1446 2509 1521 2572 seps

416 2599 494 2678 rari,
510 2597 568 2662 sed
584 2599 618 2662 in
635 2596 782 2662 omnibns
799 2596 964 2680 premissis
985 2597 1105 2661 nostris
1132 2595 1402 2679 disposicionibus
1417 2617 1448 2662 se
1464 2617 1524 2660 cou-

415 2703 574 2786 formare,
599 2703 668 2769 Nos
684 2704 838 2786 volentes,
855 2703 984 2769 eosdem
1000 2703 1134 2768 fratrem
1145 2711 1179 2770 et
1189 2704 1327 2769 amicum
1344 2711 1469 2770 nostros
1485 2703 1522 2766 di-

414 2812 516 2878 lectos
542 2812 601 2878 sub
618 2812 707 2894 pacis
724 2810 869 2876 stabilire
886 2817 918 2876 et
934 2810 1064 2876 firmare
1081 2813 1217 2892 vnitate,
1237 2812 1352 2877 habita
1378 2811 1521 2878 delibera·

398 2919 506 2984 .cione
523 2941 658 2984 unacum
675 2917 821 2983 Prelatis
838 2923 871 2981 et
887 2916 1073 2983 Beronibus
1100 2919 1230 3000 nostris,
1246 2940 1287 2983 ne
1302 2920 1388 2984 inter
1413 2919 1523 2985 eosdem

413 3027 552 3092 duranto
567 3026 711 3110 presenti
727 3045 847 3108 guerra
863 3027 950 3091 inter
967 3023 1127 3091 Nostram
1158 3026 1369 3111 Majestatem
1397 3033 1429 3091 et
1452 3024 1525 3091 colli·

414 3139 508 3217 gatos
524 3141 653 3200 nostros
682 3155 721 3198 ex
746 3156 817 3214 vna,
841 3139 936 3217 parte
956 3154 1030 3199 vero
1048 3153 1086 3197 ex
1112 3133 1219 3198 altera
1244 3133 1392 3201 Venetos
1417 3133 1522 3199 emulos

413 3245 551 3322 nostros,
567 3240 678 3324 aliqua
694 3239 904 3306 dissensionis
930 3239 1097 3323 amplioris
1115 3261 1214 3324 super
1239 3240 1327 3306 facto
1356 3241 1487 3324 Teruisij
1500 3246 1526 3302 et

413 3346 564 3412 Marchie
594 3346 772 3413 Teruisana
802 3347 941 3414 materia
967 3369 1023 3412 seu
1057 3347 1223 3413 discordia
1254 3349 1406 3431 oriretur,
1435 3367 1525 3432 ymno

414 3462 487 3521 orta
502 3456 682 3537 sedaretur,
707 3463 741 3520 vt
765 3475 824 3539 per
848 3453 909 3520 hoc
934 3455 1041 3519 tucius
1057 3476 1115 3520 nos
1141 3461 1174 3520 et
1199 3457 1304 3521 nostri
1329 3456 1471 3540 colligati
1494 3452 1526 3518 ad

415 3562 665 3628 continuandam
685 3584 835 3645 guerram
861 3569 1003 3628 nostram
1020 3561 1200 3646 predictam
1226 3563 1384 3630 adsersus
1401 3563 1526 3631 Venetos

414 3671 537 3735 emulos
553 3678 681 3736 nostros
697 3671 867 3736 intendere
882 3670 1070 3752 valeremus,
1086 3692 1146 3755 pro
1174 3669 1258 3738 bono
1275 3671 1471 3755 agendorum
1485 3669 1527 3734 de

414 3778 589 3845 liberamus
605 3785 638 3845 et
654 3779 852 3862 ordinemne,
869 3777 1050 3844 volentibus
1069 3785 1103 3843 ct
1113 3777 1396 3844 consencientibus
1424 3777 1526 3843 eisdem

326 3965 329 3980 1
415 3885 702 3952 Ambasiatoribus
719 3886 927 3970 disponentes
944 3911 951 3950 ε
969 3884 1065 3969 Quod
1076 3885 1222 3970 prefatus
1238 3887 1389 3952 dominus
1405 3883 1526 3970 Leopol·
1574 3889 1576 3896 ’

414 3995 476 4060 dus
492 3994 579 4077 Dux,
595 4002 629 4060 et
652 4003 851 4061 memoratus
869 3994 1018 4059 dominns
1045 3994 1244 4060 Franciscus
1270 3995 1309 4060 de
1337 3995 1524 4076 Carrariaa

414 4103 511 4168 modo
528 4102 744 4168 amicabiliter
760 4110 793 4168 et
808 4101 959 4168 beniuole
976 4101 1114 4168 durante
1139 4104 1284 4186 presenti
1300 4111 1413 4169 nostra
1426 4119 1525 4187 guerra

414 4217 527 4276 contra
544 4210 688 4279 Venetos
704 4210 785 4275 uniri
811 4209 959 4276 debeant.
975 4211 1022 4276 Et
1038 4210 1064 4275 si
1085 4210 1290 4294 contingeret
1306 4212 1396 4278 dicto
1412 4210 1523 4277 domino

414 4316 582 4400 Leopoldo
597 4316 683 4383 Duci
701 4323 758 4382 aut
774 4318 841 4380 suis
859 4317 998 4382 subditis
1014 4318 1047 4382 in
1069 4314 1212 4382 Ciuitate
1229 4317 1371 4405 Teruisij
1389 4314 1524 4384 constitu·

414 4424 467 4506 tis,
484 4432 517 4490 et
541 4424 693 4490 Marchie
719 4423 870 4507 eiusdem,
894 4425 982 4490 vltra
996 4423 1278 4508 'composicionem
1304 4434 1523 4507 nostrumne

415 4533 542 4601 missam
568 4553 625 4622 per
651 4532 812 4620 prefatum
839 4533 1003 4600 dominum
1020 4532 1234 4600 Franciscum
1251 4534 1291 4602 de
1317 4532 1467 4606 Carraria
1484 4525 1521 4594 vel
