3248 5242
398 397 460 466 722
749 411 984 464 nrruouuozrar
1000 403 1168 464 nouisse.

394 583 481 642 tram
498 573 687 641 Amicitiam
715 579 913 660 presentium
940 585 1052 641 tenore
1070 597 1251 660 precamur,
1268 581 1432 658 ‹puntenus
1449 574 1535 638 eius

394 685 468 750 dem
580 684 737 749 relatibus
762 684 856 750 fidem
882 691 1049 768 tamquam
1075 685 1169 751 nobis
1204 682 1365 754 adbibere¹
1396 679 1532 747 creden·

394 796 447 876 tie,
464 799 497 857 et
512 793 617 876 ipsum
634 801 702 858 tam
727 795 759 857 in
777 793 913 876 agendis
939 795 1058 858 nostris
1077 815 1175 877 quam
1194 795 1227 858 in
1243 792 1320 876 alijs
1347 793 1412 858 sibi
1438 813 1536 875 expe·

396 900 563 966 dientibus
579 903 821 968 reummissum
847 903 1010 985 suscipere
1027 902 1130 984 nostrj
1149 921 1260 966 amore
1277 907 1310 964 et
1327 901 1535 984 contempla·

396 1010 484 1074 tione
501 1008 617 1074 velitis.
629 1007 678 1072 Vt
694 1010 757 1094 ipsi
769 1010 890 1079 Vestre
902 1008 1030 1074 Illustri
1046 1007 1212 1092 Amicitic,
1227 1009 1270 1073 ad
1287 1009 1381 1073 cuius
1398 1009 1537 1092 placida

397 1138 455 1184 nos
470 1117 645 1200 offerimus²
661 1125 835 1202 propterea
846 1118 1033 1202 specialiter
1049 1125 1226 1184 teneamur.
1244 1115 1318 1182 Has
1334 1124 1449 1183 autem
1462 1139 1537 1182 nos-

397 1232 466 1290 tras
482 1226 616 1291 licteras
632 1225 747 1291 exinde
762 1225 832 1308 fierj
851 1233 884 1290 et
901 1228 1010 1310 magni
1036 1225 1138 1290 nostri
1160 1223 1332 1309 pendentis
1350 1223 1455 1307 sigilli
1467 1226 1538 1309 jus·

398 1335 497 1399 simus
513 1336 709 1418 appensione
725 1335 852 1418 munirp’.
879 1334 972 1400 Data
988 1333 1107 1400 Gaiete
1123 1335 1157 1398 in
1176 1334 1328 1400 absentia
1345 1332 1537 1416 Logothete

400 1448 432 1506 et
448 1441 696 1527 Prothonotarij
722 1441 831 1526 Regni
857 1443 960 1507 nostri
987 1441 1099 1508 Sicilie
1115 1448 1147 1506 et
1163 1443 1233 1507 eius
1252 1441 1537 1520 Locumtenentis,

400 1570 458 1633 per
484 1551 587 1615 virum
613 1549 754 1616 nobilem
791 1550 956 1616 Donatum
984 1551 1025 1614 de
1053 1549 1168 1615 Aretio
1194 1555 1254 1614 etc.
1279 1571 1367 1615 anuo
1400 1550 1536 1632 Dominj

402 1658 572 1725 millesimo
589 1660 817 1725 trecentesimo
834 1660 1044 1742 nonagesimo
1061 1659 1201 1724 secundo
1218 1659 1271 1723 die
1287 1657 1432 1724 XVIII.
1448 1679 1537 1723 meu·

402 1764 1538 1850 sisOotobrisprimeindictionis‚chnorumnostrorumannosexto.

511 1872 640 1957 (Ehbez
650 1876 787 1942 basonlb
798 1895 988 1958 ugyanazon
1001 1896 1065 1957 nup
1077 1874 1160 1938 alatt
1171 1873 1240 1938 kclt
1256 1873 1337 1938 level
1355 1873 1540 1954 toleratis,

403 1981 487 2064 moly
502 1981 582 2048 szoll
601 1982 746 2047 »Illustri
762 1979 947 2065 Aguphasa
964 1984 1068 2048 amico
1085 1987 1196 2047 nostro
1213 1979 1429 2065 carissimoe.)

404 2127 439 2186 (Α
462 2127 600 2192 »Regirtri
613 2129 764 2193 Angioiui‹
789 2132 849 2179 363.
863 2143 900 2178 sz.
915 2143 948 2190 a,
962 2130 1030 2194 Reg.
1054 2127 1177 2176 Ladislai
1190 2127 1277 2192 Regis
1292 2127 1439 2176 kotetebi'rl
1454 2131 1498 2176 99.
1512 2128 1540 2176 es

593 2222 652 2270 1⁶5·
666 2220 714 2284 11.;
734 2233 765 2270 az
778 2219 854 2268 olasz
868 2219 920 2270 kir.
934 2219 1048 2284 mipolyi
1068 2231 1142 2282 nagy
1156 2217 1352 2280 leveltairban.)

935 2541 1010 2606 446.

411 2702 526 2770 Ldszlo'
543 2703 670 2770 sicilici
686 2703 800 2789 kirdty
816 2705 848 2768 e‘s
864 2729 1007 2792 uraqyar
1033 2702 1297 2790 ellenkirolyuolc
1312 2703 1380 2770 ruth
1401 2705 1541 2771 Verbnsz

445 2815 477 2876 e‘s
493 2813 632 2900 Pozsepa
649 2813 829 2896 vdrmepyei
838 2812 985 2896 jcuokct
1002 2815 1158 2899 lrirpyazo'
1174 2813 1372 2897 adomcinyc.
1398 2817 1496 2878 1392.
1622 2839 1623 2842 ¹

514 2969 691 3036 Ladizlaus
717 2967 781 3034 Dei
807 2971 913 3052 gratia
938 2971 1011 3036 Rex
1038 2975 1098 3036 etc.
1118 2970 1334 3038 Benemoritis
1352 2972 1540 3056 Principem

406 3080 576 3164 providere
593 3077 752 3168 fidelibus,
768 3080 829 3144 etsi
846 3080 954 3163 gratie
965 3076 1134 3163 plenitudo
1146 3078 1295 3161 suadeat,
1310 3080 1541 3164 obsequiorum

409 3188 648 3272 quodammodo
674 3187 844 3270 gratitudo
870 3187 1045 3272 compellit.
1072 3185 1157 3254 Sane
1184 3188 1398 3253 ostendentes
1421 3191 1542 3254 merita
1620 3217 1622 3278 q

408 3297 529 3360 sincere
556 3293 738 3360 deuotionis
766 3301 799 3359 et
824 3292 898 3358 fidei
925 3295 1066 3360 virorum
1083 3295 1239 3362 nobilium
1257 3295 1349 3360 Petri
1365 3295 1424 3380 filij
1442 3295 1543 3379 Paulj
1619 3293 1622 3340 :

408 3404 522 3469 militis
547 3402 778 3488 Viceuayuode
803 3402 1012 3484 Bononensis‚
1037 3425 1160 3468 necnon
1182 3402 1291 3486 bidos,
1307 3404 1471 3488 Dyonisij,
1488 3403 1545 3470 Jo-

411 3513 537 3593 hannis
554 3511 712 3597 Stephanj
731 3520 764 3578 et
779 3511 884 3597 Blasij
903 3513 1043 3578 fratrum
1053 3534 1183 3578 suorum
1194 3519 1449 3595 nostrorumque
1467 3513 1544 3577 fide·
1619 3541 1621 3596 ς

409 3621 487 3686 lium
505 3620 706 3700 dilectorum,
723 3621 778 3703 qui
795 3643 853 3704 pro
869 3619 933 3685 fide
949 3628 982 3687 et
999 3626 1087 3687 statu
1118 3621 1238 3687 nostris
1256 3641 1289 3685 se
1305 3640 1371 3684 non
1387 3619 1543 3686 sormida-
1619 3677 1620 3686 ,

410 3734 526 3794 verunt
551 3749 713 3812 exponere
739 3727 836 3794 dubie
862 3730 960 3795 sortis
988 3727 1169 3808 mentibus
1195 3727 1364 3793 laboribus
1390 3729 1494 3812 rarijs
1511 3735 1543 3792 ei

411 3836 565 3918 periculis
582 3834 807 3917 formidandis‚
824 3836 1035 3903 vendicantes
1053 3837 1113 3903 sibi
1131 3841 1305 3919 propterea
1321 3835 1434 3900 rberis
1445 3838 1547 3920 grati-
1618 3877 1620 3922 3

411 3942 534 4007 tudinis
550 3949 660 4010 nostre
686 3965 813 4025 munus,
840 3952 1009 4029 grataque,
1025 3945 1117 4010 vtilia
1133 3950 1166 4010 et
1181 3950 1317 4026 accepta
1332 3943 1476 4010 seruicia
1493 3967 1547 4028 per
1618 3957 1620 4030 f

412 4072 467 4116 eos
493 4048 633 4118 Culrniui
659 4054 781 4118 Nostro
808 4054 955 4136 prestita,
981 4073 1086 4137 queue
1111 4059 1261 4137 prestant
1286 4052 1328 4117 ad
1355 4061 1547 4136 presensit
1617 4095 1619 4154 ἰ

412 4162 559 4242 prestare
586 4166 740 4243 poterunt
766 4160 978 4229 laudabiliter
993 4161 1027 4225 iu
1045 4159 1200 4241 futurum,
1217 4181 1255 4225 ex
1272 4159 1390 4244 quibus
1417 4181 1549 4245 pernes
1617 4159 1619 4204 l

413 4265 551 4348 benigne
576 4269 728 4351 prosequi
755 4275 1000 4353 promerentur3
1024 4267 1145 4334 eisdem
1173 4269 1283 4350 Petro,
1302 4268 1413 4349 Miles,
1428 4268 1549 4354 Dyoni·

413 4373 468 4452 sio,
484 4373 640 4456 iohanni,
658 4375 826 4459 Stephano
853 4383 886 4441 et
911 4377 1027 4442 Blasio
1044 4376 1211 4458 fratribus,
1228 4399 1266 4442 ac
1282 4379 1433 4460 ipsorum
1448 4386 1484 4444 et
1501 4401 1550 4444 cn·
1617 4387 1618 4390 ’

413 4480 546 4546 inslibet
563 4503 674 4548 eorum
691 4483 865 4550 heredibus
891 4485 1062 4550 masculini
1080 4506 1175 4550 sexus
1191 4503 1230 4550 ex
1247 4485 1393 4568 ipsorum
1411 4485 1549 4568 corpori-

415 4580 475 4651 bus
491 4587 635 4672 legitime
663 4590 941 4672 descendentibus,
967 4591 1054 4656 natis
1077 4591 1147 4674 jam
1172 4597 1205 4654 et
1226 4592 1360 4656 inantea
1376 4593 1547 4656 nascituris
