3210 5252
726 357 961 411 Dss’nouscamv
980 349 1145 410 eundum.

912 655 963 717 50.

371 818 427 880 XI.
444 815 580 903 Gcrpely
595 821 687 903 pcipe
704 839 784 882 ozon
800 816 897 879 toleti
907 815 1017 881 struet
1030 815 1171 880 aaltdsos
1187 815 1357 880 e'v·delcc'rdl
1372 817 1508 902 peudoa-

373 925 481 1004 todia,
506 926 565 989 tit
591 925 811 991 Galtczr'a'dan
828 949 849 988 a
868 923 976 989 ronrat'
1003 923 1177 1011 epykdzzol
1193 945 1232 987 uz
1247 923 1343 988 rtnidt
1358 918 1507 1012 elsoqad·

843 1034 909 1098 rut.
935 1033 1033 1099 1373.

483 1192 665 1278 Gregorius
689 1193 874 1278 Episcopus
896 1199 955 1259 etc.
975 1193 1103 1260 dilectis
1119 1191 1193 1257 filiis
1219 1193 1379 1259 universis
1395 1199 1428 1260 et
1443 1193 1508 1259 sin-

375 1303 462 1387 gulis
487 1301 661 1386 neophytis
678 1323 945 1387 quarumcunque
961 1303 1135 1368 nacionum
1150 1301 1184 1366 in
1201 1301 1305 1368 Terra
1321 1301 1508 1385 Lemburge

375 1415 408 1475 et
431 1410 504 1475 aliis
530 1407 648 1475 Russie
664 1409 814 1492 partibus
840 1411 1037 1490 constitutis,
1054 1408 1193 1474 salutem
1218 1415 1278 1474 etc.
1295 1409 1457 1476 Letamur
1472 1411 1508 1475 in

373 1517 524 1598 Domino,
549 1515 617 1596 filii,
642 1523 676 1583 et
700 1522 885 1583 nostrorum
910 1517 1018 1583 cordis
1043 1516 1270 1584 holocaustum
1296 1523 1329 1582 et
1345 1516 1508 1584 labiorum

375 1626 513 1690 vitulum
530 1625 742 1704 immolamus,
759 1625 846 1708 quod
862 1626 902 1691 de
918 1625 1121 1692 infidelitatis
1136 1625 1281 1691 tenebris
1297 1631 1330 1690 et
1344 1625 1452 1692 heresi
1470 1647 1510 1692 ac

374 1734 568 1800 scismaticis
594 1732 759 1799 erroribus
783 1755 839 1800 vos
864 1733 1121 1800 misericorditer
1146 1732 1259 1799 eduxit
1284 1755 1322 1800 ac·
1346 1733 1507 1818 produxit

373 1841 416 1907 ad
435 1843 544 1907 lumen
561 1838 732 1906 Catholice
748 1839 903 1905 veritatis.
920 1839 1109 1923 Eapropter
1125 1844 1308 1905 vestrarum
1323 1841 1509 1906 animarum

379 1949 511 2015 obviare
536 1950 699 2034 periculis,
725 1970 764 2014 ac
789 1948 906 2014 vestris
926 1947 1141 2014 consolationi
1166 1953 1199 2014 et
1223 1946 1322 2013 saluti
1337 1947 1512 2031 providere

376 2058 553 2124 salubriter
569 2059 747 2143 cupientes,
762 2058 878 2124 vestris
895 2056 1046 2140 precibus
1060 2055 1220 2137 inclinati,
1232 2054 1350 2121 dilecto
1365 2055 1435 2122 filio
1453 2106 1461 2122 .
1478 2106 1485 2120 .
1502 2107 1510 2121 .

375 2165 511 2234 Vicario
537 2167 650 2233 dilecti
670 2165 729 2230 filii
755 2165 901 2231 Ministri
929 2162 1101 2230 Generalis
1119 2161 1253 2229 Ordinis
1269 2163 1428 2230 Fratrum
1446 2161 1512 2230 Mi·

376 2295 493 2339 norum
518 2275 553 2338 in
568 2272 717 2358 partibus
734 2273 852 2340 Russie
869 2271 1027 2357 deputato
1047 2271 1138 2338 vobis
1155 2271 1362 2337 ministrandi
1380 2273 1511 2339 ecclesi·

377 2382 482 2446 astica
492 2379 708 2447 Sacramenta
723 2402 763 2447 ac
777 2381 926 2446 omnibus
952 2379 1024 2445 aliis
1040 2379 1222 2463 privilegiis
1242 2380 1289 2444 eis
1306 2378 1348 2445 ab
1365 2379 1512 2464 Aposto-

377 2488 443 2555 lica
459 2488 543 2555 Sede
560 2490 720 2555 concessis
740 2511 844 2575 usque
860 2487 1159 2572 adsbeneplacitum
1171 2488 1258 2554 dicte
1275 2485 1369 2552 Sedis
1386 2488 1512 2570 utendi,

377 2618 443 2661 non
474 2597 625 2664 obstante
655 2597 912 2664 contradictione
947 2597 1142 2664 venerabilis
1172 2595 1288 2663 fratris
1329 2597 1459 2662 noemi.
1478 2644 1509 2661 ..

377 2705 535 2788 Episcopi
560 2705 805 2772 Lubuzanensis
831 2727 888 2772 seu
913 2705 1125 2787 Lubucensis,
1146 2705 1201 2787 qui
1217 2705 1252 2769 in
1267 2703 1389 2769 eisdem
1406 2702 1512 2790 parti·

378 2812 440 2879 bus
465 2811 668 2879 ordinariam
693 2813 951 2879 iurisdictionem
976 2812 1098 2880 habere
1125 2835 1159 2879 se
1177 2814 1305 2894 asserit,
1324 2818 1356 2878 et
1371 2812 1515 2879 alterius

378 2921 606 3004 cuiuscunque,
630 2923 824 2988 auctoritate
848 2917 1041 3004 Apostolica
1059 2919 1157 2986 hodie
1172 2920 1389 2986 concessimus
1405 2919 1514 2986 facul·

377 3033 489 3094 tatem.
515 3027 628 3113 Quare
653 3027 842 3096 fidelitatem
869 3033 1011 3095 vestram
1026 3028 1198 3094 hortamur
1212 3029 1247 3093 in
1263 3027 1418 3111 Domino,
1434 3047 1516 3113 qua·

378 3142 473 3201 tenus
499 3136 715 3204 conversionis
739 3142 846 3202 vestre
862 3137 906 3201 ad
922 3134 1018 3200 fidem
1036 3134 1243 3227 Oatlrolicam
1268 3136 1421 3202 eximiam
1438 3156 1515 3220 gra·

380 3245 460 3308 tiam
476 3243 569 3310 vobis
585 3244 698 3309 datam
715 3265 735 3308 a
750 3244 821 3309 Deo
839 3245 872 3308 in
888 3242 1084 3309 humilitatis
1114 3244 1229 3328 spiritu
1245 3249 1278 3309 et
1293 3243 1415 3310 virtute
1440 3265 1518 3310 eou-

380 3353 505 3420 staucie
522 3358 800 3436 recognoscentes
818 3355 1063 3436 perseverantes
1080 3351 1151 3416 sitis
1167 3351 1201 3416 in
1217 3350 1281 3417 fide
1295 3349 1439 3436 prefata,
1455 3371 1518 3417 nec

380 3461 421 3527 ab
432 3465 614 3543 eapropter
629 3461 862 3542 temptaciones
878 3465 911 3524 et
926 3458 1082 3526 scandala
1097 3458 1276 3540 recedatis;
1300 3459 1358 3526 sed
1373 3480 1447 3524 eum
1465 3461 1517 3525 in·

379 3569 555 3634 vocacione
580 3567 697 3632 Divino
714 3565 841 3650 Graoie,
858 3590 917 3652 per
932 3573 1038 3634 vestre
1057 3568 1308 3651 perseverantie,
1324 3575 1357 3634 et
1373 3569 1519 3635 aliorum

380 3682 561 3742 vestrorum
585 3674 743 3742 bonorum
759 3697 893 3760 operum
909 3677 1059 3761 exempla
1075 3676 1157 3742 alios
1173 3675 1214 3742 de
1229 3677 1423 3743 nacionibus
1442 3699 1514 3744 ves-

381 3785 443 3850 tris
458 3785 492 3848 in
507 3783 689 3850 huiusmodi
714 3784 857 3851 tenebris
873 3791 906 3850 et
922 3783 1087 3852 erroribus
1105 3785 1315 3869 persistentes
1331 3783 1374 3852 ad
1390 3785 1520 3853 dictam

381 3891 478 3958 fidem
502 3890 663 3958 adducere
680 3895 848 3975 satagatis,
863 3899 900 3958 ut
915 3899 990 3977 post
1014 3892 1201 3959 huiusmodi
1217 3894 1285 3960 vite
1310 3895 1434 3960 exitum
1451 3917 1521 3962 nou

298 4055 303 4066 ,
383 4001 488 4066 solum
528 4005 663 4083 vestras,
703 4000 760 4066 sed
802 4021 913 4067 eorum
955 4003 1081 4068 animas
1121 4003 1310 4068 mereamini
1341 4001 1523 4070 Altissimo

384 4115 581 4191 presentare.
623 4110 748 4176 Datum
779 4110 867 4195 apud
892 4109 1135 4178 Villamnovam
1167 4108 1401 4179 Avinionensis
1432 4113 1522 4180 Dio·

382 4217 464 4282 cesis
494 4217 579 4285 XII.
594 4217 749 4286 kalendas
764 4217 921 4303 Augusti,
938 4217 1153 4285 Pontificatus
1173 4221 1279 4286 nostri
1294 4241 1381 4288 anuo
1397 4225 1519 4290 tercio.

707 4364 768 4426 (XI.
782 4364 900 4429 Ger-gely
914 4363 986 4427 palpa
999 4361 1189 4428 regestaibtl.)

872 4525 1031 4536 ..ῃ-*-
