3210 5252
403 371 446 434 94
756 357 990 434 nrrsouuczrsr
1009 375 1176 434 susurras.

401 565 545 630 pensum,
561 545 727 612 videlicet:
752 545 849 631 Quod
863 568 920 613 nos
936 545 978 612 de
993 545 1163 630 premissis
1179 545 1309 630 plenam
1325 569 1390 614 non
1407 544 1531 611 haben-

400 661 451 719 tes
475 655 636 737 notitiam,
652 655 727 720 inde
742 654 939 740 volebamus,
956 661 1055 740 prout
1071 655 1269 738 congruebat
1286 659 1382 725 etiam
1401 655 1535 733 rationi,

401 782 460 846 per
476 769 508 826 te
524 763 664 843 stallos,
691 783 771 848 quos
786 785 920 847 presens
946 763 1104 848 tangebat
1120 765 1293 848 negotium,
1309 783 1365 828 ros
1381 763 1534 846 primitus

402 869 586 951 informare,
602 877 636 937 et
651 892 740 937 mera
757 872 893 937 veritate
920 877 1095 956 comperta,
1112 871 1267 956 quicquid
1282 893 1342 954 pro
1357 871 1444 936 bono
1460 889 1535 935 con·

402 978 512 1044 cordis
537 1001 595 1062 per
614 1001 678 1044 uos
694 980 756 1045 rite
772 979 976 1064 possctfieri,
992 980 1221 1064 proculdubio
1238 980 1424 1045 faceremus.
1441 978 1534 1043 Ideo-
1557 989 1565 996 '

406 1105 469 1166 que
493 1090 660 1169 premissa,
678 1108 741 1171 que
757 1109 822 1153 non
839 1093 914 1152 suut
931 1087 1130 1174 negligentis
1150 1084 1359 1166 comittenda,
1375 1085 1420 1151 ad
1433 1083 1534 1169 Regi·

400 1193 485 1258 nalis
510 1191 723 1262 Oelsitudinis
748 1193 898 1261 notitiam
930 1195 1079 1260 duximus
1105 1193 1302 1273 deducenda,
1330 1191 1377 1257 Te
1393 1199 1533 1275 paterne

399 1301 580 1381 hortantes,
605 1309 642 1367 ut
666 1321 705 1368 ea
730 1307 856 1367 mature
874 1301 1039 1383 discutias,
1054 1307 1087 1366 et
1103 1300 1231 1368 dilectis
1246 1302 1278 1366 in
1296 1299 1430 1365 Christo
1446 1297 1533 1364 filia·

399 1406 460 1472 bus
482 1407 656 1490 nepotibus
680 1409 755 1487 tuis,
782 1413 815 1472 et
839 1407 921 1487 eliis,
939 1409 995 1491 qui
1011 1410 1045 1471 iu
1061 1407 1123 1474 hae
1138 1413 1233 1491 parts
1257 1413 1447 1492 tanguntur,
1474 1427 1530 1471 no·

400 1512 511 1594 tifioes
543 1520 644 1597 tuque
660 1521 692 1579 et
708 1515 772 1598 ipsi
789 1514 930 1598 aliquem
948 1535 1004 1580 seu
1020 1514 1147 1598 aliquos
1162 1515 1251 1580 viros
1266 1515 1389 1598 peritos
1406 1520 1439 1578 et
1454 1512 1533 1578 fide·

399 1622 446 1687 les
471 1621 567 1704 plene
590 1621 781 1688 informatos
807 1621 848 1687 de
863 1621 929 1687 tuis
955 1628 987 1688 et
1002 1623 1149 1705 ipsorum
1174 1621 1310 1701 iuribus,
1321 1641 1361 1687 ac
1376 1641 1449 1686 oum
1466 1623 1533 1686 tuis

371 1753 374 1760 ·
398 1734 561 1796 eteorum
585 1730 848 1814 responsionibus
873 1730 1127 1797 rationabilibus
1142 1736 1176 1795 et
1192 1728 1349 1812 discretis,
1365 1727 1454 1794 etde
1470 1729 1530 1794 ali-

399 1857 465 1921 qua
480 1837 566 1904 bona
590 1837 643 1904 via
667 1837 847 1920 concordie,
874 1840 902 1903 si
926 1837 989 1904 tibi
1014 1845 1045 1903 et
1071 1838 1118 1904 eis
1148 1843 1308 1919 occurrat,
1323 1834 1367 1903 ad
1382 1841 1532 1901 nostram

398 1947 596 2028 presentiam
621 1968 719 2030 quam
745 1945 810 2012 cito
835 1945 1002 2012 commode
1025 1947 1157 2029 poteris,
1184 1946 1316 2011 studeas
1343 1945 1529 2024 destimare,

398 2058 435 2117 ut
459 2052 500 2118 ds
524 2053 650 2120 iuribus
673 2061 707 2119 et
731 2054 997 2136 responsionibus
1023 2053 1131 2136 ipsius
1163 2052 1329 2136 sepedicto
1360 2049 1530 2124 Ludorico

399 2157 484 2244 Regi
501 2161 565 2225 cito
581 2161 722 2227 scribere
738 2160 912 2226 valeamus.
939 2159 1101 2244 Optamus
1118 2161 1203 2225 enim
1219 2160 1303 2226 inter
1318 2165 1350 2225 te
1366 2165 1400 2226 et
1415 2179 1529 2243 perso·

401 2288 470 2350 nas,
495 2289 557 2352 qus
581 2268 642 2332 tibi
667 2267 824 2335 deberent
853 2290 913 2352 pro
938 2275 1084 2351 tempore
1109 2269 1143 2333 in
1167 2268 1332 2352 premissis
1348 2263 1531 2346 sucessisse,

399 2376 570 2458 ipsumque
593 2373 795 2440 Ludoricum
819 2374 944 2458 Regem
968 2375 1079 2440 taliter
1105 2373 1253 2457 predicta
1278 2372 1415 2455 disponi,
1442 2371 1528 2455 quod

399 2481 490 2547 nulla
505 2482 641 2548 invicem
658 2481 784 2549 oriatur
792 2484 939 2548 animosa
949 2481 1123 2563 discordia,
1132 2482 1321 2564 nullumque
1337 2478 1530 2546 scandalum

400 2591 594 2673 suscitetur;
619 2591 677 2656 sed
702 2591 915 2675 petitionibus
941 2597 974 2656 et
998 2589 1211 2658 revisiouibus
1229 2587 1531 2673 utriusquepartis,

400 2698 547 2784 qualibet
572 2699 784 2766 altercatione
811 2706 970 2780 cessante,
995 2699 1106 2782 quieto
1130 2704 1164 2764 et
1189 2698 1353 2764 amicabili
1378 2697 1531 2764 modain

399 2806 518 2873 libram
535 2807 684 2873 deductis
698 2807 838 2892 justicie,
866 2806 997 2872 dilectio
1014 2807 1296 2889 consanguinealis
1311 2804 1451 2872 firmiter
1465 2826 1529 2869 ma·

399 2922 475 2980 neat
500 2921 534 2980 st
549 2922 657 2981 sumet
681 2915 801 2998 iugiter
826 2915 1068 2982 incrementum.
1094 2913 1219 2980 Datum
1234 2912 1323 2998 apud
1349 2909 1531 2981 Villamno·

398 3045 474 3088 uam
489 3019 719 3089 Arinionsnsis
734 3021 884 3089 Diocesis
900 3020 946 3086 X.
964 3019 1122 3087 kalendas
1141 3017 1305 3101 Octobris,
1315 3019 1531 3085 Pontificatus

399 3133 504 3196 nostri
520 3151 606 3196 anno
623 3137 750 3215 quarto.

728 3239 787 3301 (xl.
802 3239 923 3304 Gergsly
935 3239 1007 3304 pepo
1020 3238 1207 3304 regestdibbl.)

883 3365 922 3372 ..α
926 3363 1045 3372 ...u—-n

939 3493 990 3556 77.

398 3653 424 3718 Ι.
441 3653 542 3739 Lajoa
557 3652 736 3740 mappas-ds
746 3651 867 3741 leuqyel
883 3652 1063 3738 lcirdlyaak
1074 3651 1178 3716 bdoete
1198 3649 1419 3729 Veleacae'bee,
1436 3673 1458 3715 α
1474 3673 1528 3714 ra·

485 3763 584 3847 qusai
598 3762 631 3824 dc
647 3763 788 3827 cattorot'
803 3760 1014 3847 differects'dls
1031 3759 1193 3825 diocaeses
1210 3757 1311 3822 isdot-
1329 3758 1439 3822 1374.

504 3919 603 3987 Anno
619 3917 915 3990 MGOOLXXIV.
932 3921 984 3986 dis
1001 3917 1178 3986 XXVIII.
1195 3915 1407 4000 Septembris.
1424 3914 1484 3980 Ca
1493 3936 1528 3998 p-

396 4035 441 4094 ta
456 4053 463 4094 :
477 4027 564 4095 Cum
590 4028 738 4095 dominus
765 4029 837 4095 Rex
852 4029 1028 4113 Hungarie
1044 4027 1171 4093 miserit
1187 4025 1231 4090 ad
1247 4044 1305 4089 nos
1322 4021 1529 4089 Ambaxato-

395 4158 465 4201 rem
482 4159 576 4202 suum
590 4159 650 4221 pro
667 4136 764 4204 factis
774 4137 1012 4221 Raguseorum,
1024 4135 1079 4218 qui
1091 4130 1299 4199 Ambaxator
1307 4131 1419 4214 tetigit
1428 4131 1528 4196 stiam

248 4216 254 4230 ¹
335 4289 339 4292 -
395 4243 576 4312 incidenter
592 4245 633 4312 de
649 4246 745 4312 laetis
772 4243 1011 4326 Geminorum,
1035 4243 1125 4310 radit
1139 4263 1226 4327 pars,
1244 4238 1330 4324 quod
1346 4239 1529 4304 committa·

395 4359 449 4418 tur
466 4352 677 4439 sapientibus
702 4377 762 4440 pro
788 4353 884 4423 factis
909 4355 934 4422 J
935 4375 1019 4422 anus
1045 4350 1098 4438 (ut
1114 4351 1250 4419 audiant
1266 4347 1389 4414 dictum
1405 4346 1529 4414 Amba·

394 4466 553 4543 xatorem,
570 4468 603 4527 et
623 4462 763 4546 desuper
781 4462 875 4549 dent)
892 4463 986 4529 nobis
1003 4483 1096 4527 suum
1113 4458 1294 4524 consilium.
1548 4547 1550 4552 ἵ

476 4569 511 4631 (Α
528 4571 636 4620 »Missi«
652 4571 743 4621 caimti
755 4571 895 4623 velenczsi
910 4570 1138 4633 allamkonyrbdl
1151 4567 1240 4617 XXX.
1254 4567 1332 4615 kbtet
1348 4567 1410 4614 243.
1424 4565 1454 4630 l.)
