3214 5250
393 347 457 414 636
750 369 983 418 eunounezmr
999 359 1167 419 emeres.

291 547 305 562 ⁶
392 527 478 591 mine
504 526 709 610 Margberitc
735 529 798 594 Dei
824 532 932 614 gratia
960 531 1141 616 Hungarie,
1171 530 1368 610 Jerusalem,
1399 527 1519 608 Sicilie,

391 632 566 716 Dalmatia,
580 634 723 718 Croatie,
733 635 847 721 Rome,
858 637 979 722 Serrie,
990 639 1124 722 Galitic,
1137 639 1341 717 bodomerie,
1354 635 1522 712 Cumanis,

391 741 550 825 Bulgarie
566 742 707 828 Regina,
732 743 915 830 Provinoie,
937 748 1164 832 Forcalquerii
1182 770 1221 813 ac
1237 744 1447 813 Pedemontis
1464 743 1523 810 Co·

391 850 525 932 mitisse,
540 851 611 936 ipsa
628 853 717 920 dicta
733 854 863 939 Regina
880 878 937 922 suo
954 859 1089 941 proprio
1106 863 1140 921 et
1156 856 1283 940 privato
1309 853 1451 932 nomine,
1468 875 1524 918 nec

391 981 455 1024 non
472 963 507 1024 ut
523 961 626 1028 tutrix
641 968 674 1027 et
689 964 812 1028 tutorio
829 965 966 1046 nomine,
981 971 1014 1030 et
1030 987 1089 1050 pro
1099 965 1166 1030 viee
1177 970 1211 1029 et
1221 963 1352 1028 nomine
1363 959 1525 1026 Illuslris·

392 1065 464 1130 simi
480 1066 646 1152 Principis
662 1075 695 1134 et
710 1068 855 1152 Domini,
879 1072 1002 1138 domiui
1022 1071 1183 1156 Ladizlay
1200 1070 1424 1156 predictorum
1438 1069 1526 1152 Reg-

391 1192 504 1239 norum
531 1175 641 1260 Regis,
666 1178 791 1261 pupilli,
816 1186 847 1243 et
874 1181 1019 1262 ipsorum
1044 1179 1269 1246 Comitatuum
1293 1171 1445 1254 Comitis,
1467 1177 1525 1242 filii

391 1281 553 1365 quondam
578 1285 664 1350 clare
690 1287 842 1354 memorio
867 1289 988 1354 domini
1013 1289 1132 1356 Karoli
1158 1288 1263 1354 Tertii
1296 1286 1525 1371 predictorum

391 1390 578 1472 Regnorum
597 1391 708 1477 Regis,
718 1399 755 1458 ut
770 1395 810 1461 de
827 1396 932 1462 tutela
948 1397 1097 1482 predicta
1114 1403 1241 1464 constat
1257 1394 1391 1480 puplioo
1402 1393 1525 1460 instru-

391 1502 499 1563 mento
514 1499 662 1566 conlecto
678 1523 775 1567 manu
791 1504 854 1569 mei
870 1505 1004 1571 Notarii
1021 1505 1241 1589 infrascripti3
1256 1525 1316 1569 neo
1333 1501 1526 1568 non'dictus

393 1604 553 1672 Dominus
578 1607 756 1675 Ladizlaus
783 1608 855 1677 Rex
880 1613 1031 1697 pupillus,
1057 1636 1129 1678 cnm
1154 1633 1320 1692 consensu,
1337 1611 1477 1676 licentia
1493 1618 1526 1676 et

391 1716 587 1780 auctoritate
604 1738 642 1782 ac
658 1721 827 1801 presentia
843 1720 931 1786 dicte
948 1722 1076 1789 domiue
1093 1721 1300 1804 Margbarite
1314 1719 1448 1784 tutricis
1459 1741 1525 1798 suc,

391 1828 424 1887 et
440 1823 577 1906 quilibet
594 1847 703 1892 eorum
720 1849 778 1912 per
795 1851 829 1894 so
846 1835 878 1894 et
895 1830 928 1894 in
946 1831 1094 1911 solidum,
1104 1831 1191 1896 omui
1208 1828 1313 1910 modo,
1331 1828 1477 1910 via,iure
1493 1832 1526 1890 et

391 1929 505 2011 forma,
520 1931 637 2017 quibus
654 1937 759 2018 magis
776 1945 807 2001 et
825 1938 939 2004 melius
955 1937 1026 2004 fieri
1043 1941 1158 2023 potuit,
1172 1938 1331 2017 fecerunt,
1347 1936 1525 2001 constitue·

391 2043 468 2102 runt
484 2045 518 2104 et
534 2041 766 2108 ordinaverunt
790 2046 951 2114 dictorum
974 2047 1103 2114 domine
1119 2045 1326 2130 Margherite
1342 2044 1475 2126 Regine
1492 2061 1524 2120 el

390 2144 523 2211 Domini
539 2147 696 2234 Ladizlny
712 2151 824 2236 Regis,
840 2159 873 2219 et
888 2154 1061 2221 cuiuslibet
1084 2155 1227 2239 ipsorum
1242 2153 1276 2218 iu
1293 2152 1445 2232 solidum,
1472 2173 1523 2216 ae·

392 2259 486 2336 tores,
500 2264 740 2342 procuratores,
755 2260 907 2342 faetores,
923 2268 955 2328 et
971 2268 1078 2328 certos
1096 2263 1227 2327 nuntios
1243 2261 1400 2346 spetiales
1415 2265 1450 2325 et
1469 2280 1523 2342 ge·

390 2361 515 2428 neralcs
540 2363 720 2432 Zenobium
746 2369 840 2435 Nerii
869 2367 1025 2454 Mooigni,
1051 2369 1237 2436 Antonium
1250 2367 1413 2435 Guidonis
1429 2366 1519 2432 della

390 2469 539 2554 Foresta,
563 2479 597 2539 et
621 2471 801 2542 Antonium
826 2478 989 2544 ,Iohannis
1005 2477 1058 2545 del
1073 2478 1222 2557 Perchio,
1239 2474 1336 2542 Cives
1352 2476 1521 2542 Florenti·

390 2600 457 2659 nos,
476 2580 518 2645 ab
533 2579 743 2667 infrascripto
768 2584 839 2650 loeo
865 2585 1015 2652 absentes
1041 2593 1209 2672 tamquam
1225 2591 1405 2670 presentes
1420 2591 1453 2650 et
1471 2605 1520 2649 ao-

389 2693 556 2773 ceptantes
572 2691 757 2773 specialiter
782 2701 816 2759 et
832 2696 1032 2776 nominatim,
1048 2695 1091 2760 ad
1107 2695 1302 2776 donandum,
1321 2692 1520 2759 transferen-

389 2793 475 2876 dum,
499 2802 532 2859 et
555 2796 739 2864 donationis
763 2800 860 2867 titulo
877 2808 910 2867 et
926 2823 1028 2868 causa
1054 2801 1259 2882 trudendum,
1284 2801 1465 2866 cedendum
1486 2809 1518 2868 et

389 2902 626 2969 concedendum
643 2905 827 2991 Magnifiois
838 2911 916 2976 viris
933 2909 1104 2976 Prioribus
1121 2906 1254 2974 Artium
1271 2915 1305 2974 et
1320 2905 1517 2977 Vexillilero

388 3009 523 3076 Justitie
539 3014 656 3098 Populi
683 3024 716 3081 et
742 3015 929 3084 Communis
946 3017 1124 3102 Florentie,
1139 3025 1172 3084 et
1188 3039 1245 3084 seu
1261 3015 1335 3082 aliis
1351 3037 1414 3100 pro
1430 3017 1520 3082 dioto

390 3119 560 3186 Communi
577 3128 609 3186 et
625 3122 743 3206 populo
753 3125 994 3208 recipientibus
1005 3125 1144 3190 maxime
1160 3125 1200 3189 ob
1217 3123 1518 3189 remunerationem

388 3235 421 3292 et
445 3231 739 3312 compensationem
766 3232 968 3298 servitiorum
995 3234 1169 3299 multorum
1200 3234 1357 3298 hactenus
1384 3255 1405 3298 a
1431 3232 1519 3296 dicto

387 3334 559 3401 Communi
576 3337 744 3403 Florentio
759 3345 972 3424 receptorum,
990 3343 1097 3407 omnia
1112 3348 1144 3407 et
1161 3341 1291 3423 singula
1305 3341 1395 3424 jura,
1412 3347 1446 3405 et
1462 3361 1518 3405 seu

280 3513 284 3524 ,
388 3443 540 3526 antiopae,
556 3453 590 3510 et
606 3466 662 3510 seu
675 3446 918 3527 jurisdictiones
934 3457 966 3515 et
982 3455 1162 3533 potestates
1180 3448 1229 3514 vel
1245 3449 1430 3532 imperium,
1445 3469 1521 3530 que,

388 3572 495 3633 quam,
512 3558 544 3622 et
562 3553 649 3635 quod
666 3554 716 3619 rel
732 3577 814 3639 quus
830 3555 1060 3623 dictadomina
1076 3557 1281 3640 Margherito
1296 3557 1437 3640 Regina,
1454 3555 1521 3620 dio-

388 3665 439 3724 tus
456 3661 633 3728 Ladizlaus
658 3662 739 3744 Rex,
764 3671 798 3729 et
823 3687 878 3729 seu
903 3664 1023 3749 aliquis
1048 3687 1161 3731 eorum
1176 3663 1315 3730 haberet
1330 3664 1382 3731 rel
1398 3663 1520 3730 habere

387 3773 506 3850 posset,
521 3775 553 3834 ot
569 3790 624 3833 seu
641 3769 798 3836 haberent
814 3771 863 3836 rel
879 3770 1001 3838 habere
1017 3779 1159 3854 possent,
1174 3778 1208 3838 et
1224 3793 1281 3840 seu
1297 3772 1406 3836 dictus
1417 3771 1521 3836 domi·

387 3897 448 3940 nus
472 3875 544 3940 Rex
569 3875 716 3942 Karolus
742 3877 887 3944 habebat
913 3877 960 3944 vel
990 3879 1111 3945 babere
1136 3883 1267 3963 potarat
1292 3882 1444 3961 tempore
1461 3901 1521 3945 sue

387 3982 451 4048 vite
467 4004 598 4068 quoquo
622 3983 728 4066 modo,
752 3985 848 4052 titulo
867 3987 916 4052 vel
933 4005 1039 4069 cauma,
1057 3986 1099 4067 in,
1116 3987 1156 4052 de
1173 3992 1206 4052 ot
1222 4006 1279 4051 seu
1294 4008 1357 4070 pro
1373 3983 1521 4052 Ciuitate

387 4093 437 4158 rel
452 4091 625 4175 Districtu,
640 4099 674 4158 et
689 4114 744 4158 seu
760 4093 793 4158 in
808 4093 955 4159 homines
971 4099 1004 4160 et
1019 4114 1174 4178 personas
1190 4094 1292 4178 ipsius
1308 4102 1342 4160 et
1359 4115 1418 4162 seu
1432 4096 1522 4179 ipso

387 4222 467 4283 rum,
483 4207 517 4266 et
532 4221 586 4266 seu
603 4200 688 4266 dicte
714 4199 867 4267 Civitatis
887 4201 997 4270 Aretii
1014 4201 1055 4267 de
1070 4201 1247 4268 Provincia
1263 4199 1393 4283 Tuscis,
1410 4211 1441 4268 et
1460 4223 1521 4268 seu

387 4307 455 4374 eius
480 4306 647 4374 Comitatu
673 4309 723 4374 sel
747 4309 921 4393 Districtu,
947 4314 980 4376 et
1006 4331 1063 4376 seu
1084 4309 1227 4375 eiusdem
1245 4308 1433 4376 Comitatus
1450 4309 1520 4374 sire

386 4417 568 4484 Districtus
595 4423 626 4482 et
650 4417 816 4483 hominum
844 4439 1130 4504 quorumcumque,
1150 4423 1183 4482 et
1215 4439 1272 4482 seu
1303 4437 1519 4502 personarum

387 4525 571 4594 eorumdem
584 4527 871 4606 occasione,eauso
881 4528 1100 4614 rolpretextu.
1116 4527 1163 4594 Et
1173 4525 1214 4592 ad
1231 4525 1318 4593 diota
1335 4524 1520 4604 inliciunt,
