3214 5250
385 437 450 511 638
739 461 972 512 bresonscznn
991 445 1156 512 amem

386 649 442 690 seu
459 625 611 691 connexis
628 647 668 690 ex
686 625 740 707 eis,
757 647 819 708 qus
835 626 913 691 dicti
933 625 1165 691 Procuratores
1181 633 1216 690 et
1233 625 1384 710 quilibet,
1401 647 1459 691 sen
1478 625 1524 690 al·

384 742 435 798 ter
451 755 572 812 eornm,
598 731 645 797 rel
671 730 886 798 substituendi
902 732 943 798 ab
960 733 1007 796 eis
1023 732 1073 798 vel
1089 734 1200 814 aliquo
1222 755 1339 798 eorum
1355 733 1524 800 voluerint

386 840 436 906 vel
467 841 615 922 voluerit,
639 847 673 905 et
698 861 761 923 que
787 840 866 906 dicti
891 841 1014 906 domini
1048 841 1288 906 constituentes
1314 848 1350 906 et
1382 842 1526 923 quilibet

386 970 443 1014 seu
458 949 542 1014 alter
558 969 669 1015 eorum
686 947 796 1013 lacere
823 955 957 1031 possent
974 954 1008 1013 et
1024 969 1079 1014 seu
1101 956 1221 1031 posset,
1238 948 1267 1014 si
1283 971 1420 1034 presens
1436 959 1529 1016 esset

386 1059 437 1123 vel
452 1065 618 1142 presentes
643 1064 759 1122 essent.
785 1057 912 1123 Dentes
928 1064 962 1122 et
977 1057 1188 1122 concedentes
1213 1057 1312 1122 dictis
1333 1058 1526 1123 nominibus

385 1171 418 1228 et
434 1165 579 1248 quolibet
594 1186 704 1231 eorum
729 1166 824 1230 dictis
849 1163 1115 1248 procuratoribus
1131 1170 1164 1228 et
1189 1162 1326 1229 cuilibet
1351 1185 1468 1229 eorum
1490 1167 1525 1230 in

387 1271 535 1354 solidum,
551 1279 584 1338 et
599 1273 834 1339 substituendis
851 1272 894 1337 eb
910 1273 956 1336 eis
972 1271 1025 1336 vel
1039 1271 1149 1355 aliquo
1167 1293 1280 1337 eorum
1296 1273 1330 1335 in
1347 1271 1524 1357 predictis,

386 1381 473 1446 circa
486 1380 635 1466 predicte
651 1388 684 1446 et
694 1379 863 1466 quodlibet
873 1403 930 1446 seu
941 1381 1079 1446 alterum
1089 1380 1321 1464 predictorum,
1332 1380 1526 1466 dependen-

386 1488 474 1555 tibus
490 1497 523 1556 et
539 1512 595 1555 seu
611 1491 763 1556 connexis
779 1511 817 1553 ex
835 1491 890 1568 eis,
907 1489 1037 1574 plenum
1055 1487 1196 1554 liberum
1213 1495 1246 1553 et
1262 1489 1417 1572 generale
1433 1511 1526 1554 men-

386 1598 500 1663 datum
516 1620 588 1664 cum
603 1596 708 1682 plene,
722 1596 828 1663 libera
846 1603 879 1664 et
894 1596 1042 1681 generali
1067 1594 1359 1662 administratione.
1375 1596 1526 1662 Promis-

385 1713 494 1773 tentes
519 1707 617 1773 michi
640 1705 783 1772 Notario
809 1705 1017 1789 infrascripto
1043 1713 1210 1790 tamquam
1234 1725 1372 1790 persone
1389 1705 1525 1789 publice

387 1815 559 1901 stipulanti
584 1822 618 1880 et
641 1815 812 1898 recipienti
837 1815 965 1880 nomine
991 1821 1023 1880 et
1046 1814 1113 1879 vice
1140 1811 1329 1879 Communis
1346 1814 1524 1879 Florentia

386 1923 536 2010 predicti,
552 1931 586 1989 et
601 1925 743 1989 omnium
770 1928 803 1987 et
828 1921 1037 2006 singulorum,
1054 1943 1188 2004 quorum
1205 1923 1354 2004 interest,
1369 1922 1526 1988 intererit

387 2055 443 2098 sen
459 2031 702 2117 quomodolibet
724 2033 879 2097 interesse
899 2031 1020 2115 poterit
1036 2031 1069 2096 in
1085 2028 1248 2112 futurum3
1264 2038 1296 2095 et
1308 2030 1464 2116 jurantes
1481 2031 1526 2096 ad

389 2139 513 2208 Sancta
528 2141 591 2206 Dei
607 2138 790 2223 Evangelia
805 2161 906 2204 manu
921 2139 1018 2204 tectis
1035 2135 1215 2227 Scripturis
1231 2139 1462 2221 corporaliter,
1479 2140 1525 2203 si-

387 2250 506 2318 delicet
529 2249 618 2315 dicta
642 2249 773 2316 domina
796 2246 984 2332 Margarita
1010 2246 1139 2330 Regina
1160 2247 1257 2311 dictis
1274 2247 1474 2330 nominibus,
1490 2253 1523 2312 et

389 2357 536 2424 dominus
551 2357 727 2424 Ladizluns
752 2356 826 2421 Rex
849 2377 921 2421 cum
938 2375 1103 2436 consensu,
1119 2353 1253 2420 licentia
1269 2361 1303 2420 et
1318 2357 1524 2420 auctoritate

388 2466 475 2531 dicte
491 2467 617 2532 domine
633 2466 702 2531 eius
719 2465 849 2530 tutricis
870 2465 967 2530 dictis
993 2461 1174 2528 nominibus
1190 2469 1224 2529 et
1240 2462 1387 2547 quolibet
1407 2485 1523 2530 eorum

388 2575 422 2640 in
448 2573 596 2655 solidum,
622 2595 655 2639 se
680 2571 844 2638 dominam
871 2571 1089 2655 Margaritem
1116 2571 1286 2656 Reginam,
1302 2579 1338 2638 et
1352 2573 1523 2638 dominnm

389 2681 580 2748 Ladizlaum
597 2681 729 2765 Regem,
747 2688 781 2746 et
797 2679 974 2763 quemlibet
991 2701 1102 2746 eorum
1117 2680 1151 2744 in
1167 2680 1317 2762 solidum,
1327 2680 1449 2746 bebere
1468 2679 1523 2745 fir·

389 2812 485 2873 mum,
515 2798 633 2876 retum,
665 2797 794 2872 gratum
820 2797 853 2854 et
886 2789 1030 2855 validum
1055 2796 1175 2870 tenere,
1207 2797 1240 2854 et
1271 2789 1428 2872 quicquid
1460 2811 1526 2873 per

390 2897 496 2963 dictos
527 2904 754 2981 procuratores
788 2897 838 2962 rel
872 2919 983 2962 eornm
1008 2896 1159 2980 aliquem,
1191 2894 1239 2960 rel
1270 2897 1520 2964 substituendos

389 3004 432 3069 ab
457 3006 511 3087 eis,
537 3004 587 3070 rel
613 3005 723 3088 aliquo
750 3025 861 3070 eornm
886 3004 1017 3088 lactum,
1034 3010 1170 3087 gestum,
1187 3011 1364 3087 operatum,
1381 3007 1522 3088 promis-

390 3133 459 3177 suin
477 3113 509 3176 in
525 3113 681 3196 predictis
697 3120 732 3179 et
747 3114 834 3177 circa
859 3114 1007 3196 predicta
1023 3119 1056 3178 et
1072 3112 1241 3195 quodlibet
1256 3120 1290 3178 et
1307 3134 1364 3177 sen
1384 3113 1523 3198 aliquod

389 3219 617 3302 predictorum,
627 3229 658 3287 et
669 3220 933 3304 dependentibus,
949 3226 983 3285 et
1000 3241 1055 3283 seu
1072 3220 1224 3284 connexis
1242 3239 1281 3282 ex
1297 3221 1352 3300 eis,
1368 3220 1428 3287 snb
1438 3222 1523 3286 obli-

390 3329 521 3410 gatione
537 3349 749 3412 personarum
766 3330 852 3394 dicte
868 3329 996 3393 domine
1023 3327 1231 3410 Mergherite
1246 3327 1373 3412 Regina
1390 3335 1422 3393 et
1438 3329 1522 3394 dicti

390 3435 510 3500 domini
536 3438 684 3503 Ledielai
709 3437 820 3521 Regis,
845 3443 879 3502 et
903 3437 1075 3502 cuiuslibet
1097 3436 1244 3519 ipsorum
1259 3435 1294 3501 in
1310 3436 1462 3516 solidum,
1489 3447 1521 3500 et

391 3565 513 3629 eorum,
538 3551 571 3610 et
596 3544 768 3611 cuiuslibet
794 3566 905 3611 eorum
920 3545 954 3610 in
971 3543 1110 3609 solidum
1134 3544 1289 3610 heredum
1309 3545 1520 3612 bonorumet

387 3653 509 3736 jurium
543 3655 688 3720 omnium
712 3653 912 3739 presentium
938 3662 972 3717 et
996 3651 1188 3719 futurorum.
1220 3651 1267 3717 Et
1293 3653 1521 3720 nichilominus

391 3762 559 3828 etiamad
584 3762 746 3829 ceutelem
771 3769 804 3828 et
829 3763 985 3828 maiorem
1011 3760 1139 3827 roboris
1156 3759 1353 3844 firmitatem,
1368 3760 1448 3827 dicti
1467 3763 1521 3828 do·

390 3873 479 3936 mine
493 3871 681 3956 Margarita
696 3871 826 3954 Regina
837 3872 933 3936 dictis
945 3869 1137 3950 nominibus,
1152 3876 1311 3935 eteorum
1328 3869 1520 3950 insolidum,

390 3985 422 4043 et
439 3979 587 4045 dominus
603 3978 779 4046 Ledizleus
796 3979 871 4045 Rex
887 4001 958 4044 cnm
974 3979 1183 4058 auctoritate,
1200 3999 1358 4043 consensu
1375 3985 1410 4043 et
1423 3980 1519 4045 licen·

389 4089 437 4152 tie
454 4086 538 4152 dicte
555 4087 683 4154 domine
709 4089 837 4153 tutricis
863 4088 942 4168 eius,
968 4108 1007 4151 ex
1033 4106 1118 4151 nunc
1145 4085 1235 4151 secte
1252 4083 1439 4169 donatione,
1453 4109 1520 4152 ces·

391 4196 480 4261 sione
506 4203 538 4261 et
564 4197 809 4263 renunciatione
834 4196 982 4281 predicta
1008 4216 1067 4279 per
1091 4194 1181 4277 ipsos
1208 4204 1445 4278 procuratores,
1470 4194 1519 4260 vel

391 4325 503 4372 eorum
530 4306 671 4372 alterum
696 4305 904 4389 promictunt,
930 4311 964 4368 ct
989 4325 1023 4369 se
1040 4310 1073 4368 et
1089 4323 1165 4367 suos
1185 4299 1322 4368 heredes
1338 4308 1371 4368 et
1385 4303 1471 4369 bons
1487 4311 1517 4366 et

390 4411 464 4477 inre
480 4415 589 4480 omnis
614 4413 773 4496 obligant,
797 4413 984 4479 renuntient
1000 4414 1034 4476 et
1049 4407 1093 4475 ed
1108 4407 1231 4474 Sancta
1258 4407 1323 4474 Dei
1339 4407 1518 4493 Evangelia

389 4517 592 4612 jnraverunt,
616 4529 652 4588 nt
677 4544 785 4606 supra,
811 4529 842 4587 et
868 4520 993 4586 faciunt
1007 4519 1042 4583 in
1058 4517 1208 4583 omnibus
1225 4524 1259 4582 et
1275 4539 1335 4601 per
1355 4519 1471 4600 omnia,
1488 4523 1517 4582 et

393 4628 500 4712 quoad
526 4649 635 4694 omnes
660 4633 769 4697 omnia
794 4637 825 4694 et
851 4628 990 4716 singula,
1017 4635 1051 4693 et
1077 4627 1186 4692 omnia
1212 4626 1255 4691 ed
1286 4647 1359 4710 que,
1374 4633 1409 4691 et
1422 4631 1515 4712 prout
