3214 5250
414 413 479 473 608
767 423 1004 474 omnonaczrar
1023 413 1188 471 nurn'nrsrr.

412 587 490 672 quid
507 588 652 671 predicte
668 586 806 654 Ciuitati
817 594 873 654 aut
884 583 1007 653 uiribus
1023 587 1180 653 violenter
1190 587 1392 653 abstractum
1411 586 1525 668 existat
1588 621 1590 634 ι

410 717 467 761 seu
483 697 631 763 ablatum
657 696 780 780 illicite,
804 697 932 763 restitui
958 695 1115 777 volumus,
1141 717 1203 780 qne
1223 701 1334 761 tamen
1360 695 1393 760 in
1418 695 1527 760 nostris
1589 691 1590 698 '

410 803 560 870 manibus
587 805 773 870 retinemus.
791 805 947 870 Preterea
973 804 1129 885 volumus,
1154 809 1190 868 ut
1216 802 1326 870 omnia
1352 808 1386 867 et
1410 803 1525 884 singula

410 911 562 978 thelonea
579 919 611 978 et
627 912 752 979 tributa
767 919 842 998 post
858 919 996 978 mortem
1013 911 1218 978 serenissimi
1234 910 1402 994 Principis
1419 909 1529 974 domini
1588 939 1590 996 3

410 1017 573 1084 Karimiri
589 1020 641 1104 pie
658 1021 820 1100 memorie,
844 1021 922 1087 olim
948 1019 1051 1105 Regis
1078 1019 1226 1104 Polonie,
1243 1021 1295 1084 ari
1321 1019 1426 1084 nostri
1442 1017 1531 1084 caris-
1588 1023 1590 1028 ’

409 1127 491 1210 simi,
507 1128 652 1194 indebite
668 1135 700 1193 et
710 1129 816 1194 minus
829 1129 918 1213 juste
934 1149 992 1211 per
1008 1129 1192 1213 quempiam
1211 1131 1344 1207 statuta,
1360 1127 1489 1191 omnino
1502 1133 1529 1190 ct
1589 1197 1591 1206 ¹

409 1237 557 1304 totaliter
573 1235 785 1322 deponantur.
803 1233 988 1303 statuimus
1004 1235 1144 1320 insuper,
1170 1237 1258 1321 quod
1283 1235 1447 1322 deposioio
1463 1235 1530 1301 salis

409 1353 442 1412 ct
472 1346 616 1412 omnium
647 1345 904 1412 mercanoiarum
935 1345 968 1410 in
995 1342 1138 1412 Ciuitate
1162 1352 1276 1411 nostra
1301 1345 1530 1429 Lemburgansi

309 1489 312 1498 ·
408 1459 591 1538 prenotata,
607 1451 677 1518 fore
694 1452 790 1520 debet
807 1459 840 1517 et
855 1472 1053 1536 permanere,
1069 1473 1129 1518 nso
1145 1475 1209 1518 non
1219 1475 1279 1538 per
1297 1474 1409 1520 omnes
1426 1459 1459 1518 et
1472 1453 1529 1516 sin·

408 1561 504 1644 gulos
521 1565 721 1627 mercatores
738 1567 771 1626 ot
785 1560 932 1626 homines
957 1561 1000 1627 ab
1027 1559 1240 1646 undecunque
1265 1561 1440 1642 venientes,
1464 1581 1526 1626 aum

408 1669 529 1735 endem
544 1690 609 1735 non
632 1667 722 1752 alibi,
748 1669 810 1734 nisi
836 1669 870 1734 in
886 1665 1028 1734 Ciuitate
1055 1675 1169 1734 nostra
1193 1669 1360 1753 perpetuis
1385 1668 1528 1752 tempori·

406 1777 467 1843 bus
483 1777 719 1845 inviolabiliter
735 1779 839 1844 tenui
857 1781 890 1842 et
906 1773 1080 1856 observari,
1090 1775 1189 1842 veluti
1204 1776 1268 1842 fuit
1277 1776 1480 1862 temporibus
1490 1778 1525 1841 ab

406 1885 550 1969 antiquis
566 1891 694 1952 tantum
704 1890 931 1968 etseruatum;
947 1905 1006 1950 nec
1022 1885 1121 1950 etiam
1130 1885 1249 1969 aliquis
1261 1884 1437 1952 eorundem
1455 1905 1528 1949 mer·

408 1999 555 2060 catorum
573 1994 780 2060 inconsuetas
796 2000 829 2058 et
844 1990 1023 2060 indirectas
1038 1995 1106 2060 rias
1116 2001 1147 2058 ct
1163 1996 1331 2076 transibis,
1347 1994 1401 2061 uel
1417 1993 1530 2060 audeat

406 2101 616 2186 pertransire,
631 2106 689 2166 aut
709 2101 890 2184 depositum
918 2101 1025 2167 lacere
1052 2101 1245 2183 eorumdem,
1271 2109 1480 2186 preterquam
1501 2102 1529 2164 in

407 2209 494 2275 dioto
511 2208 668 2274 Ciuitatis
683 2207 834 2293 deposito
851 2209 996 2293 generali
1012 2209 1144 2274 easdem
1160 2209 1312 2293 deponat
1339 2209 1527 2275 Promitter-

408 2326 459 2385 tes
476 2328 588 2385 tenore
604 2321 806 2404 presencium
822 2319 996 2401 mediante,
1012 2340 1123 2386 omnes
1139 2324 1172 2385 et
1188 2319 1331 2403 singulos
1357 2318 1527 2395 Ruthenoq

406 2425 580 2510 Armorica,
590 2428 616 2494 J
617 2427 728 2511 udeos,
739 2427 930 2512 Saracenos,
947 2435 980 2494 et
997 2428 1173 2512 quemlibet
1194 2449 1315 2508 eorum,
1332 2430 1366 2494 in
1383 2427 1527 2493 suisinri-

404 2536 465 2602 bus
482 2558 680 2603 conservare.
699 2537 739 2602 In
757 2553 895 2622 quorum
912 2538 1054 2602 omnium
1070 2538 1305 2623 premissorum
1322 2537 1456 2602 euidens
1472 2543 1526 2600 tas-

403 2646 573 2710 timonium
599 2651 767 2729 presentes
784 2644 913 2711 litteras
930 2646 1029 2712 scribi
1049 2644 1192 2730 secunus,
1216 2647 1386 2729 nostrique
1409 2664 1522 2729 appen-

403 2755 494 2819 sione
510 2753 610 2836 sigilli
628 2755 830 2820 communiri.
859 2752 981 2820 Actum
997 2755 1180 2839 Lemburge
1197 2753 1280 2820 feria
1305 2755 1453 2839 proxima
1466 2759 1522 2817 tar·

401 2862 455 2926 cia
469 2867 546 2947 post
562 2861 757 2928 dominicam
774 2864 996 2929 Reminisoere
1021 2884 1107 2929 anno
1124 2864 1257 2929 Domini
1283 2862 1453 2928 millesimo
1468 2867 1523 2924 tre

402 2971 588 3054 centesimo,
614 2974 815 3056 octogerimo
839 2980 939 3039 sexto.
967 2973 1091 3039 Datum
1116 2995 1174 3057 per
1199 2993 1313 3038 manus
1339 2967 1521 3038 venerabilis

403 3077 586 3164 Kyeczonis
602 3079 767 3163 Prepositi
791 3078 912 3146 Sancte
928 3079 1037 3144 Maria
1052 3081 1085 3145 in
1103 3077 1244 3146 Ciuitate
1261 3077 1476 3158 Craoorisnsi
1490 3079 1518 3139 et

402 3183 603 3270 (lancellarij
623 3183 709 3252 Aule
727 3193 846 3253 nostre.

447 3331 683 3398 (Lengyelorszag
697 3348 722 3385 u.
737 3349 764 3384 n.
778 3335 982 3400 metricajrtbbl‚
997 3352 1031 3387 az
1045 3336 1176 3401 orszagos
1189 3334 1281 3386 varsbi
1295 3332 1479 3393 lavelttrbun)

360 3777 363 3784 ⁴
404 3783 543 3875 Yenperi
565 3787 745 3875 joplce'rdts
769 3787 920 3854 velenczei
945 3790 977 3853 a
1002 3791 1108 3855 trau-i
1131 3790 1290 3878 polpdrolc
1324 3794 1403 3859 lc'o'zt.
1429 3791 1510 3859 138⁶.

509 3945 607 4015 Anno
617 3945 951 4018 MCOOLXXXVI.
962 3951 1015 4016 die
1027 3951 1154 4018 XXII.
1164 3951 1291 4036 Marcii,
1303 3951 1433 4038 (Quoad
1442 3971 1511 4017 mer·

399 4054 545 4121 cationes
563 4057 683 4122 cochae
699 4055 879 4143 Arduynae
889 4059 1085 4127 Franciscus
1099 4061 1268 4142 cornaria,
1284 4054 1512 4129 Michaelblari

400 4165 496 4246 petro
513 4170 546 4227 et
561 4162 719 4231 Nicolaus
737 4164 933 4251 Superantio
951 4168 994 4234 ad
1009 4175 1121 4253 partes
1137 4169 1333 4238 Solanoniae
1358 4171 1453 4256 eunt)
1466 4165 1513 4232 In-

400 4272 589 4356 superqnia
605 4279 681 4338 ante
698 4275 953 4359 applicaoionem
978 4278 1141 4346 dictorum
1166 4280 1325 4347 nobilium
1349 4281 1390 4348 ad
1413 4282 1510 4365 partas
1592 4283 1593 4286 ’

400 4373 574 4445 Solanonie
590 4381 724 4464 quidam
741 4383 859 4449 nobilis
876 4385 915 4450 do
932 4383 1096 4470 Tragurio
1107 4389 1271 4456 mutuauit
1284 4395 1420 4474 patrono
1436 4387 1509 4452 dicte
1591 4363 1593 4376 ⁴

401 4485 499 4552 cocho
516 4494 644 4553 contum
661 4490 799 4557 ducatos
814 4492 854 4557 de
870 4493 947 4560 hinc
964 4515 1023 4579 per
1041 4497 1202 4563 cambium
1218 4520 1277 4582 pro
1294 4498 1452 4584 aliquibus
1464 4513 1509 4558 ex·

399 4595 508 4674 pensis
525 4599 702 4683 oportunis,
719 4602 774 4682 qui
791 4607 950 4684 patronus
966 4604 1057 4669 misit
1072 4604 1115 4671 ad
1126 4605 1317 4672 soluendum
1333 4604 1433 4674 dictos
1448 4623 1507 4669 ren·
1591 4635 1593 4728 Ι
