3214 5250
606 643 679 706 ees.
706 625 707 630 '

71 805 191 870 Morio
215 825 353 889 maqyar
384 801 604 887 kira'lyoe'aok
631 826 653 866 a
672 801 830 910 florereczi
864 802 1083 890 biiztciraoedp.
1110 803 1206 866 1386.

288 963 414 1045 Regino
432 960 549 1027 Maris.

180 1069 394 1137 Serenissima
409 1067 548 1154 Regina.
574 1067 610 1136 Si
623 1090 688 1153 pro
705 1069 848 1152 glorioso
865 1074 974 1136 vestro
991 1070 1148 1153 sanguine
1167 1071 1201 1134 in

67 1179 273 1246 ardentifide
284 1179 441 1245 ethumili
456 1179 631 1244 securitate
642 1185 789 1244 movetur
799 1185 912 1246 nostra
923 1179 1053 1245 devotio
1066 1203 1073 1260 ;
1088 1179 1115 1243 si
1125 1198 1201 1242 con·

66 1289 208 1355 fidentes
219 1288 376 1354 audemus
386 1288 419 1354 in
429 1287 538 1352 filialis
556 1287 737 1354 reverentie
748 1288 897 1372 caritate,
910 1293 943 1353 et
954 1286 1024 1366 soli,
1035 1286 1123 1369 quod
1134 1285 1202 1369 plu·

65 1397 144 1462 rimi
154 1394 240 1464 forte
250 1395 421 1480 silent,pro
431 1395 606 1461 miserendi
616 1394 719 1479 Regis
730 1393 1070 1479 salute,magnitudini
1082 1393 1201 1461 Vestre

67 1503 254 1570 Clementie
270 1504 503 1589 supplicemus:
520 1503 643 1573 Vestra
659 1525 724 1570 non
740 1503 838 1570 debet
849 1501 1017 1570 Serenites
1032 1502 1200 1568 admirari.

65 1612 174 1679 Novit
188 1612 308 1679 etenim
325 1608 447 1678 Vestra
463 1611 632 1698 Majestes,
649 1617 774 1706 quanta
789 1632 862 1678 eum
873 1613 1082 1678 veneratione
1098 1632 1200 1695 popu·

4 1721 8 1728 '
65 1721 119 1787 lus
134 1721 198 1786 iste
213 1741 277 1786 non
294 1725 362 1785 tam
378 1718 598 1800 Florentinus,
615 1741 713 1803 quam
737 1719 872 1804 Regius,
887 1719 1047 1803 gloriosos
1064 1719 1200 1803 Hungu-

65 1831 115 1896 rie
139 1807 261 1912 Regbs,
286 1832 319 1892 et
342 1832 446 1895 totam
474 1825 814 1899 sacrementissimam
830 1829 1025 1912 Progeniem
1042 1827 1200 1895 Christis-

64 1937 194 2003 nissimi
218 1936 381 2018 Principis
406 1935 529 2003 domini
555 1935 677 2003 Karoli
704 1937 807 2002 Primi
834 1935 1020 2004 Jerusalem
1037 1943 1068 2002 et
1086 1935 1197 2003 Sicilie

3 2051 4 2054 ’
64 2042 180 2128 Regia
196 2065 217 2109 a
232 2063 296 2126 quc
311 2042 414 2109 totius
430 2044 529 2107 vestri
545 2043 713 2128 sanguinis
741 2043 841 2108 series
866 2041 1042 2125 derivatur,
1059 2049 1198 2127 quanto·

65 2174 132 2236 que
159 2171 240 2222 cum,
258 2148 436 2217 devotionis
462 2151 552 2216 cultu
577 2151 732 2217 fuerimus
757 2152 928 2236 prosecuti.
961 2149 1064 2217 Novit
1089 2153 1198 2232 etiam,

65 2261 319 2343 meminisseque
346 2257 451 2341 debet,
476 2267 602 2344 quanta
628 2261 843 2328 benivolentie
870 2262 1017 2344 caritate,
1032 2261 1133 2326 felicis
1150 2281 1198 2324 re·

64 2369 269 2436 cordationis
285 2373 459 2452 eterneque
485 2376 518 2435 et
543 2369 682 2453 gloriose
699 2369 852 2436 memorie
868 2367 1053 2436 Ludovicus
1070 2369 1198 2454 genitor

63 2485 184 2562 vester,
199 2495 258 2542 nos
274 2478 360 2541 inter
375 2474 565 2561 Majeetatis
581 2474 646 2542 Sue
664 2477 847 2562 singulares
864 2479 1037 2544 servitores
1055 2484 1087 2544 et
1095 2483 1198 2561 ¹pecu·

62 2583 166 2652 lieres
191 2583 275 2650 filios
301 2584 487 2668 reputabat.
528 2584 574 2650 Ut
600 2585 727 2656 etiamsi
768 2590 875 2652 taceat
901 2587 1070 2652 universus
1095 2587 1196 2666 orbis,

64 2693 240 2761 Communi
265 2699 387 2774 nostro,
414 2693 501 2776 quod
526 2693 595 2759 sine
620 2694 869 2778 ingratitudinis
895 2703 974 2761 nota
998 2703 1107 2761 tacere
1132 2717 1197 2762 non

62 2806 186 2886 potest,
212 2799 342 2864 omnino
368 2799 411 2863 sit
437 2798 591 2882 debitum,
617 2807 733 2866 cuncta
759 2821 823 2883 que
849 2799 888 2866 de
913 2802 1066 2885 progenie
1089 2800 1197 2885 Regia

62 2907 265 2991 contigerint
289 2905 473 2988 infeliciter,
499 2908 532 2972 in
557 2910 691 2994 spiritus
718 2909 935 2976 amaritudine
969 2913 1133 2995 conqueri,
1164 2919 1196 2975 et

63 3021 227 3101 quantum
244 3013 315 3080 fieri
331 3016 444 3100 possit,
469 3038 529 3099 pro
556 3017 660 3084 salute
677 3017 850 3084 ethonore
866 3024 1055 3083 cunctorum
1072 3018 1196 3084 devotis

61 3124 236 3191 affectibus
262 3125 402 3208 operari.
429 3123 505 3189 Heu
531 3124 631 3206 dolor,
657 3125 719 3191 heu
736 3128 850 3212 pietas.
882 3123 1087 3206 Audivimus
1110 3125 1196 3208 quod

60 3235 133 3300 sine
160 3230 319 3316 profluvio
344 3231 553 3298 lacrimarum
579 3255 733 3301 enarrare
754 3256 817 3301 uon
834 3256 1012 3319 possumus,
1038 3235 1196 3320 quosdam

59 3339 249 3426 iniquitatis
264 3338 358 3424 filios,
382 3340 569 3410 detestabili
594 3340 741 3410 Sathane
767 3344 885 3429 spiritu
908 3344 1096 3422 concitatos,
1112 3344 1195 3427 proh

60 3448 181 3534 pudor,
205 3448 239 3514 in
263 3447 453 3533 Majeetstis
480 3449 599 3516 Vestra
625 3459 808 3536 conspectu,
824 3457 949 3518 tantam
964 3451 999 3514 in
1015 3451 1195 3534 audaciam,

60 3559 127 3622 ime
142 3555 288 3622 furorem
313 3563 344 3622 et
374 3557 533 3624 insaniam
561 3562 749 3644 surrexisse,
774 3560 861 3643 quod
886 3561 920 3626 in
946 3558 1195 3626 Serenissimum

60 3664 255 3747 Principem
279 3662 405 3747 Regem
433 3664 606 3748 Karolum,
623 3689 681 3751 per
706 3689 820 3732 manus
840 3665 958 3736 Vestro
976 3667 1195 3752 Benignitetis

59 3775 162 3858 paulo
181 3779 258 3840 ante
276 3773 318 3836 ad
335 3777 462 3839 tantam
488 3775 720 3842 sublimitatem
737 3784 893 3861 evectum,
909 3785 1053 3844 armatas
1069 3799 1195 3860 manus,

60 3879 104 3946 ad
121 3878 313 3946 effusionem
340 3880 508 3964 sanguinis
535 3890 567 3949 et
592 3883 771 3950 illationem
787 3887 910 3969 mortis,
926 3886 1103 3952 crudeliter
1119 3885 1196 3949 inie-

60 3994 194 4070 cerunt,
218 3993 412 4072 tantumque
436 3989 565 4056 licuisse
590 3994 835 4075 percussoribus
850 3995 924 4076 illis,
941 3994 1026 4077 quod
1042 3995 1146 4080 ipsum
1162 3995 1196 4058 in

59 4096 195 4163 Palatio
220 4096 336 4182 Regio,
362 4105 396 4165 et
421 4099 550 4166 demum
577 4101 609 4165 in
635 4101 755 4185 oppido
774 4100 994 4186 Visingradus
1012 4103 1196 4170 carceribus

59 4205 273 4270 intruserunt.
306 4205 453 4291 Quarum
479 4228 588 4273 rerum
608 4208 696 4275 fama
712 4231 769 4274 nos
787 4211 926 4294 plurimo
943 4231 1070 4278 merore
1086 4211 1193 4276 conie-

61 4314 115 4394 cit,
147 4319 252 4378 totem
268 4313 401 4380 Italiam
418 4315 450 4382 in
467 4321 642 4401 stuporem,
658 4327 692 4385 et
707 4322 889 4388 universum
915 4325 1024 4390 orbem
1042 4323 1076 4385 in
1092 4321 1193 4388 admi·

61 4422 223 4484 rationem
246 4427 281 4485 et
306 4422 544 4490 condolentiam
571 4429 734 4494 excitavit.
763 4431 814 4496 De
841 4432 967 4514 quibus,
996 4432 1071 4496 lieet
1096 4431 1191 4497 multi

62 4528 168 4596 multe
193 4529 430 4609 circumferant,
456 4531 532 4597 lieet
558 4535 654 4599 variis
671 4541 700 4598 et
718 4537 851 4602 diversis
871 4540 1077 4624 opinionibus
1093 4541 1190 4606 eollo-
