3210 5252
759 389 994 462 nirnonacmm
1012 380 1179 444 anstites.

943 687 1013 748 101.

407 845 432 908 Ι.
452 847 550 930 Lajoa
568 869 702 932 muppctr
720 848 752 910 e'a
768 847 890 932 lerrppei
911 847 1092 928 aeramnae
1110 871 1130 910 u
1138 846 1292 934 floreno-zi
1317 839 1531 932 todztdraautp.

930 957 1023 1020 1376.

518 1115 601 1198 Regi
618 1115 775 1196 Ungaiie.
859 1145 862 1152 ·

519 1221 733 1287 Serenissime
750 1221 822 1286 Rex
838 1227 935 1305 atque
947 1221 1153 1286 invictissime
1170 1223 1335 1304 Princeps.
1352 1221 1533 1286 Maiestatis
1560 1237 1564 1248 '

410 1329 529 1397 Vestra
554 1330 692 1410 litterae,
719 1330 838 1411 quibus
865 1331 1031 1395 decurioni
1049 1335 1158 1394 nostre
1176 1328 1371 1412 Magnificus
1388 1330 1532 1394 dominos

410 1437 654 1502 Bartolomeum
672 1442 703 1501 et
720 1436 900 1501 Antonium
927 1437 1046 1501 fratres
1064 1436 1150 1502 dotia
1168 1434 1278 1518 Scala,
1298 1435 1457 1501 Dominos
1475 1433 1533 1501 Ve-

410 1565 488 1608 rone
515 1549 613 1626 atque
631 1542 807 1610 Vincencie
824 1543 1040 1608 amicabiliter
1056 1543 1333 1624 recommendatis,
1352 1545 1532 1610 reuerentia

412 1671 513 1733 nuper
528 1651 709 1733 accepimus
726 1658 888 1716 consueta.
899 1651 1027 1734 Quibus
1037 1652 1182 1716 breviter
1197 1651 1437 1733 respondemus,
1453 1649 1532 1734 quod

412 1757 530 1824 Vestra
547 1757 740 1824 Serenitatis
765 1759 885 1824 intuitu
901 1781 960 1842 pro
979 1759 1116 1842 prefatis
1143 1759 1291 1824 Dominis
1309 1763 1463 1842 tanquam
1480 1781 1532 1842 pro

414 1865 588 1936 carissimis
614 1865 750 1946 nostris,
776 1875 946 1950 postquam
980 1869 1066 1949 ipsos
1098 1865 1192 1932 nobis
1216 1867 1402 1949 benignitas
1436 1877 1533 1932 vestra

412 1972 574 2053 conciliat,
592 1972 774 2052 incurretis,
791 1973 830 2038 de
848 1974 964 2055 quibus
983 1997 1039 2038 nos
1056 1974 1207 2040 (luxerint
1225 1975 1448 2057 requirendos.
1463 1995 1529 2040 nos·

412 2089 480 2146 tros
496 2079 626 2147 t'auores
641 2080 1059 2164 efficaciterimpendamus.
1070 2082 1280 2146 Maiestatem
1295 2079 1451 2150 Vestram
1467 2105 1533 2148 con-

412 2195 517 2255 seruet
535 2188 744 2268 Attissimus3
762 2190 813 2253 cni
829 2210 885 2253 nos
897 2187 1074 2254 humillime
1085 2189 1356 2260 commendamus.
1374 2189 1532 2256 Florentia

412 2295 463 2361 die
480 2293 520 2361 V.
536 2287 654 2361 mensis
671 2295 845 2361 Februarii
863 2295 986 2360 XIIII.
1003 2295 1189 2364 indictione.

412 2441 536 2501 <Eredeti
551 2441 765 2508 sogaimazvany
780 2459 796 2491 a
811 2441 948 2506 »sigbert
965 2442 1119 2506 Carteggie,
1137 2442 1264 2492 Missive«
1280 2444 1331 2492 stb.
1347 2445 1453 2506 osztatp
1466 2445 1533 2494 xt'i.

587 2531 741 2596 kiitegeben
756 2537 797 2581 b'b.
813 2547 848 2582 az.
863 2547 906 2593 a.;
926 2531 1084 2581 atterenczi
1099 2545 1172 2596 nagy
1184 2531 1380 2591 teveltsirbnu.)

897 2695 1054 2704 ν--ή--υυ

942 2841 1012 2900 102.

412 2998 439 3062 d
458 2998 554 3063 Delta
573 3000 670 3065 Secula
687 3001 911 3078 tertbercbneb,
930 3000 1334 3084 veroum·quedetmeknet,
1352 3025 1373 3064 a
1382 2999 1530 3088 florenum

801 3109 1022 3194 lrbztriraasdp.
1050 3112 1144 3173 ldib'.

519 3267 669 3331 Itoniinis
687 3269 938 3334 Veronensibus.

519 3375 625 3439 Amici
643 3375 815 3440 barissimi.
834 3375 864 3439 A
882 3375 1094 3442 Serenissimo
1113 3378 1267 3460 Principe
1284 3377 1416 3444 domino
1437 3379 1531 3444 Ludo·

408 3482 480 3546 nieo
501 3482 588 3563 Rege
605 3481 750 3565 Vngarie
767 3483 893 3548 litteras
911 3506 1014 3567 nuper
1030 3485 1220 3566 accepimus
1238 3485 1356 3567 quibus
1374 3509 1429 3552 ros
1446 3486 1530 3550 nobis

407 3591 673 3655 affectuosissime
699 3591 955 3656 commendabat.
982 3589 1052 3656 Noa
1078 3598 1188 3656 antem
1204 3598 1237 3656 et
1253 3614 1388 3657 suarum
1404 3594 1524 3658 littera-

407 3721 479 3763 rum
505 3697 633 3779 intuitu,
650 3703 682 3762 et
708 3706 839 3782 propter
866 3701 1067 3782 singularum
1093 3721 1245 3782 amorem,
1269 3721 1368 3783 quam
1396 3700 1436 3766 ad
1454 3701 1528 3767 bone

407 3806 558 3871 menmrie
584 3806 762 3888 genitorem
788 3814 931 3872 vestrum
958 3807 1121 3872 dominum
1154 3803 1408 3887 Oansignorium
1425 3805 1529 3872 babui-

407 3935 487 3996 mus,
511 3934 568 3978 ros
595 3914 790 3979 intendimus
818 3915 849 3978 in
876 3915 1068 3998 recipiendis
1095 3937 1132 3978 ae
1149 3915 1354 3980 conferendis
1372 3913 1527 3996 beneficiis

406 4021 491 4085 inter
507 4021 589 4087 alios
606 4020 739 4087 Italicos
754 4021 912 4087 Dominus
925 4022 1017 4088 nobis
1028 4021 1240 4088 amIeissimos
1252 4045 1433 4089 numerare.
1448 4023 1529 4088 Dato

405 4125 573 4194 Florentia
589 4127 641 4193 die
659 4128 699 4196 V.
716 4131 837 4193 mensis
856 4128 1026 4213 Februarij
1045 4127 1170 4194 XIIII.
1189 4129 1374 4195 indictione.

405 4271 532 4330 (Erudeti
545 4272 757 4336 Iogaltnazvriny
770 4287 786 4322 a
798 4274 936 4338 mignoio,
951 4274 1107 4341 ttarteggie,
1122 4274 1250 4324 minuive«
1266 4275 1318 4324 stb.
1344 4277 1453 4340 oszta'ly
1468 4272 1533 4324 xvi.

583 4362 736 4426 kiitegtben
752 4366 794 4410 69.
809 4376 846 4409 sa.
861 4379 883 4413 a.
899 4379 916 4412 a
931 4365 1059 4414 tior-enezi
1078 4377 1151 4427 nagy
1172 4362 1385 4414 lei-atterebant
