<?xml version="1.0" encoding="UTF-8"?>
<!DOCTYPE html PUBLIC "-//W3C//DTD XHTML 1.0 Transitional//EN"
    "http://www.w3.org/TR/xhtml1/DTD/xhtml1-transitional.dtd">
<html xmlns="http://www.w3.org/1999/xhtml" xml:lang="en" lang="en">
 <head>
  <title>
</title>
<meta http-equiv="Content-Type" content="text/html;charset=utf-8" />
  <meta name='ocr-system' content='tesseract 3.04.00' />
  <meta name='ocr-capabilities' content='ocr_page ocr_carea ocr_par ocr_line ocrx_word'/>
</head>
<body>
  <div class='ocr_page' id='page_1' title='image "./magyardiplomacz00wenzgoog_0598.png"; bbox 0 0 3182 5252; ppageno 0'>
   <div class='ocr_carea' id='block_1_1' title="bbox 0 201 3 1218">
    <p class='ocr_par' dir='ltr' id='par_1_1' title="bbox 0 201 3 1218">
     <span class='ocr_line' id='line_1_1' title="bbox 0 201 3 1218; baseline 0 0"><span class='ocrx_word' id='word_1_1' title='bbox 0 201 3 1218; x_wconf 95' lang='lat' dir='ltr'> </span> 
     </span>
    </p>
   </div>
   <div class='ocr_carea' id='block_1_2' title="bbox 396 347 1178 428">
    <p class='ocr_par' dir='ltr' id='par_1_2' title="bbox 396 347 1178 428">
     <span class='ocr_line' id='line_1_2' title="bbox 396 347 1178 428; baseline 0 -2"><span class='ocrx_word' id='word_1_2' title='bbox 396 347 463 428; x_wconf 68' lang='grc'>578</span> <span class='ocrx_word' id='word_1_3' title='bbox 758 379 992 428; x_wconf 77' lang='lat' dir='ltr'>menonneamr</span> <span class='ocrx_word' id='word_1_4' title='bbox 1011 356 1178 427; x_wconf 57' lang='lat' dir='ltr'>erilem.</span> 
     </span>
    </p>
   </div>
   <div class='ocr_carea' id='block_1_3' title="bbox 393 540 1524 1923">
    <p class='ocr_par' dir='ltr' id='par_1_3' title="bbox 395 540 1523 1041">
     <span class='ocr_line' id='line_1_3' title="bbox 395 540 1519 635; baseline -0.002 -27"><span class='ocrx_word' id='word_1_5' title='bbox 395 546 438 608; x_wconf 92' lang='lat' dir='ltr'>rit</span> <span class='ocrx_word' id='word_1_6' title='bbox 456 540 658 608; x_wconf 87' lang='lat' dir='ltr'>ethabuerit</span> <span class='ocrx_word' id='word_1_7' title='bbox 677 543 711 606; x_wconf 94' lang='lat' dir='ltr'>in</span> <span class='ocrx_word' id='word_1_8' title='bbox 726 543 903 626; x_wconf 66' lang='lat' dir='ltr'>premissis</span> <span class='ocrx_word' id='word_1_9' title='bbox 920 543 1032 635; x_wconf 84' lang='lat' dir='ltr'>redeat</span> <span class='ocrx_word' id='word_1_10' title='bbox 1059 543 1210 608; x_wconf 79' lang='lat' dir='ltr'>celeriter</span> <span class='ocrx_word' id='word_1_11' title='bbox 1236 541 1394 611; x_wconf 79' lang='lat' dir='ltr'>Venetiae</span> <span class='ocrx_word' id='word_1_12' title='bbox 1412 542 1451 607; x_wconf 87' lang='lat' dir='ltr'>de</span> <span class='ocrx_word' id='word_1_13' title='bbox 1466 563 1519 606; x_wconf 88' lang='lat' dir='ltr'>om·</span> 
     </span>
     <span class='ocr_line' id='line_1_4' title="bbox 398 649 1520 734; baseline 0 -20"><span class='ocrx_word' id='word_1_14' title='bbox 398 651 493 717; x_wconf 87' lang='lat' dir='ltr'>nibus</span> <span class='ocrx_word' id='word_1_15' title='bbox 510 649 696 733; x_wconf 81' lang='lat' dir='ltr'>plenissime</span> <span class='ocrx_word' id='word_1_16' title='bbox 718 651 920 718; x_wconf 77' lang='lat' dir='ltr'>informatus.</span> <span class='ocrx_word' id='word_1_17' title='bbox 938 652 984 718; x_wconf 84' lang='lat' dir='ltr'>Et</span> <span class='ocrx_word' id='word_1_18' title='bbox 1009 653 1035 716; x_wconf 85' lang='lat' dir='ltr'>ei</span> <span class='ocrx_word' id='word_1_19' title='bbox 1062 657 1173 716; x_wconf 88' lang='lat' dir='ltr'>noster</span> <span class='ocrx_word' id='word_1_20' title='bbox 1188 651 1350 717; x_wconf 81' lang='lat' dir='ltr'>Notarius</span> <span class='ocrx_word' id='word_1_21' title='bbox 1375 651 1520 734; x_wconf 84' lang='lat' dir='ltr'>reperiret</span> 
     </span>
     <span class='ocr_line' id='line_1_5' title="bbox 400 755 1522 843; baseline -0.003 -19"><span class='ocrx_word' id='word_1_22' title='bbox 400 780 452 824; x_wconf 83' lang='lat' dir='ltr'>ser</span> <span class='ocrx_word' id='word_1_23' title='bbox 466 755 629 824; x_wconf 83' lang='lat' dir='ltr'>Jacobum</span> <span class='ocrx_word' id='word_1_24' title='bbox 658 757 798 842; x_wconf 79' lang='lat' dir='ltr'>Quirino</span> <span class='ocrx_word' id='word_1_25' title='bbox 812 759 1006 839; x_wconf 85' lang='lat' dir='ltr'>relaxatum,</span> <span class='ocrx_word' id='word_1_26' title='bbox 1022 780 1087 824; x_wconf 93' lang='lat' dir='ltr'>non</span> <span class='ocrx_word' id='word_1_27' title='bbox 1097 758 1256 843; x_wconf 78' lang='lat' dir='ltr'>procedat</span> <span class='ocrx_word' id='word_1_28' title='bbox 1266 757 1405 826; x_wconf 88' lang='lat' dir='ltr'>ulterius</span> <span class='ocrx_word' id='word_1_29' title='bbox 1421 760 1457 824; x_wconf 88' lang='lat' dir='ltr'>in</span> <span class='ocrx_word' id='word_1_30' title='bbox 1469 758 1522 823; x_wconf 82' lang='lat' dir='ltr'>fae·</span> 
     </span>
     <span class='ocr_line' id='line_1_6' title="bbox 399 865 1523 950; baseline 0.001 -19"><span class='ocrx_word' id='word_1_31' title='bbox 399 875 431 931; x_wconf 88' lang='lat' dir='ltr'>to</span> <span class='ocrx_word' id='word_1_32' title='bbox 457 865 615 949; x_wconf 88' lang='lat' dir='ltr'>predicto,</span> <span class='ocrx_word' id='word_1_33' title='bbox 642 865 698 930; x_wconf 89' lang='lat' dir='ltr'>sed</span> <span class='ocrx_word' id='word_1_34' title='bbox 725 867 837 932; x_wconf 87' lang='lat' dir='ltr'>redeat</span> <span class='ocrx_word' id='word_1_35' title='bbox 866 865 1047 934; x_wconf 84' lang='lat' dir='ltr'>Veneatias</span> <span class='ocrx_word' id='word_1_36' title='bbox 1073 866 1113 931; x_wconf 91' lang='lat' dir='ltr'>de</span> <span class='ocrx_word' id='word_1_37' title='bbox 1139 867 1288 932; x_wconf 86' lang='lat' dir='ltr'>omnibus</span> <span class='ocrx_word' id='word_1_38' title='bbox 1316 867 1413 950; x_wconf 87' lang='lat' dir='ltr'>plene</span> <span class='ocrx_word' id='word_1_39' title='bbox 1438 867 1523 932; x_wconf 85' lang='lat' dir='ltr'>inler-</span> 
     </span>
     <span class='ocr_line' id='line_1_7' title="bbox 399 983 516 1041; baseline -0.009 -2"><span class='ocrx_word' id='word_1_40' title='bbox 399 983 516 1041; x_wconf 88' lang='lat' dir='ltr'>matas.</span> 
     </span>
    </p>

    <p class='ocr_par' dir='ltr' id='par_1_4' title="bbox 393 1080 1524 1923">
     <span class='ocr_line' id='line_1_8' title="bbox 508 1080 1524 1168; baseline -0.001 -21"><span class='ocrx_word' id='word_1_41' title='bbox 508 1083 594 1148; x_wconf 87' lang='lat' dir='ltr'>Item</span> <span class='ocrx_word' id='word_1_42' title='bbox 613 1086 839 1150; x_wconf 85' lang='lat' dir='ltr'>committatur</span> <span class='ocrx_word' id='word_1_43' title='bbox 856 1085 943 1148; x_wconf 90' lang='lat' dir='ltr'>dioto</span> <span class='ocrx_word' id='word_1_44' title='bbox 963 1080 1097 1165; x_wconf 88' lang='lat' dir='ltr'>Nuntio,</span> <span class='ocrx_word' id='word_1_45' title='bbox 1115 1083 1203 1168; x_wconf 91' lang='lat' dir='ltr'>qnod</span> <span class='ocrx_word' id='word_1_46' title='bbox 1227 1082 1261 1148; x_wconf 92' lang='lat' dir='ltr'>in</span> <span class='ocrx_word' id='word_1_47' title='bbox 1279 1084 1331 1147; x_wconf 85' lang='lat' dir='ltr'>ria</span> <span class='ocrx_word' id='word_1_48' title='bbox 1346 1103 1407 1148; x_wconf 85' lang='lat' dir='ltr'>sua</span> <span class='ocrx_word' id='word_1_49' title='bbox 1422 1084 1449 1148; x_wconf 89' lang='lat' dir='ltr'>si</span> <span class='ocrx_word' id='word_1_50' title='bbox 1464 1104 1524 1166; x_wconf 86' lang='lat' dir='ltr'>per·</span> 
     </span>
     <span class='ocr_line' id='line_1_9' title="bbox 397 1187 1522 1280; baseline -0.006 -23"><span class='ocrx_word' id='word_1_51' title='bbox 397 1193 544 1272; x_wconf 79' lang='lat' dir='ltr'>sentiret,</span> <span class='ocrx_word' id='word_1_52' title='bbox 561 1191 648 1274; x_wconf 92' lang='lat' dir='ltr'>quod</span> <span class='ocrx_word' id='word_1_53' title='bbox 664 1211 716 1256; x_wconf 88' lang='lat' dir='ltr'>ser</span> <span class='ocrx_word' id='word_1_54' title='bbox 731 1187 880 1259; x_wconf 83' lang='lat' dir='ltr'>Jacobus</span> <span class='ocrx_word' id='word_1_55' title='bbox 897 1190 1035 1274; x_wconf 78' lang='lat' dir='ltr'>Quirino</span> <span class='ocrx_word' id='word_1_56' title='bbox 1051 1213 1115 1257; x_wconf 92' lang='lat' dir='ltr'>non</span> <span class='ocrx_word' id='word_1_57' title='bbox 1132 1199 1217 1280; x_wconf 82' lang='lat' dir='ltr'>esset</span> <span class='ocrx_word' id='word_1_58' title='bbox 1233 1191 1341 1258; x_wconf 83' lang='lat' dir='ltr'>adhue</span> <span class='ocrx_word' id='word_1_59' title='bbox 1352 1191 1522 1268; x_wconf 84' lang='lat' dir='ltr'>relaxatus,</span> 
     </span>
     <span class='ocr_line' id='line_1_10' title="bbox 394 1298 1521 1383; baseline -0.001 -18"><span class='ocrx_word' id='word_1_60' title='bbox 394 1309 428 1365; x_wconf 88' lang='lat' dir='ltr'>et</span> <span class='ocrx_word' id='word_1_61' title='bbox 447 1299 535 1381; x_wconf 88' lang='lat' dir='ltr'>quod</span> <span class='ocrx_word' id='word_1_62' title='bbox 552 1320 647 1382; x_wconf 87' lang='lat' dir='ltr'>posse</span> <span class='ocrx_word' id='word_1_63' title='bbox 665 1298 728 1363; x_wconf 87' lang='lat' dir='ltr'>sibi</span> <span class='ocrx_word' id='word_1_64' title='bbox 743 1300 851 1382; x_wconf 71' lang='lat' dir='ltr'>loqui,</span> <span class='ocrx_word' id='word_1_65' title='bbox 869 1306 947 1364; x_wconf 88' lang='lat' dir='ltr'>tune</span> <span class='ocrx_word' id='word_1_66' title='bbox 962 1301 1119 1383; x_wconf 87' lang='lat' dir='ltr'>loquatur</span> <span class='ocrx_word' id='word_1_67' title='bbox 1135 1301 1174 1380; x_wconf 91' lang='lat' dir='ltr'>ei,</span> <span class='ocrx_word' id='word_1_68' title='bbox 1185 1307 1217 1364; x_wconf 88' lang='lat' dir='ltr'>et</span> <span class='ocrx_word' id='word_1_69' title='bbox 1235 1301 1263 1363; x_wconf 89' lang='lat' dir='ltr'>si</span> <span class='ocrx_word' id='word_1_70' title='bbox 1279 1299 1419 1365; x_wconf 90' lang='lat' dir='ltr'>habebit</span> <span class='ocrx_word' id='word_1_71' title='bbox 1434 1301 1474 1365; x_wconf 88' lang='lat' dir='ltr'>ab</span> <span class='ocrx_word' id='word_1_72' title='bbox 1490 1319 1521 1364; x_wconf 85' lang='lat' dir='ltr'>eo</span> 
     </span>
     <span class='ocr_line' id='line_1_11' title="bbox 395 1389 1524 1492; baseline -0.003 -20"><span class='ocrx_word' id='word_1_73' title='bbox 395 1407 529 1491; x_wconf 87' lang='lat' dir='ltr'>plenam</span> <span class='ocrx_word' id='word_1_74' title='bbox 548 1389 809 1472; x_wconf 82' lang='lat' dir='ltr'>informationem</span> <span class='ocrx_word' id='word_1_75' title='bbox 835 1408 913 1473; x_wconf 89' lang='lat' dir='ltr'>faeti</span> <span class='ocrx_word' id='word_1_76' title='bbox 941 1409 1143 1492; x_wconf 78' lang='lat' dir='ltr'>principalis.</span> <span class='ocrx_word' id='word_1_77' title='bbox 1168 1408 1208 1472; x_wconf 90' lang='lat' dir='ltr'>de</span> <span class='ocrx_word' id='word_1_78' title='bbox 1233 1409 1378 1491; x_wconf 80' lang='lat' dir='ltr'>presenti</span> <span class='ocrx_word' id='word_1_79' title='bbox 1408 1408 1524 1473; x_wconf 80' lang='lat' dir='ltr'>scribat</span> 
     </span>
     <span class='ocr_line' id='line_1_12' title="bbox 399 1514 1520 1600; baseline 0 -20"><span class='ocrx_word' id='word_1_80' title='bbox 399 1515 491 1580; x_wconf 86' lang='lat' dir='ltr'>nobis</span> <span class='ocrx_word' id='word_1_81' title='bbox 508 1515 666 1600; x_wconf 78' lang='lat' dir='ltr'>ordinate,</span> <span class='ocrx_word' id='word_1_82' title='bbox 683 1524 716 1580; x_wconf 92' lang='lat' dir='ltr'>et</span> <span class='ocrx_word' id='word_1_83' title='bbox 733 1525 952 1599; x_wconf 84' lang='lat' dir='ltr'>prosequatur</span> <span class='ocrx_word' id='word_1_84' title='bbox 969 1517 1053 1580; x_wconf 83' lang='lat' dir='ltr'>riam</span> <span class='ocrx_word' id='word_1_85' title='bbox 1070 1538 1162 1582; x_wconf 87' lang='lat' dir='ltr'>suam</span> <span class='ocrx_word' id='word_1_86' title='bbox 1175 1537 1239 1581; x_wconf 88' lang='lat' dir='ltr'>non</span> <span class='ocrx_word' id='word_1_87' title='bbox 1250 1515 1388 1582; x_wconf 85' lang='lat' dir='ltr'>dicendo</span> <span class='ocrx_word' id='word_1_88' title='bbox 1405 1514 1520 1600; x_wconf 76' lang='lat' dir='ltr'>aliquid</span> 
     </span>
     <span class='ocr_line' id='line_1_13' title="bbox 393 1619 1522 1706; baseline -0.001 -17"><span class='ocrx_word' id='word_1_89' title='bbox 393 1623 517 1706; x_wconf 85' lang='lat' dir='ltr'>Magno</span> <span class='ocrx_word' id='word_1_90' title='bbox 534 1619 664 1704; x_wconf 80' lang='lat' dir='ltr'>Comiti,</span> <span class='ocrx_word' id='word_1_91' title='bbox 681 1623 737 1688; x_wconf 88' lang='lat' dir='ltr'>sed</span> <span class='ocrx_word' id='word_1_92' title='bbox 753 1630 907 1706; x_wconf 81' lang='lat' dir='ltr'>procuret</span> <span class='ocrx_word' id='word_1_93' title='bbox 920 1623 1146 1689; x_wconf 80' lang='lat' dir='ltr'>liberationem</span> <span class='ocrx_word' id='word_1_94' title='bbox 1163 1630 1196 1688; x_wconf 93' lang='lat' dir='ltr'>et</span> <span class='ocrx_word' id='word_1_95' title='bbox 1221 1624 1460 1692; x_wconf 65' lang='lat' dir='ltr'>relaxationem</span> <span class='ocrx_word' id='word_1_96' title='bbox 1476 1645 1522 1688; x_wconf 86' lang='lat' dir='ltr'>ser</span> 
     </span>
     <span class='ocr_line' id='line_1_14' title="bbox 393 1728 1523 1815; baseline 0.001 -22"><span class='ocrx_word' id='word_1_97' title='bbox 393 1731 515 1796; x_wconf 85' lang='lat' dir='ltr'>Jacobi</span> <span class='ocrx_word' id='word_1_98' title='bbox 530 1728 669 1814; x_wconf 81' lang='lat' dir='ltr'>Quirino</span> <span class='ocrx_word' id='word_1_99' title='bbox 685 1751 705 1794; x_wconf 90' lang='lat' dir='ltr'>a</span> <span class='ocrx_word' id='word_1_100' title='bbox 720 1729 873 1813; x_wconf 82' lang='lat' dir='ltr'>Reginali</span> <span class='ocrx_word' id='word_1_101' title='bbox 900 1731 1078 1797; x_wconf 80' lang='lat' dir='ltr'>Maiestate</span> <span class='ocrx_word' id='word_1_102' title='bbox 1105 1731 1289 1815; x_wconf 81' lang='lat' dir='ltr'>Hungarie,</span> <span class='ocrx_word' id='word_1_103' title='bbox 1316 1739 1352 1795; x_wconf 86' lang='lat' dir='ltr'>nt</span> <span class='ocrx_word' id='word_1_104' title='bbox 1380 1733 1523 1815; x_wconf 88' lang='lat' dir='ltr'>superius</span> 
     </span>
     <span class='ocr_line' id='line_1_15' title="bbox 394 1837 1098 1923; baseline -0.003 -17"><span class='ocrx_word' id='word_1_105' title='bbox 394 1838 519 1906; x_wconf 88' lang='lat' dir='ltr'>dietum</span> <span class='ocrx_word' id='word_1_106' title='bbox 536 1847 594 1916; x_wconf 88' lang='lat' dir='ltr'>est,</span> <span class='ocrx_word' id='word_1_107' title='bbox 610 1843 644 1904; x_wconf 91' lang='lat' dir='ltr'>et</span> <span class='ocrx_word' id='word_1_108' title='bbox 661 1837 701 1903; x_wconf 88' lang='lat' dir='ltr'>de</span> <span class='ocrx_word' id='word_1_109' title='bbox 717 1837 782 1904; x_wconf 87' lang='lat' dir='ltr'>alio</span> <span class='ocrx_word' id='word_1_110' title='bbox 799 1858 832 1902; x_wconf 88' lang='lat' dir='ltr'>se</span> <span class='ocrx_word' id='word_1_111' title='bbox 848 1859 912 1904; x_wconf 88' lang='lat' dir='ltr'>non</span> <span class='ocrx_word' id='word_1_112' title='bbox 931 1839 1098 1923; x_wconf 88' lang='lat' dir='ltr'>impediat.</span> 
     </span>
    </p>
   </div>
   <div class='ocr_carea' id='block_1_4' title="bbox 441 1983 1481 2048">
    <p class='ocr_par' dir='ltr' id='par_1_5' title="bbox 441 1983 1481 2048">
     <span class='ocr_line' id='line_1_16' title="bbox 441 1983 1481 2048; baseline -0.001 -15"><span class='ocrx_word' id='word_1_113' title='bbox 441 1985 476 2044; x_wconf 80' lang='lat' dir='ltr'>(A</span> <span class='ocrx_word' id='word_1_114' title='bbox 494 1983 599 2033; x_wconf 75' lang='lat' dir='ltr'>›misti‹</span> <span class='ocrx_word' id='word_1_115' title='bbox 615 1983 705 2032; x_wconf 76' lang='lat' dir='ltr'>enimet</span> <span class='ocrx_word' id='word_1_116' title='bbox 719 1984 860 2034; x_wconf 83' lang='lat' dir='ltr'>velenezei</span> <span class='ocrx_word' id='word_1_117' title='bbox 873 1984 1055 2048; x_wconf 77' lang='lat' dir='ltr'>allamlrdnyv</span> <span class='ocrx_word' id='word_1_118' title='bbox 1073 1983 1204 2034; x_wconf 81' lang='lat' dir='ltr'>XXXIX.</span> <span class='ocrx_word' id='word_1_119' title='bbox 1221 1983 1366 2035; x_wconf 79' lang='lat' dir='ltr'>kotetebol</span> <span class='ocrx_word' id='word_1_120' title='bbox 1384 1990 1437 2034; x_wconf 79' lang='lat'>135.</span> <span class='ocrx_word' id='word_1_121' title='bbox 1450 1985 1481 2046; x_wconf 87' lang='lat' dir='ltr'>l.)</span> 
     </span>
    </p>
   </div>
   <div class='ocr_carea' id='block_1_5' title="bbox 926 2275 1000 2336">
    <p class='ocr_par' dir='ltr' id='par_1_6' title="bbox 926 2275 1000 2336">
     <span class='ocr_line' id='line_1_17' title="bbox 926 2275 1000 2336; baseline 0 0"><span class='ocrx_word' id='word_1_122' title='bbox 926 2275 1000 2336; x_wconf 83' lang='lat'>315.</span> 
     </span>
    </p>
   </div>
   <div class='ocr_carea' id='block_1_6' title="bbox 395 2425 1521 2520">
    <p class='ocr_par' dir='ltr' id='par_1_7' title="bbox 395 2425 1521 2520">
     <span class='ocr_line' id='line_1_18' title="bbox 395 2425 1521 2520; baseline -0.002 -22"><span class='ocrx_word' id='word_1_123' title='bbox 395 2431 424 2498; x_wconf 81' lang='grc' dir='ltr'><strong><em>Α</em></strong></span> <span class='ocrx_word' id='word_1_124' title='bbox 458 2433 614 2497; x_wconf 77' lang='lat' dir='ltr'>velenezei</span> <span class='ocrx_word' id='word_1_125' title='bbox 645 2425 857 2520; x_wconf 68' lang='lat' dir='ltr'>lctiz&#39;lu‘rauru&#39;q</span> <span class='ocrx_word' id='word_1_126' title='bbox 889 2434 941 2497; x_wconf 82' lang='lat' dir='ltr'>ke‘t</span> <span class='ocrx_word' id='word_1_127' title='bbox 973 2435 1091 2498; x_wconf 75' lang='lat' dir='ltr'>deverel</span> <span class='ocrx_word' id='word_1_128' title='bbox 1117 2434 1199 2498; x_wconf 74' lang='lat' dir='ltr'>krdd</span> <span class='ocrx_word' id='word_1_129' title='bbox 1223 2435 1521 2520; x_wconf 71' lang='lat' dir='ltr'>Mopqororezctydu.</span> 
     </span>
    </p>
   </div>
   <div class='ocr_carea' id='block_1_7' title="bbox 916 2543 1013 2607">
    <p class='ocr_par' dir='ltr' id='par_1_8' title="bbox 916 2543 1013 2607">
     <span class='ocr_line' id='line_1_19' title="bbox 916 2543 1013 2607; baseline 0 -1"><span class='ocrx_word' id='word_1_130' title='bbox 916 2543 1013 2607; x_wconf 69' lang='lat'><strong><em>1385.</em></strong></span> 
     </span>
    </p>
   </div>
   <div class='ocr_carea' id='block_1_8' title="bbox 392 2698 1520 4076">
    <p class='ocr_par' dir='ltr' id='par_1_9' title="bbox 392 2698 1520 3866">
     <span class='ocr_line' id='line_1_20' title="bbox 503 2698 1517 2788; baseline 0.001 -24"><span class='ocrx_word' id='word_1_131' title='bbox 503 2700 601 2765; x_wconf 89' lang='lat' dir='ltr'>Anno</span> <span class='ocrx_word' id='word_1_132' title='bbox 621 2698 936 2768; x_wconf 81' lang='lat' dir='ltr'>MCCOLXXXV.</span> <span class='ocrx_word' id='word_1_133' title='bbox 963 2703 1015 2767; x_wconf 89' lang='lat' dir='ltr'>die</span> <span class='ocrx_word' id='word_1_134' title='bbox 1041 2702 1197 2785; x_wconf 85' lang='lat' dir='ltr'>vigesimo</span> <span class='ocrx_word' id='word_1_135' title='bbox 1221 2705 1361 2788; x_wconf 88' lang='lat' dir='ltr'>septimo</span> <span class='ocrx_word' id='word_1_136' title='bbox 1386 2702 1517 2788; x_wconf 77' lang='lat' dir='ltr'>Aprilis</span> 
     </span>
     <span class='ocr_line' id='line_1_21' title="bbox 395 2807 1520 2894; baseline -0.001 -21"><span class='ocrx_word' id='word_1_137' title='bbox 395 2808 538 2892; x_wconf 84' lang='lat' dir='ltr'>Capta</span> <span class='ocrx_word' id='word_1_138' title='bbox 556 2836 562 2876; x_wconf 93' lang='lat'>:</span> <span class='ocrx_word' id='word_1_139' title='bbox 580 2807 666 2892; x_wconf 78' lang='lat' dir='ltr'>Quia</span> <span class='ocrx_word' id='word_1_140' title='bbox 683 2811 897 2876; x_wconf 85' lang='lat' dir='ltr'>consideratis</span> <span class='ocrx_word' id='word_1_141' title='bbox 914 2813 1004 2875; x_wconf 89' lang='lat' dir='ltr'>novis</span> <span class='ocrx_word' id='word_1_142' title='bbox 1021 2831 1084 2894; x_wconf 89' lang='lat' dir='ltr'>que</span> <span class='ocrx_word' id='word_1_143' title='bbox 1110 2811 1284 2876; x_wconf 89' lang='lat' dir='ltr'>habuimus</span> <span class='ocrx_word' id='word_1_144' title='bbox 1310 2811 1352 2877; x_wconf 92' lang='lat' dir='ltr'>de</span> <span class='ocrx_word' id='word_1_145' title='bbox 1377 2810 1520 2894; x_wconf 85' lang='lat' dir='ltr'>partibus</span> 
     </span>
     <span class='ocr_line' id='line_1_22' title="bbox 394 2917 1520 3002; baseline 0.001 -20"><span class='ocrx_word' id='word_1_146' title='bbox 394 2917 568 2999; x_wconf 85' lang='lat' dir='ltr'>Hungarie</span> <span class='ocrx_word' id='word_1_147' title='bbox 585 2919 771 2982; x_wconf 83' lang='lat' dir='ltr'>necessario</span> <span class='ocrx_word' id='word_1_148' title='bbox 788 2918 920 3002; x_wconf 87' lang='lat' dir='ltr'>expedit</span> <span class='ocrx_word' id='word_1_149' title='bbox 935 2918 1098 3002; x_wconf 87' lang='lat' dir='ltr'>provideri</span> <span class='ocrx_word' id='word_1_150' title='bbox 1116 2918 1156 2982; x_wconf 89' lang='lat' dir='ltr'>de</span> <span class='ocrx_word' id='word_1_151' title='bbox 1172 2918 1333 2984; x_wconf 87' lang='lat' dir='ltr'>mittendo</span> <span class='ocrx_word' id='word_1_152' title='bbox 1358 2918 1520 2986; x_wconf 84' lang='lat' dir='ltr'>Ambaxs·</span> 
     </span>
     <span class='ocr_line' id='line_1_23' title="bbox 394 3025 1518 3118; baseline 0 -28"><span class='ocrx_word' id='word_1_153' title='bbox 394 3032 461 3090; x_wconf 85' lang='lat' dir='ltr'>tam</span> <span class='ocrx_word' id='word_1_154' title='bbox 479 3031 625 3091; x_wconf 86' lang='lat' dir='ltr'>nostram</span> <span class='ocrx_word' id='word_1_155' title='bbox 644 3026 685 3090; x_wconf 86' lang='lat' dir='ltr'>ad</span> <span class='ocrx_word' id='word_1_156' title='bbox 703 3025 778 3090; x_wconf 90' lang='lat' dir='ltr'>illas</span> <span class='ocrx_word' id='word_1_157' title='bbox 795 3033 925 3109; x_wconf 79' lang='lat' dir='ltr'>partes3</span> <span class='ocrx_word' id='word_1_158' title='bbox 949 3025 1039 3091; x_wconf 84' lang='lat' dir='ltr'>vadit</span> <span class='ocrx_word' id='word_1_159' title='bbox 1064 3045 1143 3108; x_wconf 88' lang='lat' dir='ltr'>pars</span> <span class='ocrx_word' id='word_1_160' title='bbox 1159 3027 1191 3090; x_wconf 89' lang='lat' dir='ltr'>in</span> <span class='ocrx_word' id='word_1_161' title='bbox 1219 3026 1306 3092; x_wconf 91' lang='lat' dir='ltr'>bona</span> <span class='ocrx_word' id='word_1_162' title='bbox 1332 3027 1441 3118; x_wconf 82' lang='lat' dir='ltr'>gratia</span> <span class='ocrx_word' id='word_1_163' title='bbox 1464 3047 1518 3110; x_wconf 89' lang='lat' dir='ltr'>pro</span> 
     </span>
     <span class='ocr_line' id='line_1_24' title="bbox 392 3132 1516 3218; baseline -0.004 -18"><span class='ocrx_word' id='word_1_164' title='bbox 392 3135 477 3200; x_wconf 86' lang='lat' dir='ltr'>bono</span> <span class='ocrx_word' id='word_1_165' title='bbox 494 3140 527 3198; x_wconf 89' lang='lat' dir='ltr'>et</span> <span class='ocrx_word' id='word_1_166' title='bbox 543 3135 684 3198; x_wconf 82' lang='lat' dir='ltr'>utilitate</span> <span class='ocrx_word' id='word_1_167' title='bbox 700 3133 901 3218; x_wconf 76' lang='lat' dir='ltr'>agendorum</span> <span class='ocrx_word' id='word_1_168' title='bbox 928 3141 1122 3214; x_wconf 89' lang='lat' dir='ltr'>nostrorum,</span> <span class='ocrx_word' id='word_1_169' title='bbox 1149 3132 1235 3216; x_wconf 91' lang='lat' dir='ltr'>quod</span> <span class='ocrx_word' id='word_1_170' title='bbox 1261 3134 1438 3218; x_wconf 86' lang='lat' dir='ltr'>elligantnr</span> <span class='ocrx_word' id='word_1_171' title='bbox 1462 3154 1516 3217; x_wconf 89' lang='lat' dir='ltr'>per</span> 
     </span>
     <span class='ocr_line' id='line_1_25' title="bbox 394 3239 1517 3327; baseline 0.001 -25"><span class='ocrx_word' id='word_1_172' title='bbox 394 3242 605 3324; x_wconf 86' lang='lat' dir='ltr'>seruptininm</span> <span class='ocrx_word' id='word_1_173' title='bbox 622 3243 654 3306; x_wconf 88' lang='lat' dir='ltr'>in</span> <span class='ocrx_word' id='word_1_174' title='bbox 673 3243 734 3306; x_wconf 84' lang='lat' dir='ltr'>hoe</span> <span class='ocrx_word' id='word_1_175' title='bbox 751 3240 900 3306; x_wconf 80' lang='lat' dir='ltr'>Consilio</span> <span class='ocrx_word' id='word_1_176' title='bbox 917 3241 979 3306; x_wconf 90' lang='lat' dir='ltr'>duo</span> <span class='ocrx_word' id='word_1_177' title='bbox 996 3239 1237 3308; x_wconf 85' lang='lat' dir='ltr'>Ambaxatores</span> <span class='ocrx_word' id='word_1_178' title='bbox 1263 3243 1450 3327; x_wconf 84' lang='lat' dir='ltr'>solempnes,</span> <span class='ocrx_word' id='word_1_179' title='bbox 1466 3240 1517 3323; x_wconf 91' lang='lat' dir='ltr'>qni</span> 
     </span>
     <span class='ocr_line' id='line_1_26' title="bbox 393 3348 1518 3434; baseline -0.004 -20"><span class='ocrx_word' id='word_1_180' title='bbox 393 3350 519 3434; x_wconf 86' lang='lat' dir='ltr'>possint</span> <span class='ocrx_word' id='word_1_181' title='bbox 535 3350 636 3433; x_wconf 84' lang='lat' dir='ltr'>aeoipi</span> <span class='ocrx_word' id='word_1_182' title='bbox 653 3350 693 3414; x_wconf 91' lang='lat' dir='ltr'>de</span> <span class='ocrx_word' id='word_1_183' title='bbox 710 3350 797 3414; x_wconf 89' lang='lat' dir='ltr'>omni</span> <span class='ocrx_word' id='word_1_184' title='bbox 813 3348 885 3416; x_wconf 84' lang='lat' dir='ltr'>loeo</span> <span class='ocrx_word' id='word_1_185' title='bbox 902 3354 934 3414; x_wconf 91' lang='lat' dir='ltr'>et</span> <span class='ocrx_word' id='word_1_186' title='bbox 951 3349 1056 3415; x_wconf 88' lang='lat' dir='ltr'>offitio</span> <span class='ocrx_word' id='word_1_187' title='bbox 1073 3357 1104 3414; x_wconf 89' lang='lat' dir='ltr'>et</span> <span class='ocrx_word' id='word_1_188' title='bbox 1120 3349 1265 3414; x_wconf 78' lang='lat' dir='ltr'>iudicatu</span> <span class='ocrx_word' id='word_1_189' title='bbox 1277 3352 1470 3433; x_wconf 79' lang='lat' dir='ltr'>peticionum</span> <span class='ocrx_word' id='word_1_190' title='bbox 1489 3355 1518 3412; x_wconf 92' lang='lat' dir='ltr'>et</span> 
     </span>
     <span class='ocr_line' id='line_1_27' title="bbox 392 3455 1517 3540; baseline -0.003 -17"><span class='ocrx_word' id='word_1_191' title='bbox 392 3459 432 3523; x_wconf 91' lang='lat' dir='ltr'>de</span> <span class='ocrx_word' id='word_1_192' title='bbox 457 3455 558 3524; x_wconf 81' lang='lat' dir='ltr'>offitio</span> <span class='ocrx_word' id='word_1_193' title='bbox 576 3459 739 3538; x_wconf 89' lang='lat' dir='ltr'>continuo,</span> <span class='ocrx_word' id='word_1_194' title='bbox 756 3479 818 3522; x_wconf 93' lang='lat' dir='ltr'>non</span> <span class='ocrx_word' id='word_1_195' title='bbox 836 3456 1002 3540; x_wconf 91' lang='lat' dir='ltr'>perdendo</span> <span class='ocrx_word' id='word_1_196' title='bbox 1022 3457 1164 3523; x_wconf 81' lang='lat' dir='ltr'>officium</span> <span class='ocrx_word' id='word_1_197' title='bbox 1180 3458 1368 3534; x_wconf 86' lang='lat' dir='ltr'>continuum</span> <span class='ocrx_word' id='word_1_198' title='bbox 1383 3480 1441 3524; x_wconf 88' lang='lat' dir='ltr'>uec</span> <span class='ocrx_word' id='word_1_199' title='bbox 1457 3458 1517 3521; x_wconf 88' lang='lat' dir='ltr'>uti-</span> 
     </span>
     <span class='ocr_line' id='line_1_28' title="bbox 393 3562 1516 3650; baseline -0.005 -20"><span class='ocrx_word' id='word_1_200' title='bbox 393 3567 519 3631; x_wconf 87' lang='lat' dir='ltr'>litatem</span> <span class='ocrx_word' id='word_1_201' title='bbox 539 3566 618 3646; x_wconf 85' lang='lat' dir='ltr'>eius,</span> <span class='ocrx_word' id='word_1_202' title='bbox 636 3571 669 3628; x_wconf 86' lang='lat' dir='ltr'>et</span> <span class='ocrx_word' id='word_1_203' title='bbox 685 3566 904 3648; x_wconf 84' lang='lat' dir='ltr'>respondeant</span> <span class='ocrx_word' id='word_1_204' title='bbox 920 3565 982 3645; x_wconf 87' lang='lat' dir='ltr'>die,</span> <span class='ocrx_word' id='word_1_205' title='bbox 998 3587 1064 3650; x_wconf 90' lang='lat' dir='ltr'>qna</span> <span class='ocrx_word' id='word_1_206' title='bbox 1078 3563 1200 3630; x_wconf 89' lang='lat' dir='ltr'>suerint</span> <span class='ocrx_word' id='word_1_207' title='bbox 1218 3566 1325 3648; x_wconf 87' lang='lat' dir='ltr'>eleeti,</span> <span class='ocrx_word' id='word_1_208' title='bbox 1340 3566 1388 3632; x_wconf 85' lang='lat' dir='ltr'>rel</span> <span class='ocrx_word' id='word_1_209' title='bbox 1405 3565 1468 3630; x_wconf 85' lang='lat' dir='ltr'>alia</span> <span class='ocrx_word' id='word_1_210' title='bbox 1478 3562 1516 3626; x_wconf 85' lang='lat' dir='ltr'>ad</span> 
     </span>
     <span class='ocr_line' id='line_1_29' title="bbox 393 3671 1516 3756; baseline -0.004 -18"><span class='ocrx_word' id='word_1_211' title='bbox 393 3676 517 3752; x_wconf 82' lang='lat' dir='ltr'>tertiae,</span> <span class='ocrx_word' id='word_1_212' title='bbox 536 3680 568 3737; x_wconf 89' lang='lat' dir='ltr'>et</span> <span class='ocrx_word' id='word_1_213' title='bbox 584 3695 648 3738; x_wconf 88' lang='lat' dir='ltr'>non</span> <span class='ocrx_word' id='word_1_214' title='bbox 668 3675 795 3756; x_wconf 84' lang='lat' dir='ltr'>possint</span> <span class='ocrx_word' id='word_1_215' title='bbox 820 3673 963 3738; x_wconf 81' lang='lat' dir='ltr'>refutare</span> <span class='ocrx_word' id='word_1_216' title='bbox 990 3674 1049 3738; x_wconf 90' lang='lat' dir='ltr'>sub</span> <span class='ocrx_word' id='word_1_217' title='bbox 1076 3695 1162 3756; x_wconf 86' lang='lat' dir='ltr'>pena</span> <span class='ocrx_word' id='word_1_218' title='bbox 1187 3673 1380 3739; x_wconf 80' lang='lat' dir='ltr'>ducatorum</span> <span class='ocrx_word' id='word_1_219' title='bbox 1408 3671 1432 3736; x_wconf 88' lang='lat' dir='ltr'>C</span> <span class='ocrx_word' id='word_1_220' title='bbox 1459 3691 1516 3754; x_wconf 89' lang='lat' dir='ltr'>pro</span> 
     </span>
     <span class='ocr_line' id='line_1_30' title="bbox 393 3781 613 3866; baseline -0.005 -19"><span class='ocrx_word' id='word_1_221' title='bbox 393 3781 538 3866; x_wconf 88' lang='lat' dir='ltr'>quolibet</span> <span class='ocrx_word' id='word_1_222' title='bbox 556 3788 613 3846; x_wconf 88' lang='lat' dir='ltr'>eto.</span> 
     </span>
    </p>

    <p class='ocr_par' dir='ltr' id='par_1_10' title="bbox 392 3887 1511 4076">
     <span class='ocr_line' id='line_1_31' title="bbox 497 3887 1511 3973; baseline -0.006 -19"><span class='ocrx_word' id='word_1_223' title='bbox 497 3889 605 3954; x_wconf 77' lang='lat' dir='ltr'>Eleoti</span> <span class='ocrx_word' id='word_1_224' title='bbox 622 3887 862 3954; x_wconf 78' lang='lat' dir='ltr'>Ambaxatores</span> <span class='ocrx_word' id='word_1_225' title='bbox 877 3891 910 3954; x_wconf 90' lang='lat' dir='ltr'>in</span> <span class='ocrx_word' id='word_1_226' title='bbox 931 3889 1136 3973; x_wconf 81' lang='lat' dir='ltr'>Hungariam</span> <span class='ocrx_word' id='word_1_227' title='bbox 1153 3912 1207 3954; x_wconf 84' lang='lat' dir='ltr'>ser</span> <span class='ocrx_word' id='word_1_228' title='bbox 1222 3888 1411 3956; x_wconf 67' lang='lat' dir='ltr'>lieonardns</span> <span class='ocrx_word' id='word_1_229' title='bbox 1426 3887 1511 3951; x_wconf 85' lang='lat' dir='ltr'>Dan-</span> 
     </span>
     <span class='ocr_line' id='line_1_32' title="bbox 392 3995 1196 4076; baseline -0.002 -16"><span class='ocrx_word' id='word_1_230' title='bbox 392 3995 469 4062; x_wconf 90' lang='lat' dir='ltr'>dnlo</span> <span class='ocrx_word' id='word_1_231' title='bbox 487 3996 583 4062; x_wconf 86' lang='lat' dir='ltr'>Miles</span> <span class='ocrx_word' id='word_1_232' title='bbox 602 3997 809 4076; x_wconf 85' lang='lat' dir='ltr'>Procurator,</span> <span class='ocrx_word' id='word_1_233' title='bbox 826 4019 879 4062; x_wconf 88' lang='lat' dir='ltr'>ser</span> <span class='ocrx_word' id='word_1_234' title='bbox 894 3998 1048 4062; x_wconf 88' lang='lat' dir='ltr'>Donatus</span> <span class='ocrx_word' id='word_1_235' title='bbox 1063 3995 1196 4062; x_wconf 57' lang='lat' dir='ltr'>Trono:</span> 
     </span>
    </p>
   </div>
   <div class='ocr_carea' id='block_1_9' title="bbox 458 4139 1445 4208">
    <p class='ocr_par' dir='ltr' id='par_1_11' title="bbox 458 4139 1445 4208">
     <span class='ocr_line' id='line_1_33' title="bbox 458 4139 1445 4208; baseline -0.001 -18"><span class='ocrx_word' id='word_1_236' title='bbox 458 4143 494 4201; x_wconf 79' lang='grc' dir='ltr'>(Δ</span> <span class='ocrx_word' id='word_1_237' title='bbox 510 4141 618 4190; x_wconf 73' lang='lat' dir='ltr'>»mian«</span> <span class='ocrx_word' id='word_1_238' title='bbox 633 4143 722 4192; x_wconf 80' lang='lat' dir='ltr'>eaimi&#39;r</span> <span class='ocrx_word' id='word_1_239' title='bbox 737 4144 877 4192; x_wconf 84' lang='lat' dir='ltr'>velenezei</span> <span class='ocrx_word' id='word_1_240' title='bbox 891 4143 1120 4208; x_wconf 77' lang='lat' dir='ltr'>dtlsmkdnyvbdl</span> <span class='ocrx_word' id='word_1_241' title='bbox 1135 4144 1264 4194; x_wconf 80' lang='lat' dir='ltr'>XXXIX.</span> <span class='ocrx_word' id='word_1_242' title='bbox 1279 4145 1338 4193; x_wconf 66' lang='lat' dir='ltr'>ket.</span> <span class='ocrx_word' id='word_1_243' title='bbox 1354 4148 1408 4194; x_wconf 74' lang='lat'>146.</span> <span class='ocrx_word' id='word_1_244' title='bbox 1421 4139 1445 4200; x_wconf 74' lang='lat' dir='ltr'>l.)</span> 
     </span>
    </p>
   </div>
   <div class='ocr_carea' id='block_1_10' title="bbox 0 0 1596 5252">
    <p class='ocr_par' dir='ltr' id='par_1_12' title="bbox 0 0 1596 5252">
     <span class='ocr_line' id='line_1_34' title="bbox 0 0 1596 5252; baseline 0 2"><span class='ocrx_word' id='word_1_245' title='bbox 0 0 1596 5252; x_wconf 95' lang='lat' dir='ltr'> </span> 
     </span>
    </p>
   </div>
  </div>
 </body>
</html>
