3210 5252
9 833 11 866 ἶ
88 854 301 918 llo-eskedclmr'
329 852 599 939 epyertetlenae'yek
625 877 646 916 a
672 854 822 918 oelenczes'
847 855 1058 940 tezen-nunu
1078 857 1109 919 e'u
1127 857 1194 920 Ra·

9 953 10 956 *
420 983 501 1046 pozo
520 965 615 1026 curor
631 961 710 1024 ledet.
737 963 832 1025 1372.

9 1165 11 1196 ι
171 1121 267 1186 Αιιιιο
283 1116 565 1186 MCOOLXXII.
581 1119 634 1184 die
660 1119 801 1185 XXIII.
818 1120 1017 1186 Decembris.
1043 1120 1192 1206 Capta

9 1225 12 1300 ἷν
86 1225 150 1290 tum
173 1225 323 1310 Reguxei
340 1227 467 1292 noviter
482 1225 616 1292 fecerint
642 1227 805 1311 quendem
822 1228 968 1308 ordinem
985 1231 1017 1292 iu
1034 1229 1194 1314 Raguxio,

9 1353 11 1436 ι
86 1355 131 1415 per
151 1355 242 1417 quem
268 1337 399 1418 privant
425 1340 553 1400 nostros
569 1335 716 1404 Venetos
729 1335 914 1404 franchisiis
930 1344 962 1402 et
978 1335 1194 1418 libertatibus,

9 1463 11 1504 ι
87 1461 153 1521 quas
176 1441 297 1507 habeut
313 1443 345 1506 iu
362 1441 509 1525 Ragusio
526 1445 590 1506 ium
600 1443 790 1526 longissimo
806 1450 963 1526 tempore,
979 1450 1078 1528 prout
1093 1447 1127 1509 iu
1143 1466 1194 1510 eo·

9 1537 11 1560 .
88 1569 146 1611 ιιιιιι
161 1551 312 1614 catastris
339 1549 488 1615 ordinate
517 1551 718 1631 continetur3
741 1556 775 1615 et
791 1571 850 1634 per
865 1549 951 1616 hunc
967 1573 1084 1617 uorum
1109 1553 1196 1618 ordi·

88 1673 146 1718 uem
155 1655 232 1721 dant
247 1658 370 1722 nostris
385 1653 522 1724 Venetis
539 1665 762 1738 commeatum,
777 1665 815 1722 ut
830 1680 895 1724 uou
912 1667 1144 1726 conserventur
1160 1662 1193 1724 in

9 1801 11 1810 ·
87 1761 228 1844 Ragonio,
252 1767 329 1848 quia
355 1764 558 1831 observando
583 1765 706 1830 dictum
733 1765 878 1831 ordinem
909 1765 1041 1849 expedit
1057 1769 1195 1846 omnino,

27 1945 36 1970 1
87 1878 116 1933 ut
135 1871 284 1938 recedant
308 1872 399 1954 inde;
426 1880 459 1938 et
483 1893 579 1957 super
605 1873 666 1938 hoc
693 1875 850 1956 scriptum
877 1871 938 1937 fuit
965 1873 1193 1957 Regimiuibus

89 1975 220 2058 Raguxu,
245 1985 406 2061 quatenus
431 1979 550 2046 uellent
566 2000 720 2045 revocare
737 1979 858 2046 dictum
875 1979 1029 2059 ordinem,
1045 1979 1133 2063 quod
1150 1979 1197 2044 fa-

9 2063 11 2110 ³
87 2103 147 2148 care
161 2095 320 2168 recusent,
337 2092 373 2151 ut
389 2092 480 2170 patet
495 2108 554 2170 per
563 2087 806 2170 responsionem
821 2107 879 2169 per
895 2107 950 2151 eos
965 2085 1060 2151 nobis
1075 2086 1195 2152 factam

87 2190 240 2272 superinde
266 2212 326 2274 per
351 2193 479 2258 litteras
498 2213 591 2270 suas3
615 2199 649 2258 et
674 2193 792 2258 boumn
819 2193 862 2258 sit
877 2214 974 2276 super
990 2194 1051 2258 hoo
1067 2213 1126 2276 pro
1142 2192 1196 2257 ho

9 2293 10 2296 ’
88 2316 154 2362 nore
168 2306 275 2366 nostro
292 2305 326 2364 et
340 2300 423 2365 bono
439 2309 626 2366 nostrorum
644 2305 859 2365 mercatorum
886 2298 1066 2383 providere.
1090 2298 1194 2368 Vadit

87 2425 159 2485 pera,
183 2405 268 2489 quod
285 2407 455 2474 ordinetur
470 2416 503 2474 et
520 2407 665 2472 cridetur
679 2406 808 2492 publice
826 2408 857 2470 in
873 2407 954 2471 locis
971 2407 1085 2486 solitis,
1103 2407 1190 2492 quod

86 2512 181 2596 clupeo
195 2536 304 2580 meuse
320 2515 345 2581 J
346 2516 473 2580 aunarii
488 2517 633 2599 proximo
649 2514 768 2598 aliquis
784 2513 961 2596 Raguxeus
987 2535 1052 2580 uon
1068 2516 1196 2594 audeat,

88 2641 138 2686 neo
152 2625 251 2704 possit
282 2623 454 2690 extrahere
472 2623 511 2688 de
529 2623 677 2691 Venetiis
697 2621 825 2706 aliquas
843 2623 1063 2700 mercationes,
1079 2643 1197 2704 ponere

9 2783 11 2788 ,
87 2730 130 2791 uel
144 2729 326 2809 conducere,
340 2751 398 2814 per
414 2751 447 2794 se
461 2732 511 2795 vel
527 2731 609 2795 alios
620 2729 686 2794 ullo
703 2729 799 2793 modo
816 2728 867 2791 vel
884 2729 1021 2811 iugenio,
1038 2728 1098 2794 sub
1115 2750 1197 2812 pena

9 2897 10 2900 ,
88 2837 232 2917 perdendi
255 2845 359 2905 totum
385 2839 418 2904 id
444 2840 476 2902 iu
494 2859 558 2921 quo
574 2837 674 2902 luerit
698 2835 954 2915 contrafactum
978 2843 1012 2900 et
1028 2839 1115 2903 ultra
1134 2839 1194 2902 boe

9 2937 10 2984 7
86 2942 172 3008 cadat
197 2945 335 3028 quilibet
350 2945 593 3024 contrafacieuq
609 2950 642 3009 et
658 2943 795 3026 quilibet
812 2945 866 3027 qui
884 2949 1012 3008 taxaret
1045 2948 1194 3012 mercati-

86 3070 156 3114 ones
178 3051 314 3118 alicuius
338 3052 487 3136 Reguxei
514 3073 571 3136 per
597 3052 739 3136 aliquem
755 3049 887 3116 modum
902 3051 953 3116 vel
971 3051 1137 3134 ingenium
1155 3053 1194 3116 ed

76 3177 183 3242 penas,
209 3163 380 3227 stricturas
395 3161 614 3245 ligemiuaque
634 3158 882 3226 couraordinum
907 3160 1034 3225 baveris
1060 3159 1198 3225 subtilis.

9 3249 10 3254 ἵ
231 3269 305 3352 Ego
321 3269 346 3334 J
349 3269 494 3334 obaunes
510 3267 640 3334 Nicolai
656 3267 763 3334 Rubei
789 3289 886 3332 manu
913 3287 985 3334 mea
1012 3267 1198 3351 subscripsi.

232 3375 306 3459 Ego
322 3376 480 3442 Nicolaus
496 3376 660 3460 Delphino
676 3395 772 3440 mann
788 3397 861 3441 mea
876 3376 1063 3458 subscripsi.

234 3483 308 3564 Ego
325 3484 520 3550 Franciscus
537 3482 726 3549 Gontareno
743 3503 840 3547 mauu
857 3503 929 3547 mea
946 3480 1130 3564 subscripsi.

152 3629 186 3681 (A
202 3627 308 3678 ›nisti‹
325 3629 415 3678 cuimtl
427 3629 565 3678 velenczei
580 3628 806 3691 allamlrbnyvbol
817 3627 944 3678 XXXIV.
961 3629 1018 3680 lrbt.
1034 3632 1075 3679 67.
1089 3631 1119 3688 l.)

608 3931 660 3994 44.

77 4089 133 4155 XI.
153 4091 286 4181 [ἰαθεὶς]
311 4097 402 4180 palpo
419 4091 449 4156 I.
469 4091 565 4178 Lupus
580 4117 718 4182 mappas·
734 4095 766 4160 ἐι
782 4093 906 4183 lenpyel
924 4095 1050 4186 br'rdlyt
1059 4091 1200 4178 felbrfri,

73 4200 155 4283 dogm
179 4203 252 4265 nelei
268 4203 301 4266 ds
316 4227 335 4265 c
353 4204 457 4264 νιΐιιιιιί
482 4205 666 4287 eqybdznuk
696 4205 841 4269 Viscouti
868 4205 1045 4268 Burnobcta
1060 4205 1139 4268 otton
1156 4227 1200 4267 se·

440 4311 594 4395 ,qitseqtre
611 4311 728 4397 lepyenae
755 4313 848 4378 1373.

117 4499 122 4509 ·
182 4465 362 4551 Gregorius
388 4467 571 4552 Episcopus
587 4478 646 4535 etc.
673 4473 840 4535 carissimo
857 4471 889 4534 in
908 4467 1038 4536 Christo
1054 4467 1199 4554 fllioLu-

70 4569 190 4640 dorico
216 4573 303 4658 Regi
319 4573 467 4659 Vngarie
484 4578 612 4658 illustri,
634 4579 768 4642 salutern
786 4586 845 4642 etc.
862 4576 1042 4643 Serenitati
1058 4577 1127 4642 Tue
1143 4600 1202 4664 per
