3190 5252
582 381 677 446 rese.
1124 353 1189 446 ’113

71 556 171 635 gentis
186 557 341 624 initorum
357 581 417 643 pro
433 560 539 627 tribus
557 563 660 641 annis,
676 560 827 626 videlicet
851 581 911 643 pro
941 559 1082 626 secunda
1109 561 1191 624 solu·

70 663 152 728 tione
168 671 292 748 septem
307 667 444 732 millium
466 669 656 734 ducatorum
672 667 795 734 Nostro
821 665 992 733 Maiestati
1019 690 1076 751 per
1101 667 1190 751 ipsos

24 759 30 774 ’
70 771 172 838 fienda
195 774 230 837 in
254 773 339 840 festo
354 775 451 842 Beati
468 776 628 860 Stephani
644 777 747 862 Regis
765 777 804 841 de
821 798 930 842 mense
948 774 1093 859 Augusti
1112 797 1186 859 pro·

68 883 148 946 xime
163 889 298 948 venturo
315 906 401 951 anno
417 884 552 950 Domini
570 885 741 952 millesimo
759 885 985 950 trecentesimo
1010 883 1188 965 octuagesi-

68 1011 116 1054 mo
132 992 281 1070 secundo,
297 991 377 1057 item
395 992 434 1058 de
450 995 551 1059 tertia
567 994 730 1059 solutione
756 1000 878 1077 septem
905 992 1030 1058 milium
1058 991 1192 1056 ducato·

68 1119 135 1163 rum
151 1099 301 1165 similiter
317 1100 423 1168 fienda
438 1103 472 1166 in
489 1102 576 1168 dicto
593 1101 676 1167 11111
687 1102 727 1167 (11
744 1123 854 1166 mense
871 1101 1015 1184 Augusti
1032 1100 1072 1164 (11
1089 1099 1192 1165 1111111ὲ

68 1206 143 1272 simo
161 1210 388 1275 trecentesimo
398 1211 621 1292 octuagesimo
640 1211 748 1292 tertio,
760 1210 837 1275 item
850 1208 890 1274 de
902 1215 1019 1293 quarta
1031 1207 1192 1274 solutione¹

4 1363 5 1366 η
68 1321 186 1397 septem
203 1316 338 1382 nrillimn
350 1316 542 1382 ducatorum
558 1318 592 1382 in
608 1317 721 1382 eodem
737 1316 821 1382 festo
839 1311 936 1382 Beati
953 1314 1112 1401 Stephani
1128 1313 1193 1379 Re-

68 1423 114 1504 gis
129 1423 168 1488 de
191 1445 298 1489 mense
326 1420 471 1508 Augusti
495 1422 602 1490 fienda
628 1425 667 1492 (11
692 1423 862 1489 millesimo
888 1424 1116 1489 trecentesimo
1142 1444 1191 1486 oe·

66 1533 241 1614 tuagesimo
260 1540 389 1616 quarto,
408 1555 469 1616 qne
487 1533 618 1616 quidem
635 1536 706 1598 tres
723 1532 899 1597 solutiones
916 1533 1076 1598 dictorum
1093 1532 1192 1596 trium

67 1659 221 1704 annorum
237 1641 417 1706 ascendunt
442 1662 601 1706 summam
627 1641 742 1726 viginti
759 1648 792 1706 et
817 1662 916 1705 unum
933 1640 1035 1705 millia
1061 1640 1193 1705 ducato·

66 1767 134 1811 rum
150 1747 229 1814 boni
248 1749 320 1813 auri
337 1771 376 1814 ac
404 1750 485 1834 justi
501 1749 664 1833 ponderis.
690 1748 762 1832 Qua
788 1747 919 1830 quidem
945 1748 1060 1832 viginti
1087 1770 1185 1812 unum

65 1855 162 1922 millia
174 1856 366 1922 ducatorum
377 1857 409 1921 in
421 1856 718 1938 nostris,'heredum
729 1863 762 1922 et
772 1878 993 1922 successorum
1004 1861 1189 1921 nostrorum

4 2051 6 2054 Ι
65 1966 208 2046 personis
225 1961 405 2047 Magnifioo
420 1971 453 2030 et
468 1967 594 2048 potenti
611 1965 742 2030 domino
763 1965 939 2030 Francisco
965 1965 1005 2030 (11
1032 1960 1190 2028 Carraria

65 2072 181 2137 seniori
198 2071 331 2136 domino
347 2070 460 2137 Padue
478 2072 583 2137 amico
609 2072 772 2138 communi
798 2073 865 2138 vice
883 2077 915 2137 et
931 2078 1119 2138 nostrornm
1134 2089 1190 2134 no·
1215 2065 1217 2070 ’

4 2211 6 2234 s
65 2179 146 2246 mine
163 2179 347 2263 recipienti,
363 2185 396 2245 et
412 2181 444 2244 in
463 2200 669 2264 compensem
686 2179 860 2264 aliqualem
879 2177 998 2264 debiti,
1023 2176 1110 2262 quod
1135 2197 1193 2241 nos

64 2288 166 2354 eidem
184 2309 293 2352 sumus
310 2288 469 2354 debitoris
487 2287 627 2371 obligati
644 2289 837 2373 acceptant,
853 2287 1015 2354 dederunt
1030 2293 1064 2356 11
1079 2286 1189 2371 plena-

63 2397 107 2461 rie
123 2395 358 2462 satisfecerunt
367 2396 408 2461 de
419 2393 548 2461 eisdem.
566 2394 672 2480 Super
683 2395 800 2480 quibus
812 2395 942 2479 quidem
952 2395 1067 2478 viginti
1081 2401 1114 2459 et
1124 2415 1188 2459 nno

64 2503 206 2571 millibus
223 2504 419 2570 ducatorum
436 2504 507 2569 auri
524 2504 591 2569 1111
608 2509 642 2569 11
657 2505 788 2569 nomine
813 2503 935 2569 nostris
952 2523 1011 2587 per
1025 2502 1188 2586 prefatum

27 2691 32 2696 ⁸
63 2609 239 2677 Dominum
257 2611 372 2677 Padus
389 2614 422 2677 in
439 2632 644 2695 compensum
669 2612 845 2696 aliqualem
863 2609 964 2677 debiti
981 2611 1030 2676 sui
1047 2617 1191 2694 recepto-

62 2742 132 2784 rum
165 2729 198 2786 et
230 2723 356 2803 integre
386 2720 576 2786 habitorum
607 2727 805 2786 memoratos
830 2719 996 2786 dominum
1022 2720 1190 2790 Andream

4 2917 5 2920 Ἴ
63 2825 246 2894 Contareno
257 2827 390 2910 Ducem,
402 2826 579 2893 Consilium
591 2826 909 2894 etCommunitatem
922 2827 1137 2896 Veneciarum
1155 2830 1187 2894 in

62 2941 185 3020 nostra,
201 2935 358 3002 heredum
369 2942 401 3002 et
413 2957 636 3002 successorum
647 2942 832 3002 nostrorum
843 2937 992 3020 personis
1002 2939 1194 3020 qmetamus,

62 3043 269 3126 absolvimus,
285 3044 461 3124 liberamus
478 3053 511 3109 et
527 3043 691 3109 reddimus
708 3065 767 3128 pro
785 3045 880 3109 dictis
896 3045 1000 3111 tribus
1026 3043 1191 3110 solutioni·

64 3150 132 3230 bus,
149 3159 187 3218 ut
203 3173 311 3236 supra,
328 3153 513 3236 expeditos;
537 3151 734 3236 spondentes
755 3172 816 3235 pro
842 3151 943 3234 nobis,
969 3151 1142 3219 heredibus
1159 3157 1194 3217 et

64 3261 304 3326 successoribus
321 3261 440 3326 nostris
456 3261 615 3345 predictis
631 3260 797 3326 bonafide
813 3261 937 3342 absque
962 3261 1051 3328 omni
1068 3260 1142 3327 dolo
1159 3266 1193 3325 et

62 3369 188 3449 fraude,
203 3367 350 3452 prefatos
367 3368 532 3434 dominum
548 3369 683 3450 Ducem,
695 3366 873 3435 Consilium
889 3373 922 3432 et
933 3366 1111 3434 Commune
1127 3365 1190 3434 Vo-

62 3477 223 3542 netiarum
241 3499 301 3559 111
319 3477 413 3542 (111111
429 3476 534 3541 tribus
551 3476 644 3540 annis
662 3474 809 3560 superius
819 3476 1027 3559 expressatis,
1042 3475 1189 3542 iacienti-

60 3582 118 3648 bus
143 3585 261 3667 vigiuti
287 3605 386 3649 nuum
412 3582 746 3663 milli-adunatorum,
771 3582 899 3648 ratione
925 3582 1097 3648 solutionis
1130 3582 1195 3645 dic-

61 3697 169 3756 torum
188 3691 285 3756 trium
301 3713 469 3773 annorum,
498 3698 535 3756 ut
559 3713 667 3775 supra.
693 3690 815 3756 nostris
830 3691 864 3755 in
880 3690 1028 3775 personis
1045 3689 1188 3760 Domino

64 3797 177 3863 Paduc
193 3799 290 3880 facte,
307 3799 446 3882 amplius
474 3821 538 3864 non
563 3800 719 3883 impetere
745 3819 801 3864 seu
827 3797 894 3865 ullo
921 3800 1028 3879 modo,
1052 3797 1194 3880 ingenio,

63 3909 168 3972 colore
185 3909 236 3972 vel
262 3927 360 3972 causa
386 3909 569 3991 inquietare
595 3907 742 3991 qualibet
767 3906 936 3972 occasione
952 3911 984 3971 11
1000 3905 1195 3989 exceptione

4 4063 5 4070 1
62 4023 197 4095 remota,
214 4013 275 4081 sub
291 4013 323 4080 N
326 4023 413 4080 ostre
429 4015 618 4081 Maiestatis
636 4014 733 4098 sigilli
744 4016 942 4098 appensione
954 4012 1138 4078 testimonio
1155 4011 1193 4075 li-'

5 4125 6 4128 ’
62 4127 214 4188 terarum.
232 4122 738 4190 PreseutibusReuerendissimu
754 4122 789 4186 in
806 4119 940 4188 Christo
951 4123 1053 4190 Patro
1065 4121 1195 4186 domino

61 4229 227 4297 Demetrio
243 4231 332 4297 tituli
343 4229 538 4297 Sanctorum
560 4228 611 4297 IV
624 4229 861 4295 Coronatorunr
874 4229 1064 4297 Presbitero
1078 4225 1194 4292 Cardi-

62 4337 137 4418 nali,
153 4337 383 4404 Gubernatore
395 4337 589 4420 Metropolis
602 4334 1193 4421 811111111ηεί1,8111111101111111-

63 4447 111 4508 rio
129 4445 236 4528 Regni
254 4446 435 4528 Hungarie‚
452 4446 584 4511 domino
597 4443 738 4511 Nicolao
758 4445 798 4510 de
818 4443 1066 4511 (11-1111111111
1082 4444 1192 4526 Regni

65 4551 191 4618 Comite
208 4555 393 4638 Palatione,
409 4576 467 4620 nec
493 4575 557 4619 non
575 4553 706 4620 domino
733 4553 871 4620 Nicolno
888 4552 928 4617 (11
945 4551 1052 4618 Zeoeh
1069 4553 1093 4620 J
1095 4552 1187 4618 udice
