3134 5254
561 437 654 509 lata.
1108 442 1171 510 305

63 615 232 707 responderi
247 614 351 704 nobis,
367 619 454 708 quod
471 626 533 688 iste
550 623 673 704 modus,
690 644 785 706 quem
817 624 957 707 dicebat,
976 631 1047 692 erat
1063 647 1172 692 neces·

63 734 147 796 sarius
163 754 223 816 pro
241 733 381 798 tenendo
407 732 591 797 Jmurenses
619 733 651 795 in
678 753 854 814 suspenso;
880 735 957 817 quia
983 755 1055 799 cras
1077 734 1172 801 debe·

61 837 124 904 bant
137 861 205 905 esse
223 840 356 906 insimul
372 861 432 923 pro
449 839 662 904 deliberando
679 841 821 922 modum,
835 864 930 924 quem
942 842 1105 908 debebant
1123 848 1172 908 te-

60 969 121 1012 nere
135 972 230 1032 super
247 948 343 1014 factis
359 949 425 1014 suis
443 949 483 1014 de
499 947 650 1014 faciendo
668 970 821 1032 guerram
843 941 943 1030 suam,
960 958 993 1016 et
1009 950 1051 1016 ad
1068 950 1168 1015 alium

57 1056 135 1122 linem
150 1081 213 1124 non
229 1057 373 1125 faciebat
397 1049 466 1122 lioc.
483 1058 529 1122 ar.
544 1059 676 1123 interim
702 1079 760 1124 nos
777 1058 971 1124 haberemus
988 1061 1172 1142 responsio·

58 1185 116 1229 nem
129 1189 147 1232 a
160 1166 395 1232 Dominatione
411 1165 543 1250 Vestra,
558 1171 591 1230 et
606 1173 720 1250 postea
736 1166 788 1232 die
808 1168 883 1232 lune
910 1189 1077 1252 possemus
1100 1189 1170 1233 esse

54 1297 113 1339 cum
128 1297 180 1357 e03
198 1274 283 1340 unde
299 1275 444 1340 videntes
458 1275 673 1340 intentionem
686 1297 777 1340 snam
790 1275 939 1358 diximus
951 1276 1041 1359 quod
1051 1277 1169 1342 lacere·

55 1403 113 1448 mus
123 1382 275 1467 quicquid
286 1382 474 1449 mandabat.
493 1383 539 1448 Et
559 1388 692 1465 accepto
704 1382 745 1446 ab
757 1405 794 1447 oo
806 1389 839 1448 et
851 1383 1036 1450 Beronibus
1047 1405 1169 1450 comea-

53 1498 81 1555 tu
90 1494 230 1557 venimus
241 1493 387 1572 Mestre;
405 1498 438 1557 et
447 1513 520 1557 cras
531 1490 649 1556 ibimus
659 1489 701 1556 ad
712 1513 863 1575 campum
875 1513 946 1559 oum
957 1500 1066 1560 scorta
1076 1515 1168 1558 vene-

53 1600 96 1680 rit,
105 1600 276 1665 secundum
287 1599 435 1666 ordinem
446 1600 566 1666 datum.
583 1599 680 1665 Unde
691 1621 788 1684 super
800 1601 863 1684 hijs
875 1601 972 1668 lactis
984 1601 1124 1686 Tarvisij
1137 1608 1171 1667 et

53 1707 218 1776 Tarvisane
233 1708 428 1793 respondeat
443 1716 476 1774 et
490 1710 623 1775 mandet
640 1707 762 1776 Vestra
785 1708 987 1791 Dominatio,
1011 1709 1168 1792 quicquid

52 1817 176 1882 soluerit
193 1839 251 1883 nos
267 1816 421 1883 facturos.
445 1817 672 1882 Recordemur
683 1823 792 1882 tamen
803 1815 921 1884 Vestro
931 1817 1169 1899 Dominationi,

50 1925 125 2006 quod
140 1947 203 1991 non
219 1947 389 2010 possemus
400 1926 682 2010 comprehendere,
693 1925 736 1992 ed
748 1948 843 2010 quem
859 1926 954 1993 finem
971 1929 1079 1994 venire
1096 1931 1169 2011 pos!

50 2032 137 2098 simus
152 2057 225 2100 oum
245 2035 394 2118 istispro
411 2057 449 2101 eo
466 2035 553 2119 quod
569 2035 693 2100 nullam
704 2039 923 2102 constantiam
939 2036 1116 2102 invenimus
1133 2037 1166 2100 in

49 2141 104 2221 eis;
121 2145 198 2226 quia
210 2165 339 2229 semper
356 2144 480 2210 iaciunt
496 2167 594 2210 novas
605 2145 787 2229 petitiones,
798 2150 831 2210 et
841 2166 1005 2228 nonquam
1017 2150 1106 2210 stant
1117 2144 1169 2209 fir-

18 2291 19 2296 1
47 2251 84 2313 mi
102 2252 143 2316 ad
161 2252 308 2336 aliquid3
331 2252 378 2318 ita
395 2252 482 2336 quod
498 2253 620 2318 nullum
638 2255 762 2319 sanium
779 2275 819 2319 ex
843 2277 941 2319 causa
964 2251 1114 2337 predicta
1131 2252 1170 2316 (le

48 2379 148 2423 eorum
165 2361 376 2444 opinionibus
387 2362 541 2446 colligere
551 2383 724 2446 possumus
740 2361 925 2428 ullomodo.
941 2363 1032 2428 Data
1043 2361 1168 2427 Mestre

46 2465 90 2532 die
107 2468 203 2534 VIll.
220 2465 378 2535 Octobris
395 2470 475 2536 hora
492 2469 554 2538 VI.
573 2472 687 2554 noctis,
702 2471 879 2536 indictione
897 2471 961 2535 III.

209 2623 212 2628 -
865 2577 1125 2646 Ambasiatores.

166 2784 226 2856 45)
253 2779 284 2844 A
311 2751 546 2846 veleuczei
570 2775 771 2861 degenek
794 2799 814 2842 a
837 2777 1039 2843 kdvetelr.

141 2905 358 2972 Serenissime
374 2906 513 2971 Domine
530 2906 659 2972 Noster.
681 2903 770 2971 Dum
781 2912 890 2972 scorta
900 2906 971 2971 heri
983 2905 1067 2971 hora
1083 2902 1168 2971 ΠΙΙ.

42 3009 101 3075 diei
116 3016 261 3081 venisset
276 3035 336 3098 pro
354 3013 455 3092 nobis,
472 3013 711 3080 conferentibus
730 3014 824 3080 nobis
849 3014 1000 3079 omnibus
1016 3014 1050 3078 in
1067 3014 1172 3094 simul,

42 3116 104 3185 Nos
119 3122 284 3188 Nicolaus
301 3123 507 3203 nlaurocmo,
524 3123 670 3188 Jacobus
687 3121 725 3188 de
738 3121 859 3187 Priolis
875 3128 906 3186 et
923 3120 1065 3186 Michael
1077 3121 1171 3186 Mau-

39 3249 149 3296 roceno
166 3233 291 3297 ivimus
308 3231 350 3297 ad
369 3256 537 3318 eampum;
566 3232 766 3299 intrantibus
793 3232 887 3297 nobis
913 3232 1001 3296 intra
1025 3230 1109 3310 loca,
1134 3231 1169 3294 in

42 3337 150 3420 quibus
179 3346 233 3406 est
261 3362 403 3425 campus,
428 3340 678 3408 Ambasiatores
704 3341 890 3406 danueuses
916 3340 1109 3404 invenerunt
1135 3359 1168 3402 se

39 3465 101 3514 esse
116 3455 194 3532 post
211 3470 282 3529 nos,
300 3449 356 3532 qui
373 3449 545 3515 veniebant
560 3450 599 3514 de
617 3447 739 3532 Oriago
755 3448 799 3514 ad
817 3460 984 3531 campum;
1001 3445 1088 3510 unde
1106 3446 1169 3528 ipsi

41 3559 307 3622 traversarerunt
324 3557 419 3636 viam,
436 3564 469 3622 et
485 3557 613 3622 iverunt
638 3563 714 3622 ente
731 3579 789 3622 nos
816 3554 858 3622 ad
884 3554 1095 3637 temptorium
1112 3552 1168 3617 ‹lo-

38 3664 110 3729 mini
124 3665 264 3732 Karoli.
282 3665 329 3731 Et
345 3665 422 3730 dum
439 3666 678 3750 applicaremus
694 3687 793 3750 penes
803 3665 920 3749 locum,
936 3665 969 3728 in
986 3684 1049 3746 quo
1066 3661 1170 3727 dietus

36 3767 180 3840 dominus
197 3774 351 3840 Karolus
368 3780 526 3855 moratur,
540 3796 598 3840 nos
615 3774 814 3840 obviavimus
833 3774 938 3838 eidem
956 3771 1084 3837 domino
1099 3769 1170 3834 Ka-

18 3879 110 3964 roia,
126 3886 186 3966 qni
216 3905 291 3948 oum
316 3882 540 3947 Januonsibus
565 3879 717 3947 veniebat
743 3904 840 3965 eques
865 3901 975 3945 versus
1000 3880 1085 3943 viam
1111 3897 1170 3959 per

18 4010 128 4070 ¹quam
147 3993 293 4058 ibamus.
309 3993 357 4057 Et
373 3996 411 4056 ut
427 3992 578 4056 scivimus.
603 3996 718 4073 postea
734 3996 765 4054 et
785 3989 923 4054 vidimus
949 3987 1087 4065 oculata
1104 3984 1167 4068 ipsi

34 4095 121 4166 ibent
137 4101 182 4166 ad
201 4100 369 4185 quendum
385 4101 491 4166 locum
509 4100 542 4164 in
559 4120 623 4164 uno
641 4119 764 4182 campo,
781 4099 815 4161 in
833 4119 896 4180 quo
921 4098 991 4180 ipse
1017 4093 1166 4159 dominus

34 4207 175 4274 Karolus
194 4216 230 4274 et
248 4208 317 4291 ejus
336 4207 486 4272 Berones
503 4212 721 4272 convenerunt
738 4227 809 4270 cum
828 4204 979 4270 omnibus
996 4201 1170 4284 colligatis,

18 4305 19 4308 ¹
35 4315 181 4385 videlicet
199 4340 277 4383 cum
293 4317 450 4401 predictis
463 4313 749 4383 Ambasiatoribns
760 4313 783 4379 J
786 4315 984 4396 ancensium,
998 4334 1071 4376 oum
1087 4309 1169 4375 Am·

18 4422 257 4493 ¹basiatoribus
281 4425 414 4492 Domini
438 4426 561 4506 Pardua,
588 4426 674 4490 inter
699 4447 779 4510 quos
804 4430 884 4504 erat,
910 4428 947 4487 ut
972 4420 1170 4517 sentivimus

18 4533 180 4604 dominus
197 4536 225 4602 J
227 4535 350 4602 aeobus
376 4534 568 4618 'surchetua
585 4540 618 4598 et
635 4555 707 4598 cum
734 4530 1022 4598 Ambasiatoribus
1048 4524 1170 4594 domini

18 4643 242 4711 Patriarche.
261 4639 331 4710 Nos
349 4667 425 4710 rero
452 4647 552 4728 positi
577 4643 696 4708 fuimus
722 4643 764 4708 ad
790 4648 914 4708 certum
938 4638 1046 4704 locum
1071 4657 1170 4720 penes

18 4761 19 4764 ¹
74 4785 138 4824 ιιοι,
154 4783 245 4820 nitro.
264 4782 330 4818 mer.
346 4789 390 4802 -·-
407 4783 474 4818 narn
490 4783 551 4820 axr.
567 4782 605 4818 ιιι.
1017 4751 1058 4812 20
