3134 5254
410 391 475 455 314
763 410 997 457 omnouaczmr
1015 397 1182 456 nuribunu.

407 569 527 635 litteris
544 572 705 653 intimare,
721 571 954 656 praesentandis
970 577 1094 637 secreto
1111 569 1209 637 michi
1229 593 1287 655 per
1312 570 1447 637 latorem
1460 591 1514 654 pre-

408 679 555 762 sentium,
574 680 621 746 vel
637 702 695 764 per
712 681 812 745 alium
829 685 970 746 vestrum
996 681 1159 762 nuncium,
1186 684 1222 744 ut
1248 681 1405 744 secretius
1420 679 1517 743 viderit

408 808 504 871 posse
521 787 608 868 lieri3
625 810 699 854 nam
714 787 872 854 laborabo
889 809 949 872 pro
975 811 1070 873 posse
1086 789 1174 854 circa
1198 810 1246 870 ea,
1262 811 1324 872 que
1343 787 1471 853 tendant
1484 786 1515 850 ad

408 895 503 960 finem
522 897 639 962 secund
645 920 697 962 nm
715 919 788 962 cnm
804 896 929 962 bonore
945 902 977 961 et
994 895 1078 962 bono
1088 897 1258 979 utriusque
1274 896 1391 978 partie.
1407 893 1517 978 Scripta

409 1027 507 1069 maon
538 1007 662 1089 propia,
688 1027 786 1090 quam
819 1004 937 1070 lectam
968 1004 1098 1088 placcat
1123 1003 1270 1069 lamiare.
1298 1002 1391 1069 Data
1414 1003 1516 1068 Mestre

409 1111 546 1178 XXVI.
564 1111 716 1180 Octobris
732 1113 815 1178 hora
831 1111 898 1178 III.
911 1111 983 1178 diei.
1138 1109 1319 1178 Zacharias
1342 1108 1517 1176 (lentarum.

410 1313 467 1392 53)
491 1309 715 1376 Durazzoi
740 1309 1006 1394 Karolynak
1030 1331 1048 1374 a
1073 1307 1301 1374 velenezei
1334 1307 1515 1374 libretel.

624 1435 767 1502 Domino
784 1435 915 1502 Oarolo.

517 1543 742 1611 illustrissime
760 1545 920 1628 Princeps
938 1550 970 1610 et
988 1545 1135 1611 Domine.
1152 1544 1239 1629 Quia
1254 1545 1388 1630 Egregij
1406 1543 1459 1609 viri
1474 1543 1518 1607 do·

409 1652 487 1721 mini
504 1651 753 1718 Ambasiatores
784 1653 951 1737 Magnifiei
967 1653 1100 1718 Domini
1126 1652 1247 1717 domini
1274 1651 1411 1720 Comitis
1425 1651 1519 1718 Virlo·

408 1767 487 1842 tum,
504 1761 558 1842 qui
575 1761 705 1826 luerunt
720 1759 761 1826 ad
778 1767 986 1844 conspectum
1009 1761 1250 1826 Dominationis
1267 1767 1378 1827 nostre
1393 1759 1518 1836 Ducalis,

411 1868 552 1934 volentes
569 1890 629 1951 pro
646 1876 739 1950 parte
757 1869 877 1952 prefati
903 1868 1073 1952 Magnifiei
1099 1867 1233 1936 Domini
1260 1869 1310 1933 sui
1336 1891 1370 1934 se
1395 1870 1517 1950 interpo-

408 1998 486 2042 nere
502 1975 545 2042 ad
571 1981 749 2042 tractatum
769 1978 869 2060 pacis,
896 1978 1029 2043 mittunt
1055 1983 1238 2061 presentem
1264 1977 1417 2042 nuucium
1440 1995 1517 2041 suun

408 2085 548 2150 latorem
564 2087 764 2170 presentium
782 2108 854 2152 cum
870 2085 992 2151 litteris
1018 2086 1094 2166 suis,
1122 2108 1203 2169 quas
1229 2085 1376 2170 dirigunt
1400 2082 1520 2149 Celsitn·

409 2192 484 2258 dine
501 2195 620 2263 Vestre
637 2217 697 2279 pro
713 2195 863 2262 habendo
879 2195 1025 2260 litteram
1043 2195 1125 2260 salvi
1142 2194 1330 2275 conductus,
1347 2199 1380 2259 et
1396 2199 1519 2259 scortum

409 2303 582 2387 pronubis,
599 2310 631 2370 et
646 2306 794 2388 personis
811 2305 930 2370 nostris
947 2311 979 2368 et
995 2304 1145 2377 comitiva
1157 2310 1278 2376 nostra,
1296 2311 1335 2369 ut
1351 2304 1454 2370 venire
1462 2323 1520 2386 pos·

409 2412 508 2478 simus
525 2410 681 2478 Castrum
696 2412 893 2479 Franchnm.
929 2414 1116 2496 Enpropter
1142 2409 1324 2478 Clementia
1342 2412 1454 2479 Vestro
1475 2407 1521 2473 du-

409 2519 512 2584 ximus
542 2527 655 2586 tenore
681 2522 881 2604 presentium
909 2519 1133 2600 intimandum,
1160 2520 1248 2604 quod
1274 2521 1301 2585 si
1327 2519 1428 2586 eidem
1456 2515 1519 2581 va

410 2634 460 2693 tre
492 2626 687 2693 Oelsitudini
712 2629 872 2712 placuerit
899 2632 1027 2694 mittere
1053 2628 1145 2693 nobis
1172 2634 1315 2694 scortam
1340 2650 1413 2694 cum
1427 2628 1521 2692 littera

411 2735 492 2800 salvi
509 2736 687 2802 conductus
719 2737 770 2802 dic
795 2738 873 2802 lune
899 2731 982 2802 XII.
1008 2736 1103 2822 hujus
1120 2737 1257 2816 mensis;
1281 2737 1392 2821 parati
1417 2735 1519 2801 erimus

411 2843 520 2910 venire
532 2841 685 2909 Castrum
696 2844 962 2929 Franclium,p1·o
973 2843 1134 2929 poscendo
1145 2865 1214 2911 esse
1226 2867 1299 2909 cum
1311 2841 1522 2910 Illustrissima

414 2949 597 3018 Clementia
628 2943 752 3020 Vestra
776 2959 808 3018 et
835 2953 908 3039 alijs
939 2951 1124 3020 Beronibus
1151 2974 1248 3036 super
1274 2957 1417 3018 tractatu
1440 2949 1522 3034 pacis

412 3059 670 3144 quandocunque
686 3061 844 3127 duxeritis
861 3060 1086 3126 ordinandum.
1104 3059 1194 3126 Data
1210 3059 1337 3126 Mestre
1363 3059 1446 3125 Illl.
1470 3055 1524 3120 Nu·

411 3167 561 3234 vembris.
1236 3166 1487 3236 Ambosiatores

412 3312 447 3374 (A
469 3315 608 3364 velenczei
621 3329 693 3380 nagy
707 3315 733 3364 le
739 3313 882 3364 se'ltsirban
896 3314 1106 3366 &immateriali
1126 3313 1430 3379 sogalmazrainyeiboh
1451 3324 1522 3361 amu·

532 3419 600 3468 gyar
616 3404 673 3453 tud.
687 3405 834 3455 akudemia
848 3405 1053 3466 meflbizasriluil
1067 3405 1185 3455 rnesolta
1199 3405 1300 3455 Mirese
1315 3405 1333 3456 J
1335 3406 1420 3467 anos.)

943 3733 1015 3793 144.

412 3894 441 3956 Ι.
461 3894 559 3976 Lojos
576 3915 716 3978 ireappoa·
732 3895 765 3956 c's
780 3893 903 3979 leuppel
921 3893 1047 3978 loirdlp,
1059 3895 1312 3980 arepszaotetoe'n
1324 3885 1525 3974 ‹altaalta-qut·

415 4001 674 4086 acoaaopolinmcit,
691 4002 881 4066 sarrbudncl:
900 4001 1152 4088 rripilullcozlutja
1181 3997 1496 4087 Lernpyelorezcipual
1509 4018 1524 4055 e
1561 4057 1564 4066 ,

651 4111 780 4173 irrata-ot·
788 4110 950 4196 ftilrljrivel
969 4109 1194 4173 leerosloerlc'se'l.
1219 4111 1313 4172 latu.

521 4269 592 4334 Nos
610 4270 795 4336 liodouicus
822 4271 885 4337 Dei
911 4272 1023 4354 gracia
1038 4267 1283 4351 Rex'Vngario,
1301 4268 1444 4345 Polouie‚
1460 4261 1526 4330 Dal-

413 4380 515 4442 maciu
532 4386 591 4443 etc.
608 4381 766 4445 uniuersis
784 4387 816 4445 et
834 4379 970 4462 singulis
997 4379 1113 4462 quibus
1131 4377 1263 4461 expedit
1279 4387 1392 4443 notum
1408 4375 1527 4441 iacimus

414 4510 471 4570 per
496 4495 671 4570 presentes,
697 4488 785 4572 quod
811 4488 1013 4572 benignitate
1038 4492 1150 4552 nostra
1175 4487 1283 4570 Regia
1300 4484 1527 4551 considerantes

416 4601 448 4662 et
468 4597 648 4682 grui-iustus
674 4598 878 4666 attendentes
904 4597 1096 4684 inultiplicia
1123 4594 1326 4662 incommoda
1343 4601 1374 4660 et
1391 4593 1527 4676 dampna,
