3248 5242
393 380 455 462 l36
745 415 981 465 oresonezrar
997 389 1169 463 amires.

389 582 461 641 tum
477 582 511 642 et
527 575 721 656 Insubrum,
739 575 795 658 qui
811 575 953 657 fuerunt,
984 598 1044 659 pro
1075 583 1221 661 tempore
1246 581 1344 662 potiti
1369 586 1403 644 et
1419 581 1527 660 ganisi

391 684 550 749 hacteuus
582 683 770 748 extiterunt
802 681 1028 749 concedentes
1059 685 1119 750 tibi
1150 686 1381 752 nichilominus
1407 687 1528 752 harum

394 793 476 856 serie
501 792 541 857 de
558 793 645 859 dicta
662 799 754 856 certa
769 799 883 856 nostra
900 793 1100 872 solemiaco
1119 795 1207 876 quod
1235 794 1289 859 hic
1305 795 1347 860 ad
1364 797 1431 860 alia
1460 793 1531 860 Cu-

391 900 439 965 rie
455 908 567 966 nostre
584 901 723 966 seruicia
738 897 943 982 frequentius
962 903 1140 984 occuparis,
1161 903 1248 987 quod
1273 905 1381 987 possis
1407 911 1440 968 et
1471 925 1529 968 va·
1623 944 1624 947 =

391 1009 458 1073 leae
475 1009 631 1092 quamdin
647 1007 688 1072 de
704 1009 794 1074 dieto
812 1016 923 1074 nostro
947 1009 1155 1093 beneplacito
1179 1009 1365 1078 huiusmodi
1381 1011 1529 1078 Comita-

390 1123 480 1182 tatus
497 1139 554 1183 seu
578 1117 733 1183 Rectorie
759 1116 906 1201 fungeris
934 1115 1063 1201 Officio,
1089 1118 1231 1204 aliquem
1256 1123 1360 1185 virum
1385 1122 1529 1205 probum

389 1224 519 1292 fidelem
536 1225 749 1292 sufficientem
770 1232 803 1290 et
819 1226 990 1310 ydoneum,
1006 1228 1046 1293 de
1062 1249 1126 1311 quo
1144 1229 1187 1293 sit
1211 1231 1328 1295 merito
1362 1230 1528 1295 confiden-

392 1333 477 1416 dum,
489 1333 571 1400 etde
583 1335 672 1398 cuius
689 1333 868 1399 defectibus
885 1341 917 1398 et
933 1335 1117 1400 excessibus
1143 1342 1179 1401 tu
1194 1344 1306 1402 nostre
1322 1337 1424 1403 Curie
1439 1339 1530 1422 prin·

393 1442 546 1526 cipaliter
561 1443 714 1525 tenearis,
726 1442 925 1508 substituere
937 1449 970 1507 et
986 1443 1153 1509 dimittere
1169 1444 1239 1510 loeo
1257 1447 1306 1510 tui
1322 1447 1356 1510 iu
1373 1445 1533 1512 Ciuitati-

393 1549 454 1616 bus
470 1557 504 1618 et
519 1551 642 1616 Insulis
660 1551 854 1632 memoratis,
871 1559 1005 1636 recepto
1021 1555 1112 1635 prius
1130 1573 1150 1617 a
1177 1561 1209 1619 te
1235 1555 1332 1620 solito
1356 1554 1531 1621 fidelitatis

391 1666 424 1724 et
441 1659 481 1724 de
499 1657 616 1724 Officio
633 1659 703 1741 ipso
721 1680 780 1743 per
796 1664 829 1723 te
845 1680 902 1724 seu
929 1658 1051 1724 dictum
1079 1667 1170 1726 tuum
1196 1663 1410 1727 substitutum
1436 1684 1532 1728 exer-

391 1767 494 1832 cendo
511 1766 650 1832 fideliter
666 1766 829 1852 corporali
846 1766 889 1833 ad
905 1765 1028 1834 Sancta
1045 1768 1108 1834 Dei
1125 1771 1310 1853 Euangelia
1321 1771 1531 1852 juramento.

393 1874 558 1960 Quocirca
573 1883 628 1940 tue
654 1874 809 1941 fidelitati
834 1878 1039 1959 precipimus,
1065 1883 1224 1961 quatenus
1248 1880 1361 1943 statim
1385 1881 1531 1964 receptis

391 1982 596 2069 presentibus
628 1983 671 2048 ad
702 1983 805 2050 dictas
837 1983 999 2050 Ciuitates
1034 1993 1067 2050 et
1091 1986 1224 2052 Insulas
1248 1992 1282 2051 te
1308 1987 1531 2070 personaliter

392 2091 569 2174 conferens,
586 2111 643 2156 seu
658 2090 820 2174 prefatum
840 2091 1050 2158 substitutum
1076 2101 1169 2158 tuum
1193 2092 1273 2159 illuc
1288 2096 1532 2178 transmittens,

391 2203 581 2283 omniaque
598 2199 640 2264 ad
657 2199 844 2265 huiusmodi
869 2197 1067 2266 Comitatnur
1087 2223 1142 2267 seu
1168 2202 1358 2268 Rectoriam
1375 2207 1532 2286 spectant

392 2314 424 2372 et
440 2308 618 2390 pertinent,
634 2305 678 2372 ad
692 2307 849 2371 honorem
865 2313 898 2372 et
923 2306 1115 2374 fidelitatem
1132 2314 1286 2391 nostram,
1302 2330 1342 2373 ac
1357 2329 1533 2392 presema·

392 2417 513 2480 tionem
529 2421 562 2480 et
579 2421 701 2481 statum
719 2415 884 2480 salubrem
900 2422 1084 2481 nostrorum
1100 2416 1421 2484 fideliumdiotarum
1437 2417 1531 2484 Ciui-
1622 2495 1623 2498 Ἴ

391 2530 495 2590 tatum
522 2532 555 2591 et
569 2524 762 2607 Insularum‚
788 2545 963 2610 earumque
987 2526 1219 2610 pertinentium
1244 2533 1277 2591 et
1304 2526 1531 2606 districtuum,

391 2655 484 2699 cures
510 2635 557 2698 sie
582 2633 722 2700 fideliter
747 2639 779 2699 et
805 2634 979 2718 vigilanter
1004 2637 1118 2718 exequi
1135 2657 1192 2701 seu
1208 2656 1267 2719 per
1288 2635 1412 2701 dictum
1430 2643 1531 2702 tuum

393 2741 606 2807 substitutum
622 2741 719 2806 aliter
735 2739 844 2807 facere
860 2741 1030 2824 celebrari,
1046 2741 1134 2826 quod
1149 2743 1337 2826 permerito
1348 2750 1404 2808 tue
1419 2750 1531 2826 gesta·

391 2851 492 2916 tionis
508 2849 684 2916 laudabilis
701 2856 732 2915 et
748 2855 843 2915 actus
858 2849 996 2934 probate
1012 2851 1212 2933 experientis
1228 2851 1335 2935 possis
1353 2853 1393 2916 de
1411 2853 1531 2919 maiori

395 2983 456 3044 per
472 2959 632 3026 Nostram
648 2958 886 3026 Excellentiam
904 2960 1110 3042 promoueri;
1137 2966 1330 3025 reuocantes
1347 2961 1533 3027 earundem

392 3075 505 3134 tenore
521 3069 722 3151 presentium
748 3068 926 3150 quemlibet
950 3068 1052 3133 alium
1078 3067 1240 3135 Comitem
1266 3092 1324 3135 seu
1349 3069 1533 3134 Rectorem

391 3176 425 3241 in
442 3175 537 3242 dictis
554 3174 754 3243 Ciuitatibus
770 3184 803 3241 et
820 3175 942 3240 Insulis
970 3175 1216 3258 quomodolibet
1241 3177 1438 3243 ordinatum.
1456 3179 1533 3244 Nos

391 3285 476 3350 enim
493 3286 571 3350 viris
587 3285 753 3352 nobilibus
768 3283 795 3349 J
795 3283 953 3366 udieibus,
972 3280 1119 3349 Consilio
1139 3305 1179 3349 ac
1195 3284 1483 3352 Vniuersitatibus
1501 3295 1534 3351 et

392 3392 575 3458 homiuibus
591 3393 753 3458 dictarum
770 3389 953 3456 Ciuitatum
970 3397 1004 3455 et
1031 3390 1228 3476 Insubrum,
1243 3395 1482 3478 pertinentium
1501 3403 1534 3460 et

392 3501 615 3567 Districtuuru
632 3500 819 3582 earundem,
830 3500 978 3566 fidelibus
994 3502 1113 3565 uostris
1129 3500 1266 3584 dilectis,
1283 3501 1398 3568 damrm
1414 3503 1532 3586 vigore

394 3611 602 3694 presentium,
620 3616 651 3674 et
666 3631 724 3692 per
740 3609 824 3674 alias
840 3617 968 3675 nostras
984 3609 1118 3675 lieteras
1138 3611 1321 3694 expressius
1338 3611 1373 3675 iu
1390 3611 1532 3677 mauda-

392 3719 446 3799 tis,
465 3717 550 3800 quod
566 3715 627 3782 tibi
643 3723 809 3803 tamquam
828 3714 948 3782 Oomiti
969 3739 1025 3783 seu
1052 3718 1182 3784 Rectori
1209 3717 1385 3784 earundem
1403 3717 1532 3784 Ciuita-

395 3834 465 3892 tum
482 3830 517 3890 et
531 3825 720 3890 Insularnm
736 3846 795 3910 per
811 3845 869 3890 nos
885 3831 923 3889 ut
942 3824 1120 3908 predicitur
1144 3825 1306 3910 ordinato,
1321 3847 1380 3892 seu
1396 3825 1531 3909 prefato

398 3935 575 4000 substituto
592 3939 658 4014 tue,
674 3934 708 3998 in
725 3933 873 3999 omnibus
891 3955 952 4017 que
977 3935 1019 3999 ad
1045 3932 1229 4000 huiusmodi
1249 3931 1454 4000 Ournitatum
1473 3957 1531 4001 seu

394 4043 583 4108 Rectoriam
600 4042 764 4126 pertinere
780 4047 967 4122 noscuntur,
992 4040 1034 4106 ad
1060 4042 1154 4108 huius
1180 4044 1283 4108 nostri
1308 4041 1471 4110 honorem
1498 4055 1531 4112 et

392 4150 584 4217 fidelitatem
609 4157 755 4216 nostram
780 4150 898 4215 deuote
923 4156 1074 4234 pareant,
1091 4151 1269 4216 efficaciter
1296 4151 1481 4219 hobcdisnt
1498 4165 1530 4219 et

393 4261 575 4342 intendant,
592 4280 629 4325 ac
645 4259 685 4325 de
703 4267 857 4325 consueto
885 4265 918 4323 et
938 4258 1049 4324 debito
1075 4258 1216 4324 debeant
1232 4259 1446 4344 integraliter
1465 4283 1530 4327 res·

393 4369 553 4454 pondere3
585 4389 686 4452 penas
719 4374 828 4433 autem
860 4374 892 4431 et
916 4367 1026 4432 banna
1056 4372 1116 4432 etc.
1150 4367 1210 4433 has
1236 4373 1369 4434 nostras
1393 4367 1530 4433 lieteras

394 4499 513 4562 magno
531 4481 643 4541 nostro
668 4476 824 4559 pendenti
850 4475 960 4559 sigillo
976 4475 1119 4541 munitas
1144 4475 1205 4540 tibi
1229 4475 1264 4539 in
1290 4477 1529 4559 premissorum

396 4585 617 4652 testimouium
650 4583 869 4650 concedentes.
894 4583 985 4649 Data
1011 4579 1124 4666 Oapue
1148 4582 1182 4647 in
1210 4583 1364 4650 absentia
1386 4591 1447 4650 etc.
1475 4606 1530 4670 per
