3248 5242
411 363 474 426 762
764 385 1000 429 nrnnouaczrsr
1019 369 1184 428 suranae.

404 550 564 607 terrarum
582 553 852 628 nost1·.·n·um,que
869 545 1034 608 conviciue
1051 551 1127 608 sunt
1143 543 1247 607 dictis
1264 540 1414 618 Tarchis,
1430 543 1461 599 et
1475 555 1528 617 que

406 653 530 716 suntin
547 673 624 735 pace
641 674 711 716 carn
730 653 775 716 eis
797 675 835 717 ac
852 655 921 717 sine
949 652 1097 718 molestia
1123 653 1171 716 vel
1197 651 1321 714 lesione
1346 653 1526 726 tractantur,

407 783 466 844 pro
482 760 575 826 nobis
591 784 655 826 non
672 759 796 827 faceret
811 762 971 845 impedire
988 783 1022 826 se
1033 762 1068 824 iu
1083 761 1156 826 istis
1171 761 1268 826 sactis
1285 765 1419 843 proptor
1432 755 1529 834 dubia,

407 869 526 935 damna
544 874 577 934 et
592 869 740 952 pericula
757 892 819 952 qne
836 869 927 953 sequi
954 875 1089 952 possent
1105 869 1199 934 uobis
1217 876 1250 933 et
1266 868 1405 933 nostris:
1427 873 1526 929 tamen

407 999 464 1042 nos
482 975 641 1042 habentes
658 977 701 1042 ad
714 977 772 1042 hec
784 983 970 1061 respectum
987 977 1028 1042 ob
1045 977 1260 1041 reverentiam
1272 975 1348 1040 fidei
1361 973 1529 1038 orthodoxe

410 1089 443 1150 et
459 1083 766 1168 contemplationem
783 1086 886 1169 ipsius
911 1085 1034 1150 demini
1058 1084 1169 1168 Regis,
1197 1106 1292 1167 quem
1318 1083 1487 1147 habuimus
1502 1086 1529 1145 et

407 1192 529 1258 habere
546 1193 745 1259 intendimus
761 1195 794 1258 in
812 1201 960 1260 nostrum
977 1193 1176 1278 singularem
1188 1195 1335 1274 amicum;
1351 1193 1460 1275 parati
1474 1190 1528 1255 eri·

409 1323 490 1383 mue,
506 1301 774 1384 quotiescumque
791 1303 860 1386 ipse
877 1303 1026 1368 dominus
1043 1303 1116 1368 Rex
1130 1325 1201 1366 enm
1224 1301 1416 1366 illustribus
1441 1298 1526 1364 Prin-

408 1409 534 1493 cipibus
559 1408 759 1493 Burgondie,
775 1407 1028 1476 Aurelieusibus
1055 1417 1087 1475 et
1110 1411 1304 1476 Laneastrie
1322 1407 1476 1486 Ducibus
1491 1405 1527 1471 ad

410 1539 492 1602 quos
510 1516 641 1600 vadunt,
656 1525 872 1600 prosequetur
899 1519 995 1582 istam
1013 1539 1105 1583 suam
1130 1518 1342 1582 intentionem
1368 1521 1400 1580 et
1416 1520 1529 1581 motum

409 1623 690 1692 cont1·aTurchos
706 1647 763 1709 per
779 1633 909 1706 terram,
927 1625 1104 1691 secundum
1120 1625 1207 1710 quod
1224 1624 1364 1690 offerunt
1380 1646 1437 1707 per
1447 1643 1527 1687 mare

408 1755 530 1818 ponere
555 1739 588 1797 et
614 1734 746 1799 mittere
772 1735 815 1799 ad
841 1741 971 1799 nostras
998 1755 1155 1817 expensas
1172 1734 1213 1798 ad
1240 1734 1345 1816 ipsum
1371 1731 1533 1798 transitum

408 1841 646 1928 prohibendum
658 1849 811 1926 quartam
824 1849 949 1926 partem
960 1843 1138 1925 galearum,
1149 1864 1212 1926 qne
1225 1849 1387 1926 ponentur
1396 1840 1534 1924 peralios

409 1951 613 2016 Christianos
630 1951 672 2016 ad
690 1951 893 2018 obstaculum
910 1959 944 2016 et
969 1951 1189 2029 resistentiam
1216 1950 1449 2034 supradictam,
1473 1969 1532 2012 uon

407 2058 605 2124 transeundo
616 2080 785 2124 numerum
799 2061 966 2143 galearum
976 2061 1245 2143 vigintiquinque
1255 2061 1318 2124 hoc
1327 2058 1422 2123 modo
1433 2056 1534 2122 videli-

412 2173 472 2249 cet,
489 2168 575 2250 quod
592 2168 619 2232 si
636 2173 763 2233 armata
773 2169 846 2249 auh,
862 2176 895 2234 et
911 2170 938 2232 si
950 2190 1008 2250 per
1018 2189 1129 2232 omues
1140 2173 1302 2251 ponentur
1317 2163 1425 2236 XXV
1442 2166 1537 2250 galee,

411 2297 469 2340 uos
494 2296 652 2358 ponemus
677 2297 742 2356 sex,
766 2278 794 2340 si
819 2277 944 2360 viginti,
972 2297 1129 2360 ponemus
1154 2276 1297 2359 quinque
1325 2283 1394 2354 eta,
1411 2297 1472 2358 que
1488 2295 1538 2356 ga·

410 2381 459 2447 lee
477 2391 585 2448 nostre
602 2383 763 2449 vacabunt
778 2390 811 2450 et
829 2385 964 2451 stabunt
980 2385 1023 2450 ad
1048 2384 1170 2450 dictum
1188 2406 1270 2468 opus
1294 2391 1432 2465 tantum,
1447 2403 1538 2465 quan-

412 2496 482 2555 tum
498 2491 634 2558 stabunt
650 2490 743 2574 galee
759 2493 909 2572 aliorum,
926 2499 959 2558 et
975 2499 1135 2576 quantum
1159 2493 1322 2558 Maiestas
1349 2491 1418 2558 Sua
1434 2497 1466 2556 ct
1488 2489 1540 2554 alii

412 2599 532 2663 domini
548 2598 688 2682 predicti
704 2599 747 2663 ad
763 2603 1020 2683 persecutionem
1031 2607 1066 2665 et
1076 2601 1329 2665 destructionem
1340 2598 1539 2666 Turchorum

413 2704 546 2772 stabunt
560 2707 594 2770 in
610 2709 759 2790 partibas
776 2708 961 2776 antedictis.

519 2814 585 2879 Die
611 2815 802 2882 duodecimo
828 2818 957 2882 Marcii.
983 2815 1127 2900 Capta
1143 2842 1149 2880 :
1168 2814 1253 2898 Quia
1278 2817 1349 2881 heri
1375 2814 1543 2881 Ambasia·

413 2930 500 2987 tores
514 2921 695 3004 Hungarie,
711 2923 826 2989 audita
843 2931 877 2989 et
894 2925 1010 2990 habita
1026 2925 1235 3007 responsione
1246 2925 1291 2989 eis
1308 2924 1390 2989 data
1405 2945 1465 3007 per
1480 2922 1542 2988 Do·

414 3029 547 3094 minium
564 3030 740 3095 secundnm
759 3032 846 3113 quod
864 3038 995 3115 captum
1022 3032 1084 3096 fuit
1099 3031 1133 3095 in
1159 3030 1220 3096 hoc
1245 3029 1404 3112 Consilio,
1430 3030 1544 3094 hahue-

413 3143 490 3202 runt
507 3137 616 3202 dicere
632 3142 665 3202 et
680 3145 792 3221 petere
809 3138 980 3220 declarari,
998 3141 1083 3223 quod
1100 3139 1133 3203 iu
1146 3159 1232 3218 casu,
1248 3139 1336 3222 quod
1353 3138 1543 3204 Christiani·

414 3253 465 3310 tas
483 3267 538 3308 sen
556 3243 605 3310 illi
623 3245 797 3329 Principes
812 3253 846 3311 et
863 3243 974 3312 Duces
1002 3247 1140 3312 Francis
1156 3253 1189 3311 et
1214 3244 1336 3330 Anglie
1362 3245 1487 3311 nollent
1503 3251 1546 3308 at·

415 3350 547 3417 tendere
564 3352 605 3417 ad
631 3353 720 3418 istud
744 3353 875 3435 lactum,
903 3360 936 3419 et
960 3355 1122 3420 Dominus
1148 3375 1235 3437 suna,
1260 3353 1438 3418 seeundum
1464 3349 1546 3436 qnod

414 3462 480 3525 iam
496 3460 734 3527 deliberaverat
750 3468 783 3525 et
800 3461 976 3545 dispositus
993 3469 1065 3528 erat
1081 3462 1196 3543 facere,
1212 3469 1467 3546 prosequeretur
1478 3483 1545 3527 euru

415 3567 487 3634 Deo
503 3569 623 3634 dictum
640 3569 772 3650 saetam,
790 3569 817 3634 si
833 3571 975 3653 placebit
991 3569 1094 3652 nohis,
1111 3575 1143 3634 et
1160 3571 1186 3633 si
1198 3569 1385 3636 volebamus
1403 3571 1439 3634 in
1456 3569 1544 3635 serri-

414 3678 497 3742 tium
514 3676 776 3743 Christianitatis
793 3685 826 3742 et-
843 3679 876 3742 in
894 3700 985 3742 suam
1002 3678 1272 3761 complacentiam
1297 3699 1422 3762 ponere
1439 3678 1546 3762 galeas

415 3793 553 3867 nostrae,
569 3792 666 3870 prout
682 3785 964 3869 promittebamna
981 3792 1014 3850 et
1031 3785 1129 3851 aliud.
1147 3787 1193 3850 Et
1209 3785 1428 3852 consideratis
1444 3785 1545 3851 verbis

414 3913 524 3958 eorum
552 3915 611 3975 pro
627 3894 719 3958 nobis
737 3893 838 3959 faciat
854 3893 961 3959 facere
979 3897 1004 3957 si
1010 3887 1041 3958 bi
1058 3893 1187 3959 finalem
1214 3897 1461 3977 responsionem
1478 3916 1545 3960 nos·

417 4006 523 4081 tram;
549 4001 637 4066 vadit
654 4023 740 4084 pars,
757 4000 844 4084 quod
861 4002 1097 4086 respondeatur
1123 4002 1253 4080 eisdem,
1282 4004 1369 4084 quod
1386 4026 1446 4068 nos
1463 4001 1543 4068 dedi·

417 4131 487 4174 mus
503 4111 549 4174 eis
568 4113 810 4193 responsionem
829 4132 901 4174 cnm
919 4110 1154 4175 deliberatione
1179 4117 1366 4176 nostrorum
1394 4109 1545 4176 Consilio

416 4240 488 4282 rum
520 4217 697 4283 seeundum
725 4219 928 4302 peticionem,
954 4240 1051 4303 qnam
1078 4217 1226 4284 feceruut
1251 4221 1353 4287 nobis,
1385 4227 1419 4287 et
1444 4224 1492 4285 ita
1515 4240 1544 4281 se

366 4395 368 4400 ,
417 4324 620 4390 moventibus
637 4333 670 4390 et
686 4327 959 4409 prosequentibus
976 4327 1045 4410 ipso
1063 4326 1192 4393 domino
1219 4328 1312 4412 Rege
1338 4351 1409 4394 cum
1429 4327 1542 4394 Princi-

417 4434 511 4517 pibus
528 4433 700 4498 autedietis
716 4435 825 4518 parati
843 4457 952 4500 sumus
969 4455 1178 4519 perseverare
1194 4445 1225 4500 et
1242 4438 1422 4518 attendere,
1440 4457 1542 4502 secuu-
1611 4469 1613 4534 3

416 4541 493 4610 dum
512 4541 598 4628 quod
615 4542 799 4607 continetur
816 4542 848 4606 in
867 4564 924 4622 ea;
942 4543 1018 4626 quia
1045 4543 1191 4610 faciendo
1219 4545 1395 4628 paralium
1412 4545 1540 4622 modum,
1611 4535 1613 4630 l

1570 4799 1613 5240 l
