3226 5258
387 365 409 434 4
747 379 982 439 omnouucmnr
1000 339 1168 440 auulsas.

389 545 451 612 hec
467 551 614 633 tempore
640 549 917 635 quadragesimali
941 553 1035 618 nobis
1060 554 1148 618 idem
1174 551 1323 619 dominus
1348 552 1425 620 Dux
1440 573 1505 620 suos

392 655 558 723 direxerat
582 659 818 726 ambasiatores
843 663 1073 727 auctoritatem
1090 683 1182 726 suam
1198 662 1329 744 plenam
1352 662 1510 743 habentes,
1606 687 1607 690 ¹

391 765 447 846 qui
464 764 567 846 ipsius
593 764 697 831 Ducis
722 769 850 832 nomine
874 766 968 834 nobis
985 790 1059 833 cum
1074 768 1214 835 istancia
1231 769 1464 852 supplicarunt,
1476 777 1509 834 ut

267 865 273 885 ⁸
390 871 434 936 ad
451 894 610 940 summam
626 875 809 958 predictam
827 877 890 943 sibi
906 878 1012 943 adhuc
1029 878 1193 962 quandam
1208 878 1344 960 pecunie
1361 899 1511 943 summam

389 981 571 1046 concedere
588 982 810 1066 dignaremur.
837 985 883 1048 Et
898 991 975 1050 tuuc
990 1007 1048 1051 uos
1065 986 1195 1052 iteratis
1210 985 1333 1051 vicibus
1350 991 1383 1050 et
1398 985 1512 1050 litteris

391 1087 597 1173 obligatoriis
621 1093 785 1175 perceptis
809 1095 955 1176 ipsorum
980 1094 1103 1160 auditis
1135 1094 1251 1160 votivis
1283 1093 1434 1177 precibus
1459 1091 1514 1158 sibi

391 1196 473 1261 Ilm
499 1218 679 1281 sexagenos
721 1221 910 1282 grossorum
935 1201 1194 1268 Bohemicalium
1219 1203 1437 1267 mutuavimus
1460 1181 1514 1267 tali

392 1307 591 1390 condicione,
615 1314 653 1372 ut
677 1309 767 1375 dicta
793 1308 871 1374 11·m
917 1331 1150 1393 sexagenorum
1166 1331 1355 1394 grossorum
1370 1308 1462 1376 nobis
1476 1309 1515 1374 ad

389 1417 574 1499 proximum
590 1415 720 1482 Pascha
736 1417 861 1483 solvere
878 1425 1042 1484 teneretur
1053 1421 1168 1502 quasis
1181 1419 1341 1484 dilacione
1351 1424 1512 1504 cessantes

390 1529 424 1589 et
439 1526 467 1588 si
484 1546 548 1590 non
566 1524 609 1590 ad
624 1527 801 1591 terminum
816 1525 982 1610 prefatum
1007 1529 1098 1593 nobis
1115 1525 1373 1593 satisfaccionem
1389 1525 1517 1618 condig-

390 1654 467 1698 nam
494 1633 673 1714 exhiberet,
700 1635 787 1717 quod
804 1657 868 1700 non
884 1636 918 1699 in
935 1634 1138 1701 Castellania
1156 1635 1316 1718 predicta,
1332 1633 1440 1700 sedin
1456 1657 1517 1699 om-

393 1740 489 1805 nibus
508 1739 582 1805 aliis
600 1742 668 1806 suis
693 1741 787 1808 bonis
803 1764 905 1824 usque
922 1744 964 1809 ad
980 1742 1178 1809 refusionem
1194 1743 1314 1808 habere
1331 1741 1516 1808 deberemus

390 1847 542 1932 capiendi
568 1851 707 1935 pignora
731 1851 869 1917 liberam
896 1850 1095 1918 facultatem.
1127 1849 1272 1917 Domina
1298 1849 1518 1930 Serenissima,

387 1957 537 2040 predicta
560 1980 639 2042 erga
664 1959 826 2043 prefatum
851 1959 1017 2026 dominum
1042 1959 1169 2026 Ducem
1187 1959 1228 2026 ob
1245 1960 1456 2026 dileccionem
1481 1965 1512 2026 et

388 2065 569 2148 peticiones
587 2087 662 2131 suas
678 2067 772 2132 nobis
789 2089 860 2132 cum
876 2069 1039 2134 instancia
1049 2067 1175 2134 oblatas
1190 2065 1325 2133 fecimus
1341 2066 1429 2132 bona
1444 2067 1519 2132 fide’

388 2173 464 2238 dolo
480 2180 513 2239 et
528 2172 645 2240 fraude
662 2175 862 2258 quibuslibet
876 2177 1018 2256 remotis,
1032 2175 1246 2259 'propositum
1262 2195 1355 2241 suum
1372 2173 1412 2238 de
1429 2174 1519 2240 insa·

389 2281 479 2346 sicne
494 2281 604 2361 Regni
619 2284 668 2350 rel
685 2284 801 2367 quavis
818 2284 961 2350 eiusdem
983 2284 1091 2367 Regni
1107 2283 1333 2368 occupacicne,
1350 2304 1450 2365 quam
1468 2304 1517 2348 co·
1605 2267 1607 2304 ²

388 2396 523 2455 naretur
548 2390 668 2472 facere,
683 2394 814 2475 penitus
839 2393 1038 2476 ignorantes.
1062 2394 1109 2459 Et
1124 2399 1210 2458 teste
1226 2389 1411 2473 Altissim0‚
1427 2391 1518 2456 insiti

388 2496 566 2582 quidquam
584 2504 780 2583 attemptare
796 2499 962 2580 vellemus,
984 2499 1070 2582 quod
1087 2504 1202 2564 contra
1218 2497 1373 2566 Vestram
1389 2497 1518 2581 Magni-

387 2605 556 2673 ficenciam
571 2607 641 2673 fore
657 2615 857 2689 nosceretur,
874 2613 907 2673 et
923 2608 963 2674 de
981 2630 1045 2691 quo
1055 2629 1223 2692 possemus
1238 2607 1356 2691 laqueo
1368 2607 1519 2692 suspicio-

385 2715 440 2780 nis
455 2716 582 2781 involvi.
598 2715 725 2782 Datum
740 2717 860 2782 Ylarie
876 2721 936 2781 eto.

388 2859 468 2923 (Regi
491 2861 650 2912 formulario
671 2863 824 2928 konyvbol,
848 2877 865 2911 a
889 2863 984 2913 memet
1017 2862 1140 2912 rendneh
1170 2861 1346 2926 konigsbergi
1371 2862 1461 2911 titkos
1484 2863 1519 2911 le·

859 2953 1043 3015 reiteraban.)

877 3113 1031 3124 ...-.......-...-

937 3280 965 3342 2.

387 3435 446 3500 XI.
463 3437 599 3524 Gergely
613 3443 704 3524 pdpa
713 3439 839 3524 falke'ri
855 3439 883 3502 Ι.
900 3437 1002 3525 Lajos
1017 3462 1158 3525 magyar
1183 3438 1215 3501 e's
1234 3437 1355 3523 lersqyet
1380 3440 1520 3526 tfrdlyr,

385 3547 466 3631 bogy
491 3569 571 3611 azoa
599 3547 779 3632 iisszegelcet,
803 3547 977 3631 melyeklcel
1004 3547 1090 3611 eldde
1117 3545 1180 3610 III.
1199 3544 1350 3609 Kazimir
1367 3571 1388 3611 a
1406 3548 1517 3612 rdrnaa'

615 3655 748 3718 sztbaelc
764 3657 868 3720 adesa
885 3657 1031 3734 maradt,
1040 3655 1156 3738 storeae.
1178 3655 1284 3718 1371.

492 3811 669 3896 Gregorius
694 3813 876 3900 Episcopus
902 3823 960 3881 etc.
977 3815 1144 3881 carissimo
1160 3814 1194 3878 in
1211 3811 1344 3878 Christo
1362 3813 1430 3878 filio
1448 3813 1517 3878 Lu·

385 3919 498 3987 dorico
524 3921 672 4005 Vngarie
696 3929 729 3988 et
753 3923 886 3988 Polonie
911 3924 997 4007 Regi
1020 3924 1144 3990 illustri
1169 3923 1307 3988 salutem
1333 3927 1395 3990 etc.
1428 3919 1518 3986 Cum

384 4028 473 4094 clare
496 4031 649 4095 memorie
674 4029 863 4098 Kazimirus
887 4031 960 4098 Rex
986 4031 1122 4098 Polonie
1146 4031 1283 4097 Camere
1299 4036 1409 4094 nostre
1425 4027 1523 4113 Apo·

384 4136 498 4203 stolioe
522 4139 557 4202 in
583 4137 720 4204 dirersis
745 4140 955 4224 pecuniarum
981 4141 1123 4222 summis,
1149 4138 1226 4203 dum
1251 4138 1383 4214 viveret.
1418 4141 1525 4220 prout

384 4241 520 4310 dilectus
551 4244 638 4311 filius
669 4243 847 4314 Arnaudus
877 4247 917 4312 de
933 4241 1104 4331 'Oauciua
1136 4245 1335 4311 Scolasticus
1366 4245 1525 4310 Ecclesia

385 4351 622 4435 Oraoouiensis,
662 4353 855 4437 Apostolice
896 4353 989 4421 Sedis
1028 4353 1179 4420 Nuncius
1208 4351 1412 4418 Excellentie
1446 4351 1526 4416 Tne

383 4445 483 4526 latius
508 4467 656 4548 exponet,
680 4460 826 4545 legitime
848 4471 1035 4531 teneretur:
1061 4460 1278 4528 Serenitatem
1295 4461 1402 4528 Tuam
1420 4459 1525 4526 nobis

386 4588 497 4634 caram
523 4591 679 4660 rogamus
705 4577 738 4635 et
761 4571 932 4638 hortamur
951 4576 1085 4653 attente,
1103 4576 1264 4655 quatenus
1281 4591 1341 4655 pro
1355 4575 1471 4636 nostra
1488 4573 1533 4633 et
