3134 5254
559 409 653 471 1379.
816 413 827 422 ’
1105 410 1169 474 249

57 587 168 653 litteras
184 586 381 670 requirenda
396 592 428 653 et
444 586 652 666 notificanda,
670 609 727 651 neo
740 587 836 652 etiam
854 609 913 671 per
930 589 1057 654 litteras
1075 596 1169 674 potu·
1218 631 1222 640 ·

1 766 2 791 χ
59 696 175 762 issemus
198 698 247 762 ita
271 696 353 762 bene
371 695 566 780 expressisse
583 717 698 761 causas
715 703 748 760 et
766 696 918 779 rationes,
945 718 1008 780 que
1024 717 1083 762 uos
1100 719 1165 764 mo·

58 805 156 870 rebant
170 805 212 870 ad
228 803 412 870 habendam
443 811 587 870 vestram
602 803 816 870 intentionem
836 805 967 871 finalem
983 825 1079 889 super
1095 827 1166 890 pre-

55 913 144 993 dictis,
160 915 245 978 sicut
261 934 318 997 per
335 935 435 979 uuum
451 919 600 979 nostrum
626 919 761 980 oretnus
778 920 810 979 et
829 915 899 979 riva
916 935 992 979 voce
1008 914 1169 998 exprime·

1 1005 3 1047 ³
54 1031 158 1089 rentur.
174 1024 334 1091 Preterea
360 1046 433 1090 cum
449 1025 529 1090 alias
544 1047 604 1108 per
620 1031 750 1090 nostras
775 1026 914 1106 litteras,
940 1046 979 1090 ac
995 1027 1094 1092 etiam
1109 1047 1168 1109 per

1 1149 2 1158 ¹
54 1152 95 1195 me
108 1133 302 1198 Zachariam
318 1134 443 1199 hortati
458 1132 577 1198 fuimus
594 1129 788 1197 Dominium
797 1128 954 1199 Vestrum
971 1153 1068 1216 super
1084 1139 1168 1201 trac·

1 1219 2 1290 l
54 1240 161 1306 tatibus
178 1242 309 1306 secretis
326 1241 441 1306 fiendis
457 1240 596 1305 maxime
612 1261 685 1305 cum
710 1237 941 1322 Januensibus,
967 1241 1088 1308 auditis
1113 1265 1168 1308 no·

1 1345 2 1412 ³
52 1347 93 1412 bis
106 1350 256 1432 expositis
273 1347 431 1416 dieJovis
444 1349 588 1432 proxime
604 1349 761 1432 preterita
778 1370 836 1432 per
847 1347 1015 1415 dominum
1033 1347 1167 1434 Episco-

1 1439 2 1506 Ῑ
52 1477 116 1539 pom
130 1456 336 1523 Jauriensem
352 1457 391 1522 de
408 1457 564 1522 mandato
581 1456 703 1521 domini
722 1455 842 1523 Karoli
857 1465 891 1523 et
908 1457 1048 1523 aliorum
1062 1459 1167 1524 Baro·

52 1585 114 1628 unm
130 1587 225 1648 super
241 1563 328 1629 facto
338 1569 497 1629 tractatus
509 1562 725 1630 Jannensium
736 1562 858 1630 eisdem
890 1567 997 1649 aperti
1013 1571 1046 1630 et
1062 1567 1171 1634 notiii·
1274 1607 1280 1615 ·

1 1729 2 1762 ,
52 1675 105 1738 cati
119 1695 176 1757 per
192 1695 266 1754 eos;
291 1675 446 1757 apparuit
463 1671 557 1738 nobis
572 1673 652 1738 utile
668 1679 700 1737 et
716 1672 838 1738 bonum
863 1672 956 1754 sorte,
980 1695 1039 1758 per
1066 1697 1166 1740 unum

1 1825 2 1836 ι
53 1788 185 1846 nostrum
218 1780 380 1847 notificari
408 1778 526 1844 debere
561 1779 789 1844 Dominationi
814 1777 933 1846 Vestro
965 1781 1109 1846 rationes
1134 1788 1168 1846 et

52 1909 161 1970 causas,
176 1889 297 1973 quibus
311 1909 372 1954 non
384 1887 556 1954 ridebatur
572 1887 667 1952 nobis
683 1887 824 1972 amplius
841 1889 928 1954 circa
942 1889 1032 1972 ipsos
1048 1894 1168 1955 tracta·

51 2003 94 2059 tus
109 2001 248 2061 secretos
264 1993 423 2060 insistere.
435 1991 506 2078 Qua
523 2014 596 2060 cum
612 2015 679 2060 non
695 1995 743 2059 ita
753 1993 950 2060 sufficienter
965 2001 999 2061 et
1014 1993 1094 2060 bene
1110 2017 1167 2080 po-

51 2104 174 2169 tuissent
189 2125 249 2187 per
266 2103 394 2168 litteras
411 2104 584 2186 explicari;
613 2102 728 2168 ultimo
744 2104 901 2186 apparuit
925 2104 1018 2170 nobis
1044 2104 1167 2170 bonum

50 2231 118 2292 esse,
133 2234 233 2278 unum
248 2233 288 2276 ex
304 2211 396 2278 nobis
413 2213 520 2276 venire
541 2210 709 2293 Venetiae,
726 2210 768 2276 ad
784 2211 1027 2296 procurandum
1042 2211 1082 2277 de
1093 2212 1166 2297 alijs

49 2317 152 2384 saltem
169 2319 299 2385 duobus
316 2317 532 2403 adjungendis
548 2317 643 2384 uobis
660 2320 693 2383 in
710 2325 778 2384 tam
795 2319 907 2385 arduis
924 2324 956 2384 et
971 2319 1165 2405 ponderosis

49 2429 185 2512 negotijs,
204 2435 236 2494 et
252 2426 295 2492 ad
306 2427 532 2511 exponendum
543 2446 656 2492 causas
674 2433 706 2492 et
722 2429 875 2506 rationes,
892 2449 955 2511 que
972 2449 1030 2493 nos
1047 2428 1168 2495 adhoc

1 2589 2 2621 ἒ
51 2537 222 2616 movebant,
239 2533 320 2620 quid
336 2556 400 2600 non
416 2535 465 2600 ita
479 2556 537 2618 per
562 2534 693 2601 litteras
708 2535 789 2600 bene
814 2540 847 2600 et
862 2542 938 2618 apte
954 2533 1031 2602 fiere
1046 2537 1168 2621 potuis·

1 2651 2 2732 J
49 2650 97 2706 set
112 2643 241 2728 Quibus
258 2643 409 2711 omnibus
433 2643 514 2708 moti
530 2642 649 2708 inimus
666 2643 709 2708 ad
733 2641 927 2709 mittendum
943 2666 1041 2711 unum
1058 2667 1098 2711 cx
1113 2667 1169 2711 no·

1 2737 3 2820 {
47 2750 514 2836 bisadpresentiamrestram,
525 2752 765 2836 uecapparruit
751 2752 939 2836 tuobispro
956 2754 1083 2820 meliori
1099 2775 1171 2820 exe·

1 2846 2 2932 J
48 2861 163 2927 cutione
181 2861 417 2945 premissorum
432 2879 528 2943 posse
543 2859 698 2926 habiliter
724 2861 821 2925 aliter
846 2863 1055 2944 pertransire.
1084 2859 1170 2929 Oon·

47 2973 127 3033 tenta
142 2990 221 3034 uero
237 2970 272 3033 in
287 2968 445 3034 mandato
462 2965 579 3035 Vestro
604 2968 846 3035 Dominationis
877 2969 996 3034 nobis
987 2971 1169 3055 inscriptis

1 3052 2 3162 l
47 3085 214 3160 apportato
231 3097 290 3160 per
306 3075 545 3176 melNicolaum
565 3075 763 3141 Mauroceno
767 3096 848 3159 ‚per
864 3097 958 3160 posse
983 3077 1170 3144 curabimus

46 3183 172 3268 adimple
179 3204 215 3250 re
229 3210 236 3266 ;
253 3184 312 3250 sed
327 3183 531 3250 notificamus
557 3183 711 3248 Dominio
726 3180 855 3266 Vestro,
872 3183 1099 3250 difficillimum
1116 3208 1170 3252 no·

1 3333 3 3353 .
45 3277 90 3355 lis
104 3293 243 3374 ridetur,
260 3291 303 3357 ab
319 3295 366 3357 eis
381 3291 506 3374 aliquid
522 3291 662 3376 amplius
679 3291 850 3356 extrahere
875 3312 987 3375 posse3
1012 3292 1077 3357 imo
1104 3281 1170 3359 om·

1 3399 2 3404 ’
46 3401 112 3464 nino
127 3401 239 3466 volent
256 3421 277 3464 a
292 3401 383 3466 nobis
399 3421 496 3484 super
513 3399 668 3482 expositis
692 3420 752 3482 per
768 3421 821 3467 eos
847 3405 993 3465 nostram
1019 3401 1170 3467 intentio·

1 3495 2 3557 i
46 3527 110 3572 nem
124 3510 257 3594 habere,
272 3516 305 3574 et
319 3509 382 3574 hoc
397 3509 492 3576 nohis
507 3509 632 3593 pluries
649 3509 808 3574 dixerunt.
826 3507 858 3573 N
860 3529 897 3574 ec
914 3517 963 3575 est
973 3509 1168 3590 mirandum,

47 3619 115 3698 quia
129 3620 243 3685 vident
258 3641 292 3683 se
310 3617 352 3684 ad
368 3618 468 3684 talem
483 3619 643 3703 partitum
658 3618 833 3698 nobiscum,
853 3619 941 3702 quod
957 3619 1079 3684 habent
1095 3640 1169 3685 cau·

1 3745 2 3760 *
46 3744 108 3792 sam
122 3727 314 3811 inquirendi
340 3751 360 3792 a
376 3728 480 3811 nobis,
504 3727 583 3812 quid
609 3727 656 3792 eis
679 3725 789 3792 facere
815 3725 961 3792 volumus
981 3734 1014 3792 et
1029 3725 1170 3793 intendi·

1 3847 2 3868 ³
46 3854 118 3900 mus.
133 3835 186 3902 De
202 3859 295 3902 more
312 3837 395 3901 enirn
412 3843 461 3900 est
477 3857 596 3916 eorum,
613 3835 718 3919 quiin
735 3836 863 3920 guerris
874 3838 1065 3918 avantagati
1083 3843 1167 3919 sunt,

46 3945 204 4026 requirere
221 3968 242 4011 a
257 3953 351 4029 parte
368 3966 427 4010 sua
442 3945 587 4025 adversa,
604 3943 682 4026 quid
700 3964 779 4028 erga
810 3965 864 4009 eos
883 3943 990 4008 facere
1008 3946 1121 4010 volunt
1137 3952 1170 4010 et

45 4049 228 4133 intendunt;
245 4051 385 4117 maxime
402 4053 479 4135 quia
489 4051 551 4136 ipsi
567 4050 795 4134 elargaverunt
811 4072 846 4116 se
865 4051 966 4133 nobis,
982 4057 1015 4116 et
1031 4072 1090 4117 nos
1107 4053 1169 4117 nisi

1 4177 3 4222 ι
45 4159 74 4222 in
87 4159 173 4226 facto
189 4160 423 4244 recognitionis
435 4159 589 4245 Dominij,
606 4181 668 4244 quc
689 4159 820 4242 quidem
830 4160 992 4242 elargatio
1009 4161 1165 4242 cognitio-

1 4257 2 4328 ἶ
46 4266 91 4330 nis
105 4268 279 4350 predicte
270 4291 304 4333 ιιι
319 4270 467 4334 terminis
484 4267 602 4350 quibus
632 4287 803 4349 eramus,e
805 4273 893 4352 tper
910 4266 1048 4348 modum,
1064 4289 1127 4352 quo
1144 4289 1165 4332 a

45 4375 380 4459 principiofactafuit
383 4375 659 4457 ,nedumfuitut
645 4375 721 4456 tilis,
738 4375 796 4440 sed
821 4376 1004 4440 necessaria
1033 4374 1076 4440 ad
1093 4397 1167 4441 con-

1 4486 2 4538 ]
46 4483 255 4549 servationem
281 4490 438 4566 vestram,
464 4506 523 4568 per
548 4484 652 4567 ipsam
684 4484 768 4548 enim
794 4484 1031 4565 elargationem
1060 4504 1166 4550 cessa·

4 4647 7 4650 .
45 4597 116 4655 runt
132 4594 275 4677 experiri
293 4613 407 4659 eorum
422 4593 635 4659 intentionem
652 4592 739 4660 circa
758 4598 916 4659 srecatum
933 4591 1044 4660 Sancti
1072 4591 1172 4664 Nico·
