3182 5252
1356 25 1569 150 *q

439 392 504 451 498
793 407 1024 452 nieutonaomuu
1041 397 1207 454 auritulus.

439 567 566 650 possint
582 569 630 631 iro
646 566 805 633 Rectores
821 569 853 632 in
879 569 991 651 aliqua
1017 577 1106 633 terro
1134 591 1196 632 non
1222 568 1368 633 subiecta
1392 567 1542 637 Communi

443 675 670 756 Venetiarum3
695 677 728 740 in
744 698 809 758 qua
824 684 916 760 parte
932 679 1033 742 etiam
1049 677 1240 755 continetur,
1265 675 1353 760 quod
1368 677 1455 742 dicta
1468 679 1542 742 strio

438 791 513 850 tura
529 806 592 850 non
609 806 644 850 se
660 785 813 850 extendat
829 785 871 850 ad
896 791 1003 851 terras
1027 785 1078 851 uel
1102 788 1174 852 loca
1199 786 1238 850 de
1263 793 1359 851 extra
1382 785 1542 870 Culphum;

437 894 529 960 uadit
543 915 622 978 pars
638 895 672 958 in
686 894 818 959 modum
834 894 1073 978 declarationis,
1098 895 1255 960 servando
1282 896 1315 958 in
1331 894 1392 960 hoo
1407 895 1495 974 facto,
1507 896 1541 959 si·

439 1009 494 1066 cut
510 1001 591 1067 alias
608 1007 770 1070 servatum
786 1000 846 1066 luit
863 1003 896 1067 in
913 1001 1074 1068 similibus
1092 1003 1227 1088 casibus
1244 1003 1272 1068 si
1286 1003 1447 1068 videbitur
1460 1003 1542 1080 vebia

441 1110 529 1192 quod
546 1111 610 1174 ista
626 1109 750 1192 electio,
766 1130 864 1191 quam
879 1109 957 1175 lecit
972 1110 1121 1177 dominus
1145 1109 1217 1175 Rex
1241 1109 1349 1174 Raxie
1364 1110 1397 1175 in
1423 1129 1541 1194 persona

399 1235 403 1250 ·
437 1219 515 1283 dicti
532 1239 584 1282 ser
599 1217 730 1298 Nicolai
757 1217 876 1284 Baseio
901 1240 961 1302 pro
986 1238 1044 1284 suo
1070 1216 1255 1298 Admirato‚
1282 1217 1448 1282 subiaceat
1471 1216 1539 1280 dicte

438 1326 592 1390 stricture
607 1323 658 1389 vel
673 1346 745 1390 non.
770 1323 866 1409 Quod
882 1325 984 1409 possit
998 1324 1054 1390 ire.

439 1435 475 1494 (A
486 1433 622 1483 uelenczei
632 1447 705 1498 nagy
715 1435 810 1484 tantos
817 1433 1085 1499 jegyzoktlnyvebttl‚
1096 1449 1113 1483 a
1124 1433 1261 1484 velenczei
1274 1449 1350 1498 nagy
1365 1434 1537 1492 levtltrtrbant

920 1597 986 1605 4....-
998 1597 1077 1604 ..w—

438 1885 581 1952 Toartlro
610 1883 661 1950 ΙΙ.
685 1885 802 1950 Iatuo'a
824 1885 957 1951 Szerbt'a
984 1887 1017 1950 e's
1042 1885 1183 1949 Boaznia
1209 1883 1343 1972 kirrilya
1369 1908 1425 1972 epp
1446 1883 1537 1970 palput

665 2015 732 2058 veoz
748 2019 769 2057 a
785 1994 939 2058 velenczei
955 1993 1218 2080 lctlztaraaadptail.
1237 1997 1331 2058 1383.

544 2156 642 2221 anno
660 2152 998 2220 mooouxxxm.
1014 2153 1190 2219 intusne
1208 2122 1377 2235 sextano
1404 2150 1534 2221 xxuu

435 2266 555 2329 mensis
571 2266 697 2331 Martii.
723 2261 889 2347 Capta:
907 2261 989 2328 (lum
1015 2261 1245 2330 Seuerissimus
1261 2270 1295 2328 et
1319 2261 1534 2328 Excellentissi-

436 2396 506 2438 mus
523 2373 671 2438 dominus
688 2372 761 2436 Rex
777 2371 905 2450 Rascie‚
931 2372 988 2453 qui
1004 2377 1055 2435 est
1071 2372 1148 2435 civis
1173 2377 1292 2453 noster,
1318 2393 1390 2435 cum
1415 2369 1531 2435 maxim

436 2482 597 2547 instancia
613 2479 727 2544 lecerit
743 2501 802 2544 nos
818 2481 928 2562 rogari
946 2485 978 2543 et
994 2501 1014 2543 a
1029 2479 1122 2545 nobis
1140 2480 1263 2563 requiri
1279 2501 1339 2563 per
1364 2481 1445 2544 viam
1467 2495 1531 2556 emp
1568 2481 1569 2520 3

435 2592 533 2655 tionis
550 2588 764 2674 pernobilem
783 2588 886 2652 virum
902 2608 954 2651 ser
970 2587 1141 2652 Nicolaum
1157 2587 1276 2653 Baseio
1292 2588 1394 2652 civem
1409 2595 1528 2651 nostrum

436 2721 531 2764 unam
549 2700 675 2783 galeam
694 2696 820 2762 sotilem
837 2719 909 2760 oum
929 2697 1072 2760 corredis
1088 2705 1120 2760 et
1144 2699 1280 2762 arnesiis
1307 2697 1382 2776 suis,
1407 2689 1529 2760 soluendo

435 2807 528 2871 nobis
547 2807 655 2871 statim
682 2805 818 2887 pretium
846 2811 878 2867 et
903 2805 1141 2868 estimationem
1166 2805 1259 2888 galee
1284 2805 1442 2887 predicte3
1464 2796 1528 2864 uadit

435 2935 519 2998 pars,
530 2935 590 2998 pro
601 2911 872 2995 contemplatione
883 2918 915 2976 et
925 2933 1035 2976 amore
1046 2911 1109 2978 Sue
1119 2913 1224 2994 Regis
1236 2913 1429 2996 Maiestatis,
1435 2916 1464 2976 et
1472 2904 1529 2988 quia

436 3031 485 3088 est
501 3025 576 3112 ciuis
592 3028 714 3105 noster,
729 3019 817 3104 quod
834 3021 1076 3103 complaceatur
1087 3021 1148 3086 sibi
1158 3021 1198 3085 de
1209 3021 1297 3086 dicto
1315 3041 1445 3105 corpore
1459 3015 1528 3099 galee

435 3155 505 3196 curn
524 3133 589 3196 suis
606 3131 749 3194 corrodis
765 3135 798 3192 et
825 3129 970 3211 amosiis
997 3132 1080 3195 sicut
1096 3131 1244 3212 requirit,
1270 3128 1420 3195 soluendo
1443 3123 1527 3191 statim
1561 3141 1562 3206 j

435 3242 587 3325 precium,
602 3246 639 3304 ut
656 3239 779 3304 dictum
797 3246 857 3318 est,
878 3239 1054 3302 secundum
1066 3237 1196 3302 ordines
1205 3245 1345 3302 nostros.
1362 3237 1406 3301 Et
1421 3247 1524 3299 cunum
1560 3293 1561 3300 ,

435 3350 477 3411 sit
493 3355 632 3430 captum,
649 3345 736 3429 qnod
753 3345 848 3411 detur
863 3347 892 3410 ei
908 3337 1523 3428 unusfa10011us,quemuabuitserutar-

434 3479 490 3521 cus
506 3454 703 3539 Pasqualigo
719 3452 955 3538 supraoomitus
966 3462 1075 3520 noster
1085 3477 1183 3538 super
1194 3456 1324 3537 reperia
1333 3455 1359 3520 J
1360 3475 1436 3518 anne
1445 3447 1524 3533 prim

434 3567 501 3629 vice
518 3585 591 3627 cum
607 3585 657 3627 ser
674 3561 802 3628 Karolo
819 3563 928 3638 Zeno;
944 3569 978 3628 et
993 3563 1123 3646 patroni
1134 3563 1237 3628 nostri
1251 3557 1523 3628 Arsenatusdiauut

435 3680 467 3736 ct
483 3673 630 3752 laudant,
646 3670 708 3734 hoc
725 3672 925 3737 essebonum
941 3672 1044 3736 nostri
1061 3670 1259 3737 Communis.

500 3783 534 3842 (Α
552 3782 660 3830 »murti«
676 3780 765 3828 czimu'l
778 3780 916 3828 velenozei
931 3779 1158 3842 altamkonyvbol
1173 3777 1334 3830 XXXVIII.
1348 3779 1400 3827 tuot
1415 3780 1448 3824 18.
1460 3771 1484 3826 l.)

919 3941 970 3950 --—
995 3943 1008 3948 -.
1027 3941 1076 3948 ...-

962 4051 1036 4114 267.

435 4213 505 4278 III.
523 4217 651 4302 Ko'roly
668 4215 795 4286 sicilici
811 4213 991 4298 kirdlyaolr
1011 4214 1198 4298 odomdnyo
1215 4239 1236 4278 o
1254 4189 1518 4300 Mapyarorauqtl

648 4325 712 4386 vale
720 4324 785 4408 jo'tt
800 4325 898 4388 Saites
916 4323 1044 4411 Miluo'ly
1060 4327 1221 4388 ezcintriro.
1247 4325 1341 4388 1383.

542 4483 686 4550 Karolus
704 4482 836 4548 Tertius
853 4479 916 4546 Dei
933 4485 1040 4564 gratia
1057 4493 1116 4548 otc.
1138 4483 1301 4549 uniuersis
1316 4496 1431 4567 presens
1444 4464 1516 4579 priui-

435 4579 550 4668 legium
579 4593 770 4674 inspecturis
796 4599 863 4657 tarn
893 4592 1098 4672 presentibus
1115 4613 1212 4674 quam
1241 4591 1365 4657 futuris.
1380 4577 1514 4652 indiscreti
