3248 5242
740 455 974 500 orenounczmr
991 439 1160 500 suntuna.

914 745 988 821 451,

387 901 417 967 A
431 905 578 968 calcitrant
593 905 936 990 kar-rodnptcncieanob
952 907 1224 992 enqede'lpe,bopy
1238 906 1387 990 bizoayos
1402 904 1520 982 (loreis-

388 1014 434 1076 czi
459 1012 769 1098 iparkdszitma‘nyeb
801 1013 976 1099 Zsiqmond
1001 1013 1115 1099 kirdly
1140 1017 1291 1078 szdmdra
1317 1037 1338 1078 a
1362 1012 1521 1076 celenensi

448 1119 601 1184 terttletea
617 1121 773 1184 bereszttil
789 1122 1086 1207 Mapyarorrquba
1103 1121 1347 1185 vittetbeasenek.
1370 1121 1464 1184 1393.

497 1277 596 1344 Anno
621 1277 980 1346 MCOOLXXXXII.
1005 1279 1058 1347 die
1092 1281 1191 1347 tertio
1225 1279 1391 1346 Januarii.
1416 1279 1525 1364 Cap·

389 1393 433 1452 ta
450 1412 456 1452 :
474 1385 572 1470 Quod
588 1389 829 1470 complaceatur
846 1387 1057 1454 Serenissimo
1074 1389 1206 1455 domino
1232 1387 1316 1472 Regi
1343 1388 1525 1470 Hungarie

390 1494 564 1559 secundum
580 1493 785 1560 amicabilem
802 1496 1043 1580 requisitionem
1058 1517 1159 1577 suam,
1176 1496 1263 1580 quod
1279 1497 1348 1562 eius
1375 1495 1526 1560 Nuntius

390 1602 492 1686 possit
501 1600 609 1668 facere
619 1604 792 1669 transitum
801 1625 860 1686 per
868 1602 1024 1672 Venetiae
1041 1625 1115 1669 cum
1131 1603 1295 1688 aliquibus
1311 1603 1429 1687 pannis
1445 1603 1524 1668 lane

391 1717 424 1775 et
441 1711 534 1776 seriei
552 1712 688 1792 aureati,
703 1731 784 1794 quos
796 1712 940 1778 laborari
950 1709 1027 1778 fecit
1037 1713 1071 1776 in
1081 1711 1223 1777 Ciuitate
1233 1712 1409 1792 Florentio,
1420 1712 1526 1796 ipsos·

390 1818 632 1900 queeouduoere
643 1820 685 1884 ad
695 1827 807 1903 partes
825 1819 996 1904 Hungarie
1012 1842 1068 1904 per
1083 1820 1155 1886 loca
1165 1825 1280 1886 nostra
1289 1821 1393 1886 libere
1403 1829 1436 1885 et
1448 1821 1520 1886 sine

390 1926 631 2010 impedimento,
648 1929 826 1994 constando
852 1935 963 1994 tamen
986 1926 1191 1996 Officialibus
1217 1929 1344 2010 nostris¹
1370 1928 1455 2012 quod
1472 1927 1526 1995 illi

392 2033 492 2119 panni
509 2035 576 2100 sint
592 2034 748 2135 prelibati
765 2037 888 2102 domini
905 2035 1014 2120 Regis.

467 2179 503 2241 (A
515 2179 622 2230 »Muti«
638 2181 729 2231 czimti
742 2182 879 2232 velenczei
892 2182 1074 2247 allamkiinyv
1086 2183 1173 2234 XLII.
1190 2181 1334 2235 kotetebol
1351 2187 1409 2232 114.
1421 2183 1449 2242 l.)

880 2345 1040 2356 u--...-—--

396 2631 426 2695 A
443 2633 594 2696 valenczei
609 2632 888 2719 kdztdrocodqnok
904 2633 1124 2712 intc'alredc'sci²
1139 2636 1219 2720 boqp
1237 2633 1331 2698 Tro-a
1348 2632 1529 2698 dalmatiai

394 2741 554 2805 odroaban
579 2765 600 2804 a
626 2741 727 2805 litore
753 2741 1055 2827 ellensc'qeckedtselr
1072 2741 1393 2826 kiapyenlittessenek.
1428 2740 1528 2804 1393.

504 2897 604 2966 Anno
621 2896 984 2967 MCCOLXXXXII.
1002 2901 1053 2966 die
1078 2898 1143 2964 III.
1168 2901 1335 2967 Januarii.
1353 2897 1501 2983 Capta
1519 2926 1526 2964 :

396 3007 481 3074 Oum
497 3008 581 3073 sicut
595 3014 706 3096 notum
724 3014 782 3091 est,
798 3007 831 3072 in
848 3015 995 3092 tempore
1021 3030 1124 3091 nuper
1149 3007 1262 3091 elapso
1289 3008 1468 3074 occurrerit
1494 3009 1531 3072 in

398 3113 540 3181 Ciuitate
558 3115 713 3197 Tragurii
729 3122 762 3180 et
778 3123 853 3180 orta
870 3118 912 3181 sit
928 3117 1070 3182 maxima
1086 3115 1270 3181 differentia
1286 3117 1372 3180 inter
1388 3117 1484 3196 cisae,
1497 3124 1531 3183 et

399 3223 585 3308 specialiter
601 3223 687 3288 inter
696 3231 824 3308 partem
841 3223 881 3288 de
891 3224 1063 3289 Michaciis
1080 3229 1113 3288 et
1129 3223 1228 3290 aliam
1243 3230 1378 3309 portem,
1388 3231 1531 3307 sequuta

399 3334 441 3397 sit
456 3353 575 3414 magna
591 3332 714 3412 divisio,
730 3338 763 3396 et
780 3331 871 3396 dicta
896 3329 1122 3399 Communitas
1140 3332 1261 3401 abono
1278 3339 1425 3416 tempore
1440 3335 1530 3400 citra

399 3439 496 3505 fuerit
512 3445 545 3503 et
562 3440 604 3504 sit
620 3437 756 3503 multum
773 3439 954 3505 amicabilis
980 3447 1013 3506 et
1039 3439 1159 3505 deuota
1183 3440 1287 3505 nostri
1313 3439 1468 3523 Dominii,
1486 3443 1532 3508 ad

400 3547 492 3630 cujus
507 3547 700 3612 instantiam
716 3553 749 3612 et
765 3548 1010 3631 requisitionem
1026 3549 1245 3614 commisimus
1260 3549 1361 3614 nobili
1387 3551 1458 3615 viro
1481 3573 1533 3617 ser

401 3653 565 3720 saraceno
581 3655 736 3722 Dandulo
753 3657 934 3740 Carpitanae
958 3662 1071 3722 nostro
1099 3655 1195 3736 Culfi,
1221 3657 1308 3738 quod
1333 3659 1362 3722 si
1387 3655 1432 3722 ad
1456 3657 1532 3723 illas

401 3768 512 3845 partes
529 3761 683 3846 'l'ragurii
700 3764 888 3846 declinaret,
899 3770 1092 3847 procuraret
1101 3763 1308 3848 interponere
1318 3786 1353 3831 se
1365 3763 1410 3830 ad
1419 3787 1534 3848 pacem
1613 3809 1621 3818 -

401 3875 435 3935 et
451 3871 657 3936 concordium
674 3873 759 3936 inter
775 3878 904 3955 partes3
928 3870 1017 3937 etde
1034 3871 1094 3936 hoo
1119 3878 1273 3955 rogatum
1299 3871 1361 3937 fuit
1387 3880 1534 3938 nostrum

402 3978 588 4044 Dominium
605 4001 663 4062 per
679 3980 854 4062 quemdam
869 3979 1088 4045 venerabilem
1113 3978 1250 4054 fratrem
1267 3976 1404 4046 Ordinis
1430 3980 1534 4047 Mino

402 4107 483 4167 rum,
516 4083 774 4152 Ambaxatorem
803 4087 889 4153 dicte
914 4086 1179 4154 Communitatis.
1205 4088 1253 4153 Et
1277 4089 1368 4154 ultra
1391 4087 1455 4153 boc
1481 4109 1535 4172 per

405 4191 582 4259 Notarium
607 4202 720 4260 nostre
746 4194 844 4262 Curie
869 4198 1001 4261 missurn
1028 4195 1070 4262 ad
1097 4195 1217 4260 dictam
1255 4193 1534 4262 Oommunitatem

405 4300 498 4366 nobis
514 4302 654 4366 relatum
669 4302 731 4367 fuit
747 4326 786 4368 ex
802 4312 895 4388 parte
914 4324 981 4384 sua,
997 4303 1085 4387 quod
1102 4304 1164 4386 ipsi
1190 4303 1373 4385 Tragurini
1399 4305 1534 4370 multum

406 4407 680 4475 contentabantur
696 4418 729 4476 et
745 4413 918 4495 rogabant,
935 4419 972 4478 ut
987 4415 1267 4495 interponeremus
1285 4433 1346 4477 uos
1363 4413 1408 4479 ad
1424 4414 1534 4479 sedan·

407 4512 484 4578 dum
500 4536 626 4581 errores
652 4523 686 4582 et
710 4516 883 4584 divisiones
910 4520 1084 4603 predictas
1102 4542 1174 4585 curu
1200 4527 1309 4586 essent
1334 4521 1431 4586 multi
1456 4522 1534 4587 bene

408 4623 552 4686 contenti
569 4623 607 4689 de
624 4627 711 4690 omni
728 4649 774 4708 eo,
800 4627 888 4710 quod
912 4628 1093 4696 faceremus
1119 4629 1152 4694 in
1178 4625 1276 4694 factis
1301 4629 1480 4712 predictis;
1504 4633 1534 4694 et
