3210 5252
764 442 767 450 ι
799 365 1032 440 prunoumzmr
1050 377 1221 439 curense.

970 704 1041 765 lot.

445 859 472 923 Α,
482 861 638 948 florenczi
654 862 934 947 koztdrscsciynnb
951 863 1069 927 bovetei
1091 861 1115 924 I.
1136 865 1233 948 Lcjos
1249 886 1389 949 propper
1403 865 1435 928 e'e
1450 862 1555 948 lenqpel

859 970 1041 1054 lsirdlpmil.
1068 974 1162 1037 1370:

550 1131 634 1212 Regi
651 1131 832 1212 Hungario.

550 1237 762 1306 serenissime
780 1241 879 1319 atque
906 1238 1112 1303 invictissime
1133 1241 1303 1323 Princeps.
1319 1242 1404 1306 Ecce
1420 1240 1460 1305 nd
1476 1239 1557 1305 Sere·

442 1347 555 1410 nitetis
573 1346 692 1412 Vestre
709 1347 909 1428 presentiam
926 1367 997 1412 cum
1014 1348 1220 1430 presentibus
1237 1349 1435 1414 destinamus
1446 1349 1556 1431 sopien-

442 1455 603 1524 tissimum
621 1454 725 1518 virum
740 1476 777 1518 sc
794 1452 970 1519 Sacrorum
987 1455 1112 1538 Legum
1129 1456 1305 1522 Dentonem
1321 1457 1497 1539 Egregium
1511 1453 1557 1519 do-

442 1560 563 1632 minnm
588 1560 712 1626 Benem
739 1562 867 1641 Jacobi,
893 1569 924 1627 et
951 1563 1090 1631 nobilem
1109 1565 1213 1628 virum
1231 1562 1398 1631 Simonem
1412 1561 1555 1648 Reynerij

443 1669 483 1734 tle
499 1667 635 1736 Peruzis
662 1669 889 1736 dilectissimos
916 1672 1003 1736 ciues
1020 1679 1156 1754 nostros,
1173 1673 1365 1756 Legationis
1380 1669 1483 1737 officio
1497 1691 1558 1754 per·

443 1778 620 1845 functurus.
647 1774 774 1860 Quibus
800 1785 956 1862 tanquam
983 1779 1076 1844 nobis
1102 1781 1253 1863 dignetur
1286 1779 1409 1848 Vestra
1431 1780 1559 1862 benignu

445 1885 640 1956 Sublimitas
655 1886 689 1950 in
706 1887 831 1951 cunctis
848 1886 946 1955 fidem
962 1887 1181 1972 plenissimum
1199 1889 1365 1956 adhibere.
1393 1889 1479 1954 Data
1496 1885 1558 1950 Flo·

443 1994 544 2059 rcntie
562 1995 613 2057 dio
632 1992 773 2062 XXIX.
790 1995 908 2058 mensis
926 1994 1055 2078 Aprilis
1073 1993 1368 2062 MCCtlLXXVL

443 2138 566 2200 (Ererleti
579 2139 793 2204 t'ogelmszveuy
808 2155 824 2187 o
839 2141 975 2204 »Signori
990 2141 1144 2204 Gerteggie‚
1159 2141 1286 2191 mimive«
1299 2142 1351 2194 stb.
1364 2143 1451 2194 czimtt
1465 2139 1558 2200 metim

801 2230 888 2286 xvll.
904 2229 1058 2295 kbtegbben
1072 2237 1112 2286 21.
1128 2247 1164 2282 εκ.
1179 2236 1214 2293 a.)

976 2634 1048 2694 108.

446 2791 468 2854 I.
486 2793 587 2877 Lajos
612 2814 751 2878 rnuppor
767 2794 799 2855 cs
815 2793 937 2878 lenpyel
963 2792 1145 2874 kirctlpnclr
1162 2815 1182 2854 o
1191 2791 1347 2877 jloronczi
1363 2791 1560 2872 kezrmemrip

556 2931 559 2940 ·
610 2898 761 2962 Τνίποίαἰ
780 2899 914 2963 Tribola
932 2901 962 2963 e's
981 2899 1119 2963 Kouretcl
1136 2901 1287 2985 spptten.
1315 2899 1412 2963 1376.

550 3059 636 3140 Regi
654 3058 833 3141 Hungarie.

552 3166 763 3232 Serenissime
789 3172 887 3250 atque
913 3168 1123 3232 invictissime
1140 3167 1306 3252 Princeps.
1328 3167 1476 3232 Litteras
1492 3164 1564 3232 Sub

442 3256 593 3343 limitetis
620 3273 737 3342 Vestre
762 3277 945 3341 reverentia
971 3276 1082 3340 debite
1107 3297 1211 3360 nuper
1238 3277 1429 3360 accepimus,
1457 3273 1564 3357 quibus

443 3383 607 3450 devotioni,
630 3391 742 3448 nostre
766 3383 979 3466 Magnificum
1006 3383 1147 3449 Militem
1175 3383 1341 3448 dominum
1364 3381 1528 3447 Trineiem
1538 3383 1565 3442 et

444 3491 626 3558 Corradum
653 3491 693 3555 de
720 3491 870 3572 Trinciis,
896 3491 1054 3556 Dominus
1072 3491 1227 3557 Ciuitatis
1253 3490 1409 3573 Fulginei
1425 3489 1566 3555 atl'ectno-
1595 3483 1598 3488 ’

445 3600 568 3664 sissime
593 3601 836 3665 contruendatis.
862 3601 909 3665 m
936 3603 1083 3683 quamvis
1115 3601 1155 3664 ab
1182 3602 1227 3665 eis
1253 3599 1456 3665 imminentia
1480 3597 1566 3681 plum

443 3709 589 3792 pericula
615 3711 857 3793 remouerimns,
883 3717 915 3774 et
941 3711 1029 3792 ipsos
1047 3711 1171 3774 sincere
1189 3709 1371 3774 dilectionis
1388 3707 1513 3771 uinculo
1529 3703 1567 3768 fo·

443 3839 591 3883 veamus:
615 3824 734 3898 tomen,
752 3817 792 3882 ob
810 3819 1026 3904 reuerentiam
1052 3815 1171 3884 Vestre
1189 3815 1403 3882 Serenissime
1420 3814 1567 3881 Maiesta-

443 3925 486 3989 tis
502 3926 589 4008 ipsos
616 3923 814 3990 intendimus
841 3904 926 3990 inter
942 3926 1110 4009 precipuos
1138 3925 1258 3988 amicos
1277 3929 1408 3988 nostros
1425 3924 1568 3989 continue

444 4053 623 4113 numerare,
634 4055 752 4115 eosque
769 4035 921 4117 prosequi
937 4033 1105 4098 fauoribus
1122 4034 1297 4116 oportunis.
1314 4031 1505 4114 Eupropter
1520 4029 1570 4093 dn·

446 4139 521 4204 [lum
546 4147 579 4204 et
606 4140 735 4223 pluries⁷
757 4141 844 4224 quod
870 4147 903 4206 in
928 4150 1074 4207 nostram
1100 4144 1292 4206 societatem
1309 4149 1339 4204 et
1357 4140 1449 4204 t'erlus
1468 4140 1568 4203 venire

445 4247 609 4340 deberent,
626 4255 658 4311 vt
675 4255 793 4313 cuncta
810 4257 943 4332 possent
969 4249 1115 4333 pericula
1141 4250 1295 4332 deuitare,
1313 4251 1400 4332 ipsos
1428 4249 1569 4313 [luximns

445 4357 672 4437 requirendos;
699 4359 793 4420 etsie
818 4379 927 4423 sumus
953 4358 1062 4441 parati
1088 4359 1232 4440 reciperi,
1259 4357 1389 4439 quando
1409 4357 1569 4423 nobiscnm

447 4461 649 4529 decreuerint
674 4465 830 4550 colligari,
857 4473 893 4529 nt
919 4489 972 4530 eos
999 4467 1117 4531 nedum
1144 4467 1274 4547 nostris,
1301 4465 1358 4529 sed
1383 4466 1487 4530 totius
1513 4464 1570 4545 lige

447 4575 555 4641 nostre
583 4571 703 4638 viribus
730 4573 901 4639 defendere
929 4576 1099 4639 valea-rmus.
1133 4575 1187 4638 Ad
1204 4575 1290 4658 qnod
1307 4573 1492 4640 taciemlnm
1510 4575 1571 4652 (lig-
