3182 5252
567 375 661 459 isal.
1116 369 1178 459 ias

35 559 221 654 Hungario
238 593 334 654 super
363 570 450 636 l'ucto
475 573 629 652 rannnis3
654 573 791 656 predicti
818 572 1001 657 provisores
1018 579 1177 640 tractave-

37 685 124 744 runt
141 685 214 744 oum
242 703 279 744 co
307 679 459 744 Jolranne
486 680 662 745 secundnm
689 681 918 745 conventiones
944 681 1178 764 infrascriptos²

36 808 107 870 que
124 785 257 869 quidem
282 787 509 854 conventiones
535 786 663 852 fuerunt
691 788 871 871 approbate
887 809 945 871 ρει
960 788 1050 853 istud
1068 786 1180 853 Consi·
1207 785 1211 792 '

37 895 124 960 lium
142 894 293 959 videlicet
312 919 317 959 :
335 895 471 960 Primo:

155 1003 326 1068 Promittit
343 1003 447 1068 dictus
464 1025 515 1068 ser
531 1001 699 1069 Jolrannes
716 1005 844 1086 nornine
862 1025 926 1087 quo
944 1027 1043 1088 supra
1060 1005 1100 1070 dc
1115 1027 1178 1070 non

37 1111 212 1192 navigare,
229 1132 289 1175 noo
306 1111 454 1195 navigari
480 1110 596 1194 facero,
612 1133 671 1177 neo
691 1112 838 1194 vendere,
862 1133 923 1178 noo
949 1113 1042 1178 vendi
1069 1112 1179 1179 iacere

37 1238 108 1301 pro
120 1217 216 1282 sevel
233 1217 306 1281 aliis
323 1217 446 1301 aliquid
464 1217 504 1282 de
520 1218 616 1284 dictis
632 1218 811 1284 ramiuibus
827 1225 895 1284 tam
912 1218 1065 1301 affluatis,
1081 1241 1179 1302 quam

35 1345 110 1390 non
122 1323 278 1408 altinatis,
288 1326 377 1391 salvo
394 1347 492 1410 quam
509 1347 568 1411 pro
585 1327 747 1411 portando
764 1327 954 1393 Flandriam
971 1349 1028 1411 per
1043 1334 1178 1393 terram.
1306 1413 1307 1418 ἵ

154 1431 201 1497 Et
216 1432 304 1516 quod
318 1439 424 1498 totum
441 1433 524 1498 illud
541 1455 678 1515 ramum,
695 1434 783 1516 quod
795 1436 969 1500 extrahent
981 1456 1037 1499 ssu
1049 1435 1178 1500 extrahi

35 1541 191 1606 lacerent
207 1539 247 1607 de
263 1539 359 1605 dictis
385 1543 580 1625 montaneis,
595 1548 654 1606 aut
670 1549 778 1607 ament
795 1564 850 1610 seu
867 1543 929 1607 emi
946 1543 1076 1626 facient,
1092 1542 1179 1607 ultra

36 1649 86 1728 id,
106 1646 197 1730 quod
214 1647 372 1714 vendetur
397 1670 455 1733 pro
471 1649 633 1733 portando
651 1649 683 1713 in
701 1648 904 1732 Flandriam,
922 1656 959 1715 ut
975 1649 1098 1715 dictum
1118 1656 1178 1729 est;

34 1755 183 1822 conduci
211 1755 307 1821 faciet
332 1755 501 1824 Venetias
527 1755 650 1822 Verum
677 1757 847 1823 conductis
879 1758 1057 1824 raminibus
1074 1759 1179 1826 Vane-

35 1865 111 1929 tias
127 1863 171 1929 sit
187 1863 220 1928 in
236 1862 390 1929 libertate
407 1885 518 1932 eorum
543 1863 683 1932 faciendi
700 1865 739 1929 do
756 1864 822 1930 illis
839 1865 920 1931 velle
938 1887 1048 1947 suum;
1072 1863 1181 1930 videli-

36 1977 96 2038 oet
115 1970 206 2053 quod
221 1973 348 2055 possint
359 1972 566 2038 illavendero
582 1973 635 2039 hio
648 1972 808 2054 Venetiis,
825 1983 859 2038 et
874 1994 995 2056 ponere
1011 1975 1045 2037 in
1060 1979 1178 2056 gotum.

155 2077 317 2144 Preterea
333 2079 420 2163 qnod
436 2078 558 2146 facient
574 2080 702 2146 atfinari
724 2101 822 2164 quam
839 2082 946 2146 minus
963 2082 1070 2147 lacera
1086 2085 1175 2163 pote-

36 2188 169 2254 runtin
188 2186 382 2270 Hungaria;
397 2187 444 2251 ita
461 2193 570 2252 tamen
583 2188 669 2272 quod
681 2188 763 2254 illud
785 2190 870 2273 quod
893 2189 1091 2270 alfinabitur,
1111 2209 1175 2253 non

38 2294 153 2381 possit
169 2295 311 2359 transire
327 2293 481 2360 milliaria
497 2291 553 2360 OC
570 2295 604 2358 in
621 2294 761 2361 ducenta
776 2297 1016 2380 quinqua-ginta
1031 2298 1066 2361 in
1082 2317 1177 2362 anno.

156 2402 202 2466 lilt
218 2402 259 2466 ad
277 2402 385 2468 omnia
410 2402 562 2485 predicta
578 2424 611 2466 se
627 2403 773 2487 obligant
789 2424 809 2467 a
826 2405 886 2488 dia,
901 2427 967 2488 qua
993 2403 1177 2468 conclusum

36 2512 108 2577 erit
124 2512 159 2574 in
175 2509 249 2574 istis
266 2511 404 2593 negotiis
430 2531 531 2594 usque
559 2511 602 2576 ad
626 2511 711 2576 diem
729 2511 776 2577 X.
792 2511 975 2578 Februarii.
1003 2511 1177 2580 Verumta-

37 2619 164 2685 mensi
181 2619 310 2700 aliquid
326 2640 450 2686 ramum
467 2625 647 2685 extractum
674 2619 761 2686 infra
773 2621 898 2688 'dictum
913 2627 1041 2705 tempus
1056 2623 1096 2687 de
1114 2621 1179 2686 dic-

36 2730 86 2796 tis
105 2729 290 2793 montaneis
306 2748 371 2792 non
386 2727 571 2811 potuissent
596 2728 775 2794 conducere
792 2751 895 2813 usque
911 2751 969 2813 per
985 2736 1092 2794 totum
1108 2730 1177 2792 mil·

36 2837 195 2904 lesimum
214 2835 397 2919 pradictum
424 2836 464 2902 de
483 2833 945 2920 MOOOLXXXVI1.‚sslnd
963 2839 1090 2922 possint
1107 2859 1181 2902 con-

36 2946 165 3012 ducere
182 2941 222 3024 cle
239 2940 614 3014 MOCOLXXXVHI:
630 2967 732 3030 usquo
749 2967 806 3030 per
822 2952 926 3010 totum
943 2966 1083 3011 mensem
1101 2943 1180 3028 Sop-

36 3052 186 3119 tembris
218 3050 379 3118 millesimi
401 3052 558 3136 predicti3
584 3054 673 3118 salvo
704 3056 738 3119 in
767 3056 934 3137 premissis
963 3054 1052 3136 justo
1080 3055 1175 3136 impe·

37 3162 204 3228 ‹limento

155 3266 222 3336 Pro
237 3269 407 3353 premissis
421 3275 531 3335 autern
549 3276 581 3342 et
597 3271 767 3340 occasione
787 3271 1020 3354 premissorum
1049 3271 1174 3336 Dnoale

33 3375 238 3444 Dominium
254 3381 462 3442 contentatur
477 3383 510 3440 et
525 3378 674 3442 concedit
690 3405 696 3444 :

157 3485 204 3550 Et
230 3485 335 3568 primo
352 3509 359 3550 :
377 3483 470 3568 Quod
498 3487 538 3552 do
563 3487 713 3552 omnibns
743 3489 929 3570 raminibus,
955 3510 1016 3572 qne
1041 3487 1179 3572 predicti

40 3592 236 3662 conducent
261 3590 427 3674 Venetiae,
453 3594 537 3657 siout
562 3595 762 3676 dictumest,
782 3605 849 3660 tam
867 3595 907 3660 de
924 3597 1048 3661 ramine
1066 3597 1107 3662 ab
1123 3596 1181 3680 .R.,

39 3716 148 3787 quam
175 3700 216 3766 de
244 3699 388 3766 secunda
414 3707 520 3784 sorte3
544 3708 578 3767 et
603 3704 702 3769 etiam
729 3704 769 3768 (lc
795 3705 929 3770 affinato
956 3705 989 3768 in
1007 3705 1180 3788 Hnngaria

38 3809 255 3876 defaloentur
280 3813 314 3873 et
339 3808 487 3874 omnibns
513 3809 597 3876 libre
614 3819 736 3895 septam
755 3833 826 3878 curn
842 3813 977 3879 dimidia
993 3812 1034 3877 acl
1050 3833 1180 3894 grossos

38 3921 177 3983 tantum
194 3936 254 3999 pro
271 3914 417 3999 quolibet
433 3917 567 3982 milliari
583 3919 623 3984 de
640 3918 825 3988 alfiuatura.

157 4022 324 4104 Proterea,
348 4023 434 4108 quod
461 4027 586 4110 possint
613 4028 765 4113 navigare
783 4035 934 4112 quartum
952 4028 1112 4094 dictorum
1130 4049 1180 4095 ra-

43 4133 184 4212 minum‚
201 4135 374 4215 postquam
392 4132 530 4199 affinata
555 4145 650 4202 arunt
667 4137 699 4201 in
716 4145 791 4220 gato
811 4137 1030 4216 venetiarum,
1048 4137 1094 4202 sio
1112 4136 1180 4202 alfi-

39 4248 136 4318 nnta,
154 4261 227 4304 oum
253 4240 393 4319 navigiis
418 4247 486 4305 tam
514 4244 659 4326 armatis²
686 4265 784 4328 quam
811 4245 1179 4327 disa1·matis,cumillis

38 4347 289 4415 conditionibus
321 4355 354 4414 et
384 4347 546 4433 oneribus,
578 4351 697 4435 quibus
729 4353 885 4436 navigant
915 4360 947 4418 et
973 4354 1178 4434 navigabunt

43 4457 184 4524 Veneti.

158 4566 204 4630 Et
219 4573 393 4633 teneantur
417 4576 451 4634 et
477 4568 619 4634 debeant
638 4571 779 4654 predicti
799 4574 983 4640 investitam
1000 4569 1179 4638 conducere
