3134 5254
399 409 463 480 306
753 426 985 484 brerouacmm
1004 413 1170 484 auribnus.

396 599 607 682 temptoriurn
626 597 747 664 domini
765 598 893 682 baroli,
909 601 941 664 in
960 620 1023 682 quo
1041 599 1283 683 expectavimus
1302 599 1382 664 bene
1396 619 1447 682 per
1460 593 1505 662 ho·

397 729 452 770 ras
470 715 611 790 qaratuor
626 707 676 772 rel
693 710 792 787 einen,
815 731 875 791 per
891 709 968 792 quid
996 711 1140 792 spacium
1167 711 1325 792 temporis
1352 709 1449 774 dietus
1463 705 1507 768 do

400 816 506 878 urinus
538 814 684 879 Karalus
717 822 750 878 et
784 814 932 880 Berones
967 822 1000 879 et
1035 817 1090 900 alij
1120 815 1266 900 colligati
1295 817 1345 880 sui
1371 819 1508 879 steterunt

398 944 508 988 omnes
523 923 673 1000 insimul;
698 927 731 986 et
746 923 879 987 tandem
896 923 974 987 dieti
1004 923 1149 1006 colligati
1177 945 1289 988 omnes
1318 927 1506 998 recesserunt,

398 1030 644 1096 remanentibus
662 1031 731 1112 ipse
748 1029 878 1095 domino
895 1030 1022 1094 Karoia
1040 1037 1070 1094 et
1096 1030 1294 1096 Batonibus,
1319 1033 1364 1098 Et
1388 1029 1457 1094 dum
1470 1049 1508 1092 re·
1544 1009 1549 1020 ⁸

400 1140 566 1203 cessissent
585 1139 654 1222 ipse
672 1139 825 1202 dominus
842 1137 989 1203 Karalus
1006 1146 1039 1202 et
1064 1137 1211 1202 Barones
1227 1140 1383 1204 miserunt
1398 1159 1451 1222 pro
1465 1157 1508 1200 no

399 1248 465 1325 bis;
490 1251 521 1310 et
539 1247 649 1310 statim
667 1243 785 1310 suimus
803 1244 844 1310 ad
861 1247 1059 1330 presentiam
1077 1268 1178 1311 suam.
1196 1247 1241 1311 Et
1263 1269 1323 1330 per
1338 1246 1449 1310 dietum
1464 1245 1508 1308 do·

398 1355 518 1420 minum
537 1351 697 1418 Karalum
714 1359 793 1418 tunc
810 1354 931 1419 (lictum
950 1352 1012 1418 fuit
1028 1353 1140 1434 nobis;
1161 1355 1292 1437 quando
1308 1355 1371 1440 ipsi
1398 1353 1506 1418 fuerant

403 1483 474 1526 eum
493 1462 658 1545 eolligatis
674 1463 748 1541 suis,
772 1468 803 1526 et
830 1463 917 1545 quod
933 1463 1116 1529 habuerant
1141 1463 1339 1528 intentiones
1364 1482 1470 1538 eorum,
1483 1465 1508 1520 et

402 1571 558 1636 dederant
574 1572 621 1635 eis
638 1571 781 1653 eapitula
798 1572 829 1636 in
847 1572 979 1654 seriptis
1004 1593 1114 1636 eorum
1141 1594 1205 1655 que
1229 1578 1355 1655 petent3
1386 1566 1508 1652 et'quod

403 1681 465 1762 ipsi
481 1679 628 1744 facerent
645 1680 769 1762 copiari
788 1701 827 1744 ea
843 1679 900 1744 iilo
917 1701 1001 1760 sero,
1019 1687 1051 1745 et
1069 1680 1156 1764 quod
1173 1679 1270 1746 hodie
1287 1699 1346 1745 nos
1366 1697 1509 1763 possemus

404 1809 473 1851 esse
491 1787 532 1853 ad
549 1788 745 1871 presentiam
762 1809 863 1868 suam,
881 1794 914 1852 et
930 1789 991 1871 ipsi
1010 1787 1130 1853 darent
1147 1789 1241 1853 nobis
1257 1789 1381 1872 copiam
1406 1786 1509 1869 eapitu-

401 1895 516 1975 lornm,
542 1902 576 1959 et
606 1903 721 1980 postea
751 1916 917 1980 possemus
943 1897 1141 1981 respondere
1168 1905 1201 1962 et
1225 1897 1406 1962 deliberare
1429 1913 1510 1976 super

401 2005 481 2087 ipsis
498 2003 540 2068 nd
557 2001 649 2068 illum
667 2005 850 2085 terminum,
867 2005 921 2088 qui
939 2005 1105 2071 videretur
1116 2007 1318 2072 conveniens.
1334 2005 1448 2072 Verum
1458 2001 1509 2084 ipsi

401 2112 554 2176 volebant
570 2112 663 2195 seire,
679 2114 705 2177 si
724 2135 782 2178 nos
800 2113 998 2177 habebamus
1024 2114 1214 2180 mandatum
1230 2115 1264 2179 in
1281 2133 1432 2198 personas
1450 2129 1510 2173 nos·

401 2227 488 2285 trum
505 2218 643 2302 Nieoiai
658 2220 778 2285 Jaeobi
795 2225 827 2284 et
844 2219 1026 2287 Michaelis.
1035 2221 1079 2286 Et
1096 2243 1155 2286 nos
1172 2223 1283 2287 statim
1299 2218 1510 2304 respondimus

411 2326 498 2410 quod
522 2326 721 2392 habebamus
748 2326 951 2392 sindaeatum
979 2329 1011 2392 in
1038 2351 1192 2413 personas
1218 2336 1348 2395 nostras
1363 2335 1393 2394 et
1410 2321 1511 2392 domini

404 2436 574 2515 Zacharie,
591 2441 623 2499 et
639 2435 734 2500 modo
752 2437 850 2500 etiam
868 2435 988 2502 domini
999 2436 1370 2518 JohannisGradonieo,
1381 2443 1410 2502 et
1421 2436 1512 2518 cujas·

401 2545 482 2607 libet
497 2548 642 2608 nostrum
662 2545 694 2608 in
711 2543 861 2627 solidum,
887 2544 975 2610 illius
992 2545 1136 2628 ejusdem
1153 2547 1265 2626 forme,
1283 2544 1470 2611 continentie
1486 2547 1511 2603 et

402 2652 525 2717 tenoris
542 2653 633 2735 enjus
651 2657 721 2716 erat
738 2651 796 2716 illa
821 2655 923 2736 copia,
942 2674 1005 2734 que
1021 2652 1103 2719 alias
1120 2654 1199 2722 data
1213 2655 1320 2720 fuerat
1334 2650 1512 2721 Excellentie

404 2758 487 2840 Sue3
511 2759 711 2826 ostendendo
736 2760 797 2824 sibi
824 2761 1019 2826 sindioatum
1044 2764 1237 2845 predictum,
1255 2783 1350 2846 quem
1368 2761 1513 2826 nobiseum

403 2873 659 2950 portaueramus.
675 2869 719 2932 Et
737 2868 798 2952 ipsi
815 2869 977 2950 dixerunt,
995 2870 1083 2951 quod
1101 2869 1281 2936 faceremus
1299 2870 1418 2954 copiari
1428 2868 1513 2932 iilum.

403 2981 436 3039 et
452 2975 578 3057 copiam
591 2975 784 3040 deberemus
794 2977 840 3040 eis
851 2976 938 3040 dare.
949 2978 992 3042 Et
1004 2999 1061 3041 nos
1072 2979 1307 3063 respondimus,
1319 2978 1402 3062 quod
1411 2977 1514 3041 faeere

405 3103 476 3146 mus
487 3083 609 3166 copiari
622 3082 711 3150 illurn
725 3085 864 3166 ;seilioet
877 3092 1052 3170 postquam
1063 3109 1126 3151 nou
1137 3083 1292 3153 solebant
1302 3088 1396 3170 aliud,
1406 3087 1462 3152 nisi
1471 3085 1514 3148 da·

404 3213 439 3254 re
457 3191 550 3255 nobis
568 3193 693 3274 copiam
712 3193 929 3276 capitulorum
948 3215 1068 3276 eorum,
1085 3218 1146 3278 que
1166 3202 1282 3280 petunt
1299 3195 1449 3279 colligati,
1463 3213 1514 3257 non

404 3298 575 3363 ridebatur
592 3300 686 3364 nobis
703 3322 841 3382 neeesse,
853 3302 939 3386 quod
951 3325 1089 3387 persone
1101 3309 1212 3371 nostre
1224 3307 1312 3372 irent
1322 3307 1363 3370 ad
1376 3321 1514 3388 eampum,

405 3407 460 3471 sed
478 3408 677 3472 mitteremus
689 3407 865 3475 Notarium
877 3418 1036 3494 nostrum,
1046 3433 1117 3477 curn
1135 3415 1228 3498 eopia
1238 3415 1426 3495 sindiontus,
1440 3420 1468 3476 et
1482 3407 1515 3474 ad

404 3514 626 3597 accipiendum
652 3517 778 3599 copiam
805 3519 1024 3601 capitulorum
1050 3521 1297 3605 colligatorum
1323 3531 1356 3588 et
1380 3521 1459 3606 quod
1483 3513 1516 3582 nd

403 3621 493 3686 illum
512 3623 693 3706 terminum,
719 3647 814 3708 quem
840 3625 907 3692 Sua
934 3628 1137 3695 Excellentia
1152 3633 1331 3712 ordinaret,
1348 3653 1405 3698 nos
1420 3637 1515 3716 postea

405 3751 547 3794 essemus
563 3731 605 3797 ad
623 3735 821 3815 presentiam
849 3759 940 3802 suam
958 3760 1028 3803 earm
1048 3739 1340 3806 deliberationibus
1357 3747 1388 3806 et
1405 3758 1517 3822 respon·

406 3838 550 3902 sionibus
567 3841 748 3924 superinde.
764 3843 811 3907 Et
826 3845 887 3927 ipsi
905 3841 1036 3911 iuerrmt
1052 3849 1207 3929 contenti,
1229 3856 1408 3915 statuentes
1424 3845 1518 3913 termi-

406 3967 482 4010 num
498 3945 539 4010 ad
558 3946 642 4012 diem
668 3947 763 4014 ,lons
789 3952 943 4035 proxime.
969 3952 1094 4021 Verum
1111 3978 1169 4020 uos
1186 3957 1328 4025 elisimus
1344 3959 1460 4025 eisdem
1476 3952 1518 4018 de
1546 4021 1547 4024 ,

404 4055 491 4118 mino
519 4054 646 4120 Karolo
674 4065 706 4122 et
731 4057 926 4144 Beronibus,
952 4064 1041 4147 quod
1065 4067 1150 4132 sieut
1176 4069 1238 4151 ipsi
1255 4069 1405 4134 volebant
1425 4065 1518 4131 ridere

406 4159 592 4228 libertatem
618 4170 764 4230 nostram
790 4175 823 4233 et
851 4171 978 4254 copiam
1006 4174 1203 4258 siruiioatus;
1227 4177 1277 4242 ita
1303 4184 1335 4241 et
1356 4197 1423 4255 nos,
1447 4181 1520 4240 ante·

410 4289 507 4350 quam
533 4271 806 4354 responderemus
834 4277 970 4362 aliquid,
996 4281 1184 4347 volebamus
1210 4284 1320 4350 ridere
1346 4285 1520 4350 sindicatun

408 4395 517 4440 eorrun
544 4377 773 4460 colligatorum
800 4391 832 4447 et
859 4383 979 4453 habere
998 4391 1136 4473 copiam.
1153 4391 1197 4456 Et
1215 4393 1278 4476 ipsi
1295 4391 1521 4476 responderunt·

409 4483 495 4564 quod
514 4482 658 4552 hocerat
675 4488 807 4571 justum,
824 4498 857 4556 ot
873 4494 921 4559 ita
936 4494 1080 4563 facerent
1097 4499 1189 4565 nobis
1207 4501 1335 4566 ostendi
1356 4497 1522 4566 eorrrmsin·

409 4588 556 4670 dicerem,
572 4601 604 4657 et
621 4595 694 4660 dari
710 4597 802 4663 nobis
819 4604 954 4685 copiam.
972 4605 1069 4672 Unde
1080 4608 1254 4675 seeundum
1267 4609 1414 4676 ordinem
1425 4608 1521 4673 elutum
