3172 5254
6 339 10 472 j
324 439 328 444 ¹
564 364 657 424 1379.
1109 362 1172 420 eoa

6 501 8 612 l
63 549 156 608 catam
172 564 241 608 oum
258 541 397 624 navigiis
414 541 535 624 parvis,
552 558 614 622 que
630 539 739 604 verrire
752 540 837 604 intra
859 537 1039 603 stoohatum
1051 543 1176 621 aparte

6 651 9 742 t
63 652 147 715 maris
162 671 270 716 versus
285 651 467 730 levantem3
491 655 524 714 et
549 647 595 716 ibi
620 666 740 731 ponere
757 652 886 730 gentem
903 649 937 712 in
953 651 1082 712 terram.
1108 642 1176 712 Do·

6 769 8 844 j
63 757 154 824 minus
170 759 314 842 Magnus
340 755 455 824 Comes
481 754 578 822 hodie
603 755 667 821 huo
683 753 851 839 applicuit.
883 753 966 820 Heri
983 754 1064 819 hora
1079 752 1176 819 tarda

6 859 8 932 l
62 871 181 932 venerat
197 867 347 933 dominus
375 864 560 932 Cardinalis
586 861 710 945 Padus,
735 860 778 927 ad
806 883 900 944 quem
925 861 1022 927 hodie
1047 860 1175 941 fuimus²

61 973 201 1040 facientes
218 974 281 1040 sibi
296 974 513 1039 reverentiam
538 970 701 1050 debitam;
726 975 760 1035 ot
776 991 831 1056 per
847 991 886 1035 ea
903 989 964 1052 que
982 969 1103 1034 sentire
1120 988 1176 1052 po·

6 1119 8 1172 l
62 1081 176 1165 trimus,
193 1081 320 1149 ridetur
336 1081 458 1148 habere
483 1079 675 1147 mandatum
690 1077 918 1164 Apostolioum
935 1078 975 1144 de
991 1077 1126 1144 essendo
1142 1078 1175 1142 in

6 1213 9 1280 r
61 1191 111 1256 hoo
124 1195 272 1272 tractatu,
288 1190 367 1256 licet
392 1190 480 1256 dicat
505 1209 571 1254 non
598 1208 695 1272 posse
717 1188 771 1254 hic
794 1186 1094 1272 trahere'magnam
1109 1207 1175 1253 mo·

6 1285 11 1366 ,⁸
61 1319 128 1364 ram.
152 1297 275 1364 Tamen
302 1299 381 1382 quia
404 1296 498 1364 nobis
524 1296 654 1362 ridetur
679 1295 762 1362 bene
787 1296 975 1381 dispositus,
989 1295 1176 1380 procurabi-

6 1391 10 1512 ξ
62 1426 130 1488 urus,
145 1405 230 1490 quod
246 1407 291 1472 sit
307 1425 457 1490 presens;
480 1407 558 1490 quia
582 1411 745 1489 putamus,
770 1403 858 1488 quod
873 1403 1027 1488 prodesse
1043 1409 1175 1488 poterat

6 1523 9 1630 Ι
34 1537 36 1540 ·
60 1515 210 1596 presentia
234 1535 303 1580 sua.
329 1511 497 1580 Sensimus
521 1513 582 1593 hio,
608 1511 696 1596 quod
720 1511 822 1596 aliqui
848 1513 933 1578 cives
956 1511 1175 1596 Justinopolis

6 1631 8 1698 t
60 1622 213 1688 exiverunt
238 1623 278 1688 de
303 1623 519 1706 Justinopoli‚
544 1627 577 1686 et
602 1622 730 1686 iverunt
746 1619 787 1686 ad
804 1619 1024 1686 obedientiam
1052 1618 1173 1685 domini

6 1707 9 1832 l
61 1728 260 1812 Patriarcho3
284 1737 317 1795 et
343 1736 457 1815 postea
483 1730 601 1802 iverint
616 1729 660 1795 ad
678 1727 834 1794 Castrum
853 1727 1005 1809 Bellula,
1021 1735 1055 1793 et
1070 1734 1174 1794 osten-

6 1835 9 1940 t
61 1837 158 1904 dentes
173 1836 274 1922 aliqui
301 1859 423 1921 eorum,
449 1837 505 1923 qui
532 1844 627 1903 erant
650 1837 721 1902 noti
746 1858 767 1902 a
792 1834 975 1920 Capitaneo
1000 1835 1078 1900 dicti
1102 1837 1174 1912 loci,

6 1941 9 2050 l
59 1945 127 2011 mlle
143 1947 204 2012 sibi
219 1945 311 2032 loqui
328 1967 386 2031 pro
402 1951 494 2031 parte
510 1945 634 2012 domini
650 1945 832 2012 Potestatis
848 1949 881 2009 et
897 1943 1070 2028 Capitonei
1098 1942 1173 2010 Jus-

61 2056 218 2139 tinopolis;
243 2061 399 2138 oeperunt
426 2055 532 2139 ipsum
559 2054 787 2139 Capitaneum,
812 2055 867 2138 qui
892 2058 1027 2120 venerat
1052 2052 1096 2119 ad
1111 2074 1175 2135 eos,

60 2169 85 2226 et
99 2162 175 2227 alios
191 2163 248 2246 qui
266 2183 339 2228 cum
356 2184 392 2228 eo
409 2168 512 2246 erant,
530 2169 564 2228 et
579 2164 659 2247 ipsis
684 2163 787 2247 captis
803 2162 987 2228 habuerunt
1003 2161 1089 2227 dioto
1106 2182 1173 2226 mo·

61 2268 94 2334 do
108 2270 258 2337 Castrum
275 2271 473 2356 predictum;
499 2272 801 2356 quiduthabemus‚
818 2270 940 2338 Vestro
955 2269 1109 2336 Dominio
1127 2269 1143 2334 f
1161 2309 1173 2320 ·

59 2377 144 2445 rimus
160 2379 378 2446 manifestum.
393 2379 559 2446 Debemus
576 2380 610 2444 in
624 2380 763 2446 instanti
778 2378 860 2446 hora
876 2399 946 2445 esse
962 2399 1034 2444 cum
1046 2377 1174 2445 domino

60 2485 173 2555 Karolo
190 2496 221 2555 ot
237 2489 312 2573 alijs
329 2488 515 2556 Beronibus
531 2510 590 2572 pro
607 2487 704 2554 factis
718 2487 812 2554 nobis
823 2488 1010 2554 commissis.
1027 2487 1174 2553 Litteras

61 2591 288 2663 Damnationis
314 2595 436 2662 Vestra
462 2595 558 2663 datas
578 2594 738 2663 XXIIII.
764 2595 953 2679 recepimus
969 2601 1002 2660 et
1018 2593 1099 2661 alias
1115 2595 1174 2662 let·

59 2709 131 2768 teras
155 2705 253 2772 datas
279 2703 405 2784 XXV„
431 2707 635 2770 continentes
660 2725 743 2770 nova
769 2705 809 2770 de
833 2703 983 2788 partibus
1007 2703 1173 2787 Romanis,

61 2833 111 2892 que
124 2813 216 2880 nobis
242 2814 399 2879 immense
424 2813 631 2898 placuerunt,
656 2820 688 2878 et
705 2813 847 2896 qualiter
863 2813 1029 2897 recepistis
1045 2813 1173 2882 litteras

61 2927 172 2988 nostras
199 2941 297 3004 super
313 2917 404 2986 facta
418 2921 601 3006 principali.
626 2919 820 3005 Recepimus
847 2921 917 2985 heri
934 2920 1016 2986 hora
1032 2918 1170 2987 XVIII.
1290 2937 1296 2946 ’

14 3107 19 3117 .
60 3025 115 3092 Pro
128 3029 196 3096 istis
213 3029 414 3096 tractatibus
431 3029 517 3112 salis,
543 3030 577 3096 in
603 3028 720 3113 quibus
739 3051 858 3114 sumus,
873 3026 1050 3113 expediret,
1066 3035 1103 3094 ut
1118 3027 1173 3093 ha-

58 3134 189 3204 beremus
215 3136 478 3203 informationem
504 3159 524 3202 a
548 3134 782 3203 Dominationo
800 3136 933 3219 Vestra,
950 3137 1172 3202 centenarium

59 3243 122 3310 salis
137 3242 253 3330 Clugie
280 3251 361 3328 quot
386 3244 497 3310 modia
522 3245 602 3312 facit
627 3245 668 3311 de
693 3245 825 3325 nostris,
841 3250 874 3310 et
888 3245 989 3310 scrire
1005 3264 1172 3309 commune

58 3354 179 3432 pretinm
196 3355 302 3438 ipsius
313 3352 399 3434 salis,
411 3360 443 3419 et
455 3360 613 3436 quantum
624 3354 838 3421 communiter
855 3352 1030 3435 expeditur
1046 3351 1085 3416 de
1101 3351 1172 3437 ipso

58 3461 220 3540 preeundo
237 3461 280 3527 ad
298 3467 409 3548 partes
425 3461 634 3542 Lombardie,
651 3462 778 3546 etquid
799 3461 937 3526 solvitur
954 3461 993 3526 de
1010 3459 1116 3538 dntio;
1134 3481 1173 3524 ae

59 3568 141 3634 etiam
165 3571 249 3636 scire
275 3570 492 3654 quantitatem
519 3570 596 3636 salis
623 3571 738 3655 grossi,
764 3571 819 3654 qui
844 3568 948 3635 fertur
964 3570 997 3634 in
1014 3567 1172 3634 Lombar-

59 3675 138 3758 diam,
162 3685 193 3744 et
219 3678 367 3762 precium
391 3678 503 3761 ipsius
529 3685 562 3743 et
588 3685 745 3761 quantum
769 3677 914 3744 lucratur
936 3675 1116 3742 Commune
1132 3676 1172 3742 de

57 3785 147 3851 modio
161 3787 265 3871 ipsius
287 3787 365 3854 salis
390 3788 504 3871 grossi,
521 3792 553 3853 et
570 3793 728 3870 quantum
746 3795 831 3853 esset
847 3809 1012 3854 commuue
1028 3786 1172 3871 precium

59 3891 90 3957 de
103 3897 203 3963 modio
221 3895 300 3962 salis
315 3894 408 3978 Pagi,
425 3896 465 3960 de
482 3896 592 3962 modio
618 3895 696 3962 salis
723 3897 848 3980 Clngie‚
864 3905 896 3961 et
912 3897 951 3960 (le
967 3895 1077 3961 modio
1094 3894 1171 3960 salis

60 3999 156 4068 Pirani
172 4003 410 4089 expeditorum,
426 4010 460 4069 et
486 4026 506 4070 a
530 4003 628 4088 datijs
653 4003 893 4070 Dominutionis
915 4003 1046 4072 Vestra.
1071 4001 1172 4068 Sacili

59 4105 194 4179 XXVII.
213 4111 360 4198 Augusti
376 4113 457 4178 hora
474 4113 579 4197 prima
596 4111 669 4178 diei.

174 4313 229 4398 16)
253 4309 288 4378 Α
311 4312 545 4378 velenczei
569 4309 773 4396 nogenek
797 4333 818 4378 a
840 4309 1039 4377 kdvetelr.

149 4435 360 4505 serenissime
385 4439 525 4505 Domine
542 4445 669 4506 moster.
696 4437 926 4522 Significamus
947 4432 1171 4500 Dominationi

59 4535 171 4630 Vestra,
195 4545 281 4632 quod
306 4547 499 4615 Perinzolus
514 4547 554 4612 de
572 4548 606 4614 la
620 4546 716 4614 Mota
731 4547 820 4613 lator
844 4545 1053 4630 presentium,
1070 4566 1171 4629 quon·
