3248 5242
384 417 448 481 738
740 431 975 478 menouaczmr
995 417 1163 478 uurrbnun.

376 594 462 679 jura,
479 591 645 660 reddictus
660 598 691 658 et
709 598 886 678 prouentus
915 591 1121 677 prelatarum
1147 589 1358 660 (labellorum
1390 596 1520 658 nostra·

382 723 464 784 rum,
481 701 637 768 tricesimi
653 706 686 766 et
702 700 780 768 salis
795 701 959 768 dictarum
977 701 1153 768 Civitatum
1171 707 1204 768 et
1231 699 1417 767 Insularum
1444 723 1522 766 nos·
1620 695 1622 714 ²

383 817 510 877 trarum
528 809 645 878 Chersi
663 817 697 876 et
712 810 836 877 Absari
853 813 1073 895 recolligenda
1089 819 1122 877 et
1140 809 1351 895 percipienda
1375 831 1433 893 per
1457 831 1519 874 vos

384 942 422 988 ao
438 919 480 985 ad
497 939 611 984 marrus
627 923 752 984 vestras
768 918 883 985 exinde
908 925 1109 1002 prouentura
1125 914 1285 982 studeatis
1306 937 1392 981 anno
1410 917 1519 999 quedi-

384 1027 441 1094 bet
457 1052 477 1094 a
493 1027 545 1094 die
570 1027 737 1112 ingressus
762 1027 842 1094 dicti
869 1027 1015 1112 Georgij,
1040 1048 1096 1093 seo
1121 1026 1240 1111 prefati
1265 1026 1519 1091 locumtenentis

385 1137 433 1202 sui
451 1132 493 1200 ad
510 1135 631 1201 dictum
648 1130 862 1216 Comitatum,
880 1156 935 1200 seu
952 1133 1105 1198 Rectorie
1126 1132 1278 1202 Officium
1295 1134 1329 1198 in
1346 1138 1442 1197 autea
1462 1155 1527 1197 uu·

385 1243 550 1310 meranda.
567 1243 722 1328 quamdiu
740 1243 818 1309 dicti
835 1242 1031 1328 beneplaciti
1048 1245 1152 1307 nostri
1178 1241 1285 1323 fuerit,
1312 1240 1433 1306 vicibus
1449 1242 1521 1306 sin·

386 1353 471 1438 gulis
486 1373 546 1437 pro
563 1373 663 1418 eausa
679 1351 864 1416 huiusmodi
882 1351 1087 1434 integraliter
1103 1351 1282 1433 assignare,
1299 1358 1332 1415 et
1347 1347 1389 1414 ab
1415 1371 1452 1414 eo
1483 1349 1527 1414 de

385 1463 602 1547 assignatione
618 1460 805 1526 huiusmodi
822 1459 964 1543 recipere
981 1457 1155 1543 apodixem
1171 1457 1333 1542 ydoneam
1349 1457 1399 1522 rel
1417 1457 1530 1542 scrip-

384 1577 493 1637 turam
523 1571 631 1649 aliam‚
651 1591 716 1654 que
741 1567 832 1634 vobis
858 1565 1000 1633 sufficiat
1025 1566 1067 1632 ad
1093 1565 1273 1648 cautelam3
1296 1586 1419 1648 vosque
1446 1589 1527 1650 pre-

386 1676 466 1742 dicti
482 1674 569 1742 Baui
585 1682 751 1759 presentes
768 1675 867 1739 etiam
886 1681 918 1739 at
934 1673 1036 1740 futuri
1053 1696 1117 1739 non
1134 1674 1321 1757 impediatis
1348 1675 1381 1738 in
1407 1673 1529 1758 aliquo

387 1783 651 1868 assignationem,
678 1783 734 1847 sed
761 1783 852 1849 illam
878 1803 938 1865 per
964 1783 1171 1867 supradictos
1198 1781 1366 1850 Officiales
1391 1791 1530 1850 nostroe

386 1889 458 1959 fieri
475 1893 559 1958 sicut
568 1892 749 1976 predicitur
759 1891 971 1975 permiotatis,
987 1897 1021 1956 et
1036 1892 1136 1958 etiam
1142 1889 1298 1976 jubeatis,
1316 1912 1370 1957 eos
1387 1891 1529 1976 adpre·

388 1999 476 2066 diota
493 2001 526 2064 iu
543 2021 620 2066 casu
636 2000 809 2064 renitentia
826 1999 1011 2066 efficacibus
1028 2000 1179 2086 remedijs
1204 2000 1415 2085 compulsuri.
1441 1998 1532 2065 Pre-

388 2117 495 2176 seutes
521 2114 629 2174 autem
659 2106 791 2174 listerus
816 2114 893 2191 post
910 2115 1103 2192 oportunam
1134 2109 1368 2192 inspectionem
1395 2130 1533 2190 earum,

388 2224 594 2300 transumpto
612 2215 755 2299 ipsarum
773 2237 833 2301 per
849 2235 908 2280 vos
923 2216 1086 2300 predictos
1112 2215 1137 2282 J
1139 2214 1249 2282 udices
1265 2225 1298 2282 et
1325 2213 1527 2283 Consilium.
1621 2283 1622 2286 ,

387 2321 631 2394 Vniuersitates
649 2332 681 2388 et
697 2323 843 2389 homines
860 2346 897 2390 ac
915 2323 1108 2406 Salinarios,
1134 2324 1403 2390 Tricesimatores
1421 2332 1533 2392 statu·
1620 2323 1622 2336 ’

389 2438 447 2514 tos,
464 2440 498 2499 et
513 2437 720 2516 preceptores
738 2429 927 2499 Gabellotos
953 2453 1009 2498 seu
1030 2429 1261 2498 Credencerios
1278 2440 1311 2500 et
1337 2430 1527 2516 Officiales,

389 2547 488 2627 prout
505 2547 645 2606 vestrum
661 2541 811 2607 intererit
826 2541 860 2606 in
875 2542 1009 2627 puplica
1026 2541 1130 2607 forma
1155 2548 1285 2626 recepto
1301 2563 1363 2625 pro
1380 2545 1530 2624 cautela
1621 2541 1622 2544 ’

390 2650 519 2715 restitui
533 2649 680 2714 uolumus
697 2651 899 2733 presentanti
917 2651 1077 2735 premisso
1092 2649 1190 2716 modo
1210 2649 1390 2717 efficaciter
1407 2652 1529 2718 valitu—
1619 2635 1621 2660 ³

390 2779 463 2840 ras;
488 2779 569 2842 quas
594 2780 713 2842 magno
738 2766 852 2824 nostro
869 2759 1025 2843 pendenti
1052 2756 1159 2843 sigillo
1172 2758 1314 2844 juximus
1329 2763 1530 2826 communiri

389 2866 422 2932 in
439 2867 659 2932 testimonium
677 2867 914 2951 premissorum.
932 2867 1022 2933 Data
1049 2865 1161 2953 Oapue
1178 2868 1211 2932 in
1238 2865 1380 2932 Camers
1406 2876 1528 2934 nostra
1618 2857 1620 2928 l

389 2975 423 3040 in
440 2973 588 3040 absentia
603 2973 628 3038 J
629 2973 766 3040 ohannis
783 2975 822 3042 de
839 2975 973 3041 Thienis
990 2981 1048 3041 eto.
1064 2996 1123 3058 per
1148 2973 1354 3060 Stephanum
1371 2976 1412 3040 de
1428 2976 1530 3041 Thie-

391 3083 439 3146 nis
456 3089 516 3147 etc.
533 3103 619 3148 anuo
635 3080 768 3148 Domini
800 3080 1197 3150 M.OCO.LXXXXIII.
1213 3083 1266 3149 die
1277 3083 1343 3148 XI.
1359 3081 1444 3170 Julij
1464 3089 1530 3170 pri·
1617 3083 1620 3142 ἕ

390 3211 442 3254 me
457 3190 651 3272 indictionis,
669 3189 857 3275 Regnorum
875 3200 1060 3259 nostrorum
1077 3213 1162 3258 anno
1179 3192 1328 3276 septimo.

391 3335 427 3396 (A
443 3335 579 3398 »Registri
592 3336 742 3399 Angioini«
759 3341 820 3387 363.
834 3353 871 3387 ez.
885 3353 909 3388 a.
924 3339 992 3403 Reg.
1015 3339 1139 3388 Ladislai
1153 3339 1239 3404 ltegis
1261 3340 1407 3391 botetebt'il
1423 3349 1485 3394 1⁴4.
1500 3344 1527 3408 1.,

649 3441 681 3474 az
695 3429 770 3475 olasz
785 3427 836 3476 kir.
852 3428 968 3493 nrtpolyi
981 3444 1056 3494 nagy
1070 3430 1262 3492 leveltdrban.)

883 3592 894 3600 n
902 3591 1035 3600 num-...nn—

396 3906 512 3975 bdezlo'
528 3909 653 3976 siciliar'
669 3912 782 3998 kirulp
799 3915 831 3976 e‘s
847 3936 989 4000 propper
1005 3913 1271 4001 aldenkirdlpaulr
1282 3915 1404 3986 Uberae
1419 3923 1454 3986 es
1472 3921 1529 3989 Os·

393 4041 461 4082 sero
477 4018 659 4084 dolmotiui
684 4021 847 4107 szipetdcel
872 4025 1031 4109 teirpyozo'
1056 4024 1245 4110 odomdapa
1263 4026 1374 4092 (eristi
1393 4029 1529 4118 Gybrpy

704 4129 736 4192 e's
752 4131 897 4193 testoe'rei
912 4135 1078 4196 szdmcira.
1103 4133 1198 4196 1393.

499 4285 675 4353 Ladizlaus
701 4288 765 4352 Dei
790 4289 898 4372 gratia
923 4296 981 4354 etc.
1008 4292 1166 4357 vniuersis
1191 4301 1364 4376 presentes
1397 4297 1528 4363 lioteras

392 4387 585 4478 inspecturis
602 4401 670 4461 tam
686 4396 890 4480 presentibus
907 4419 1005 4481 quam
1021 4396 1149 4464 futuris.
1166 4399 1394 4469 Actendentes
1411 4408 1525 4472 merita

393 4501 516 4566 sincere
533 4524 571 4567 ac
588 4504 769 4570 constantis
785 4504 966 4571 deuotionis
977 4514 1009 4572 et
1021 4506 1106 4592 fidei,
1124 4530 1190 4590 qua
1205 4511 1255 4576 vir
1272 4511 1394 4578 nobilis
1425 4511 1525 4582 Geor

305 4691 309 4700 1
393 4609 464 4688 gius
480 4609 591 4694 Gripti
606 4605 646 4676 de
665 4612 824 4696 Venetijs‚
841 4615 925 4680 filius
936 4615 1096 4700 quondam
1110 4619 1231 4705 ‹lominj
1244 4623 1524 4710 Friadaerripti
1569 4697 1574 4711 ⁴
