3248 5242
595 295 689 408 13a1.
1139 345 1202 407 697

79 523 173 589 fratri
190 523 348 606 Petricze,
365 533 397 591 et
421 523 579 607 Johanui,
606 546 645 590 ac
668 524 814 608 ipsorum
840 529 872 588 et
896 520 1068 598 cuiuslibet
1093 544 1203 589 eorum

80 633 251 699 heredibus
267 634 439 699 masculini
455 655 549 700 sexus
565 655 604 699 ex
620 635 760 718 ipsorum
788 632 975 718 corporibus
990 632 1135 716 legitime
1152 633 1205 698 de·

12 739 19 753 '
80 741 315 824 scandentibus,
332 741 418 808 uatis
452 741 519 806 iam
544 741 600 807 nel
613 742 746 807 inantea
772 741 954 824 nascituris,
970 741 1206 826 imperpetuum

79 845 233 915 Castrum
249 849 361 915 Ninna
386 850 420 914 in
437 849 605 916 comitatu
625 851 665 915 de
682 849 801 931 Vulko,
817 857 850 916 et
867 856 1009 916 castrum
1025 845 1154 915 Omona?
1171 850 1205 914 in

78 956 246 1026 Comitatu
262 959 389 1042 Posege
400 959 441 1024 de
451 956 566 1040 Regno
585 956 760 1024 Sclauouie
777 959 893 1041 posita,
921 979 984 1040 que
999 958 1130 1025 fuerunt
1144 956 1207 1024 v‹Jo-

77 1065 196 1132 hannis
221 1066 336 1133 Trutel
362 1065 494 1133 rebellis
518 1069 621 1131 nostri
647 1067 777 1151 notorij,
792 1089 850 1150 per
870 1066 970 1150 ipsius
995 1065 1206 1132 rebellionem

77 1174 242 1241 notoriam
259 1181 292 1240 et
315 1176 381 1242 lese
396 1173 430 1242 N
433 1182 519 1242 estre
535 1173 722 1242 Maiestatis
742 1174 873 1257 crimen,
890 1173 1077 1240 adherendo
1093 1171 1207 1240 emulis

78 1289 113 1349 et
127 1282 303 1350 rebellibus
319 1286 440 1351 uostris
456 1283 563 1369 Regni
583 1283 686 1348 nostri
702 1281 874 1368 Hungarie
890 1280 1089 1367 sequacibus,
1107 1281 1206 1348 adhe·

79 1391 226 1458 rentibus
252 1398 285 1458 et
311 1392 495 1460 fautoribus
520 1413 641 1476 eorum,
665 1392 795 1477 aliaque
820 1393 996 1477 nephanda
1019 1413 1077 1477 per
1101 1390 1208 1475 ipsum

78 1501 252 1566 commissa
268 1501 302 1565 in
317 1522 488 1586 personam
507 1501 586 1566 dicti
603 1501 769 1583 quondam
786 1501 908 1567 domini
933 1502 1090 1585 genitoris
1105 1499 1209 1566 nostri

78 1610 124 1676 ad
138 1632 253 1677 manus
264 1616 374 1678 nostre
387 1607 487 1676 Ourie
497 1611 582 1676 iuste
593 1617 627 1676 et
636 1611 878 1677 rationabiliter
890 1611 1052 1694 deuoluta,
1062 1631 1135 1676 cum
1146 1609 1210 1674 sor-

79 1718 216 1803 tillicijs,
232 1718 426 1798 homiuibus,
442 1717 588 1806 vassalis
601 1717 842 1804 jobagionibus,
853 1717 1045 1802 redditibus,
1061 1717 1209 1784 censibus

80 1827 237 1911 seruitijs,
247 1825 406 1909 domibus,
415 1826 680 1911 possessionibus,
690 1829 802 1912 vineis,
812 1829 949 1911 olinetis,
961 1828 1061 1911 siluis,
1073 1826 1209 1892 nemori-

79 1936 152 2018 brus,
167 1937 306 2020 pascuis,
321 1934 502 2019 arboribus
519 1935 724 2019 molendinis,
740 1939 836 2022 aquis
852 1946 1056 2021 etaquarum
1068 1937 1208 2002 decursi-

80 2044 153 2128 bus,
167 2046 327 2131 piscarijs,
336 2046 504 2127 theloneis,
517 2045 656 2130 juribus,
666 2045 945 2130 jurisdictionibus
955 2054 989 2130 et
1004 2046 1211 2130 pertinentijs

80 2176 195 2221 aarum
212 2155 368 2236 omnibus,
383 2176 422 2222 ac
438 2155 498 2220 sub
524 2156 588 2240 hijs
606 2157 711 2239 metis,
726 2157 873 2221 terminis
899 2163 933 2221 et
948 2154 1136 2237 confinibus,
1152 2153 1211 2221 sub

79 2265 200 2350 quibus
217 2265 436 2347 possessiones
453 2265 523 2348 ipse
548 2285 607 2348 per
633 2265 737 2331 dictos
755 2261 952 2350 Gregorium
970 2271 1003 2331 et
1018 2264 1212 2330 Ladizlaum

79 2373 202 2440 fratres
226 2379 302 2438 ante
327 2371 489 2457 prefatam
514 2394 627 2439 eorum
651 2373 861 2440 rebellionem
887 2374 1048 2439 notoriam
1075 2377 1164 2439 tente
1179 2380 1213 2439 et

78 2500 230 2566 possesse
240 2479 380 2563 fuerunt,
397 2482 538 2546 decerta
554 2488 668 2547 nostra
693 2480 838 2561 scientia,
864 2501 904 2546 ac
920 2502 992 2547 cum
1010 2501 1166 2546 consensu
1181 2485 1214 2545 et

79 2589 284 2655 auctoritate
300 2587 510 2655 Serenissime
526 2587 668 2655 Domine
684 2589 812 2653 domine
830 2587 1014 2672 hlargarite
1029 2588 1092 2654 Dei
1104 2589 1215 2671 gretia

79 2696 214 2779 Regiae
232 2696 422 2781 Regnorum
448 2697 668 2782 predictorum
688 2696 871 2762 reuerende
889 2697 1057 2780 genitricis
1072 2702 1105 2761 et
1119 2696 1214 2762 Balie

79 2810 215 2887 nostre,
239 2811 307 2870 tam
332 2806 459 2870 nomine
494 2827 551 2871 suo
578 2826 676 2890 quam
707 2804 985 2872 Reverendissimi
1016 2806 1050 2870 in
1081 2802 1213 2870 Christo

79 2914 194 3000 patris
219 2913 342 2980 domini
366 2913 488 2999 Augeli
519 2914 608 2980 tituli
643 2913 756 2980 Sancti
788 2915 961 2981 Laurentii
986 2916 1022 2980 in
1053 2912 1215 2981 Damasco

28 3021 34 3032 ’
79 3023 266 3108 Presbiterj
300 3021 485 3089 Cardinalis
517 3030 550 3088 et
580 3021 773 3107 Apostolice
807 3024 902 3090 Sedis
934 3023 1077 3108 Legatj,
1110 3024 1216 3088 nostri

80 3132 239 3203 similiter
274 3132 362 3218 Balij
393 3133 469 3197 hinc
495 3132 657 3213 absentis,
683 3137 794 3197 nostre
818 3154 902 3198 noue
928 3139 961 3198 et
982 3130 1217 3199 'irreuoeabilis

81 3241 274 3308 donationis
298 3241 395 3306 titulo
415 3241 506 3306 iuxta
530 3263 622 3308 vsum
648 3247 680 3306 et
695 3241 963 3308 consuetudinem
988 3239 1097 3324 Regni
1111 3242 1218 3306 nostri

80 3349 263 3432 Hungarie
288 3356 402 3414 tenore
427 3351 628 3432 presentium
659 3348 866 3416 concedimus
896 3356 928 3414 et
959 3348 1128 3429 donamus,
1159 3370 1217 3433 per

81 3457 227 3526 eundem
247 3458 444 3523 Ladizlaum
470 3464 504 3523 et
529 3458 636 3525 dictos
661 3479 736 3523 suos
761 3458 880 3523 fratres
907 3464 940 3523 et
959 3457 1103 3539 heredes,
1120 3458 1217 3522 inme·

82 3567 179 3634 diste
194 3572 228 3632 et
243 3567 276 3631 in
293 3567 398 3650 capite
415 3589 435 3631 a
451 3566 543 3632 nobis
567 3575 599 3631 et
624 3569 745 3632 uostris
769 3567 803 3631 iu
828 3566 940 3631 eodem
966 3566 1080 3649 Regno
1107 3569 1219 3630 nostro

82 3675 265 3744 heredibus
281 3682 313 3741 et
323 3676 571 3758 successoribus,
582 3677 642 3742 sub
653 3675 793 3760 seruitijs
810 3681 842 3741 et
859 3676 1134 3759 recognitionibus
1145 3695 1221 3758 pro-

81 3793 202 3874 pterea
213 3783 333 3850 debitis
344 3791 376 3849 et
386 3784 524 3868 prestarj
543 3785 648 3850 solitis
664 3785 821 3850 tenendas
837 3791 870 3849 et
884 3790 1041 3868 perpetuo
1055 3782 1220 3869 possiden·

86 3895 170 3975 dns,
186 3893 396 3959 inuestientes
408 3894 545 3959 eundem
555 3894 749 3960 Ladizlaum
759 3915 819 3978 pro
830 3915 864 3958 se
880 3900 913 3958 et
923 3893 1018 3958 dictis
1030 3895 1095 3960 suis
1110 3892 1220 3958 fratri-

85 4005 154 4070 bus
175 4009 207 4067 et
226 4001 399 4067 heredibus
415 4001 456 4067 de
472 4004 614 4086 presenti
639 4008 754 4066 nostra
770 4003 974 4067 concessione
990 4007 1023 4066 et
1039 4001 1147 4085 gratia
1162 4023 1222 4084 per

85 4109 226 4179 anulum
243 4116 389 4175 nostrum
415 4110 665 4195 presentialiter,
676 4117 714 4176 ut
730 4116 781 4176 est
796 4111 903 4175 moris.
930 4109 1035 4194 Quam
1053 4111 1222 4175 incestitu-

86 4242 164 4287 ram
189 4217 253 4283 vim
279 4225 312 4284 et
338 4219 515 4284 efficaciam
541 4241 615 4284 rere
642 4219 825 4284 donationis
841 4224 874 4283 et
890 4219 989 4284 realis
1011 4219 1223 4286 assecutionis

87 4327 336 4414 possessionum
353 4327 570 4410 predictarum
603 4327 748 4392 volumus
774 4332 807 4391 et
838 4327 1041 4392 decernimus
1073 4327 1222 4393 obtinere

87 4437 326 4521 superioritatc
342 4436 472 4520 quidem
483 4442 516 4500 et
531 4435 690 4499 fidelitate
706 4440 827 4516 nostra,
842 4435 1061 4519 predictisquc
1078 4437 1223 4519 recogni-

87 4545 238 4611 tionibus
264 4554 296 4610 et
320 4546 465 4630 seruitijs
482 4567 541 4629 pro
571 4545 665 4609 dictis
696 4543 953 4628 possessionibus
985 4542 1083 4610 (lurie
1114 4552 1225 4613 nostre
