3182 5252
584 323 678 384 1383.
1129 322 1191 383 521

66 503 120 562 tur
134 497 236 563 nobili
249 501 320 564 viro
338 519 389 563 ser
409 496 576 564 Sareoeuo
602 497 757 564 Dandulo
782 497 1003 564 Ambaxatori
1027 505 1140 564 nostro
1157 501 1192 563 in

64 601 248 688 Hungaria,
264 605 352 688 quod
368 605 401 670 in
418 627 496 670 casu
513 627 577 688 quo
594 606 655 671 sibi
672 605 760 670 facta
786 627 851 670 non
868 607 909 669 sit
932 605 1046 688 aliqua
1071 608 1193 671 mentio

63 711 103 775 de
118 711 206 778 lacto
232 713 307 797 lige,
331 735 390 779 nec
415 715 485 797 ipse
511 713 552 777 de
579 714 649 797 ipso
673 714 763 779 facto
788 713 903 778 lecerit
933 713 1076 796 aliquam
1107 736 1192 780 men·

62 821 191 900 tionem,
207 821 296 886 nullo
315 821 410 886 modo
427 819 548 886 debeat
573 820 613 884 de
627 821 699 905 ipsa
724 821 792 903 liga
819 841 853 885 se
878 821 1035 904 impedire
1061 843 1119 886 nec
1135 822 1193 888 ali-

63 949 162 1010 quam
179 927 286 994 facere
302 930 498 994 mentionem
512 954 519 1010 3
536 928 593 993 sed
609 929 780 1012 expeditus
796 929 836 993 de
847 929 921 994 aliis
932 931 992 996 sibi
1005 930 1191 1008 commissis,

62 1037 178 1102 redeat
194 1035 361 1104 Venetiae.
382 1039 423 1102 In
440 1058 518 1102 casu
534 1059 612 1102 voro
638 1059 702 1120 quo
728 1036 833 1102 eidem
858 1038 946 1103 sacta
971 1038 1055 1103 foret
1080 1038 1192 1121 aliqua

65 1145 188 1212 mentio
205 1143 245 1209 de
261 1145 334 1228 ipsa
350 1145 427 1228 liga,
444 1151 502 1210 aut
521 1145 613 1210 lieret
631 1152 705 1210 ante
730 1165 890 1211 recessum
916 1168 1019 1227 suum,
1044 1147 1096 1212 vel
1122 1149 1192 1228 ipse

63 1252 273 1319 Ambaxator
288 1261 399 1320 noster
423 1253 464 1318 de
489 1255 562 1337 ipsa
586 1253 653 1337 liga
669 1256 862 1319 mentionem
879 1253 1023 1337 aliquam
1038 1254 1188 1336 fecisset3
1248 1283 1252 1288 ·

60 1369 136 1428 tunc
151 1385 218 1428 non
234 1363 391 1447 procedat
405 1363 546 1428 ulterius
562 1362 745 1446 superinde,
761 1363 818 1428 sed
834 1363 1054 1447 supersedeat,
1083 1370 1189 1428 osten·

60 1469 175 1551 dendo,
191 1469 279 1554 quod
295 1470 372 1536 velit
392 1470 435 1536 ad
452 1491 509 1535 nos
526 1492 585 1552 pro
602 1470 714 1552 aliqua
730 1471 883 1536 libertate
904 1470 954 1535 vel
971 1470 1191 1536 declaratione

4 1631 9 1642 .
59 1580 292 1661 transmittere,
308 1588 342 1645 et
358 1581 392 1643 in
409 1579 497 1644 dicto
514 1601 592 1644 casu
608 1579 717 1644 subito
734 1579 893 1644 rescribat
903 1579 1008 1658 nobis,
1023 1579 1056 1643 in
1073 1580 1191 1662 quibus

59 1687 208 1752 terminis
225 1709 259 1752 se
275 1689 426 1772 reperiet,
443 1694 478 1753 et
492 1693 639 1752 nostrum
655 1692 804 1770 expectet
818 1687 1018 1752 mandatum.

113 1831 150 1893 (A
165 1830 278 1880 ›nisti‹
294 1833 383 1884 czimll
395 1832 538 1882 velenczei
550 1829 783 1894 dllamkbnyvbbl
795 1829 954 1882 XXXVIII.
968 1830 1027 1880 ket.
1051 1836 1108 1879 112.
1123 1832 1143 1892 l)

584 2138 658 2198 282.

59 2293 202 2362 Tuartko
219 2297 264 2362 ΙΙ.
281 2297 390 2361 latoria
406 2297 494 2360 ozerb
510 2297 542 2360 e'a
554 2297 699 2362 bosanioe'
710 2298 824 2384 loirdly
834 2324 855 2363 a
867 2300 1015 2364 velencrei
1027 2301 1191 2364 bbztdrae-

319 2403 424 2488 adyto'l
441 2405 628 2490 polpdraolr
636 2404 817 2488 salvetetik.
838 2407 931 2472 1383.

163 2559 353 2631 Anthonius
370 2561 513 2630 Venerio
529 2563 594 2628 Dei
609 2565 721 2646 gracia
732 2563 809 2629 Dux
822 2565 1034 2632 venetiarum
1045 2575 1106 2632 etc.
1116 2569 1185 2632 uni-

57 2669 156 2733 versis
167 2676 201 2734 et
211 2667 348 2752 singulis
358 2690 492 2753 presens
508 2669 713 2754 privilegium
725 2672 919 2755 inspecturis
930 2673 1070 2739 salutem
1082 2681 1115 2739 et
1127 2675 1189 2738 sin·

55 2795 125 2841 cere
150 2776 336 2846 dilectionis
362 2779 521 2844 affectum.
548 2779 684 2846 Duoalis
710 2779 896 2863 benignitas
922 2784 956 2846 in
976 2783 1188 2849 liberalitatis

55 2884 208 2966 operibus
225 2884 324 2950 solita
341 2885 550 2951 celeberrime
566 2889 757 2970 conservari,
775 2893 868 2954 tauto
879 2910 1033 2973 personas
1043 2889 1187 2956 illustres

56 2997 87 3055 et
102 2993 251 3058 excelsas
266 2995 434 3076 prevenire
451 2994 560 3058 studet
576 2994 754 3060 honoribus
783 3001 815 3061 et
841 2994 1006 3062 dotalibus
1023 2997 1180 3081 ampliare

54 3097 230 3176 favoribus,
246 3101 457 3183 ipsarumque
469 3101 641 3184 petitiones
657 3101 824 3168 liberalius
835 3102 999 3184 exaudire
1011 3117 1133 3188 quanto
1150 3127 1184 3171 se

55 3213 168 3272 nostro
185 3206 332 3273 Ducatui
344 3207 525 3273 devotiores
535 3207 599 3273 fide
609 3231 647 3275 ac
657 3209 818 3275 charitate
829 3209 1042 3277 laudabilium
1054 3235 1186 3296 operum

55 3314 280 3379 ostenderunt.
312 3311 439 3388 Verum
466 3337 540 3380 cum
565 3313 794 3382 Serenissimus
826 3318 974 3384 dominus
1000 3317 1186 3404 Stephanus

54 3417 220 3486 Tuertcho
241 3419 304 3485 Dei
330 3424 439 3504 gratia
464 3423 537 3488 Rex
561 3423 692 3506 Bessis,
717 3425 853 3490 Bossine
878 3424 1184 3510 Maritimarumque

55 3527 209 3594 Partium
226 3535 287 3596 etc.
303 3531 435 3598 honoris
461 3538 495 3597 et
520 3533 658 3598 nominis
684 3534 789 3599 nostri
806 3535 929 3599 zelator
945 3533 1104 3616 assiduus,
1130 3534 1183 3618 qui

57 3654 183 3720 semper
210 3657 283 3702 cum
309 3639 377 3703 eius
403 3640 669 3723 progenitoribus
699 3642 811 3706 inclite
835 3643 989 3708 memorie
1015 3665 1049 3708 se
1074 3664 1184 3707 verum

56 3745 217 3826 expressit
234 3743 398 3812 Veretum
414 3752 447 3810 et
463 3746 651 3830 perlectum,
677 3769 710 3812 se
736 3771 835 3832 penes
850 3751 1014 3816 Ducatum
1039 3757 1185 3816 nostrum

55 3851 198 3917 sentiens
214 3855 280 3918 suis
295 3854 420 3920 meritis
430 3853 609 3936 gratiosum
621 3856 797 3939 plurimum
806 3862 838 3921 et
848 3863 1023 3941 acceptum,
1035 3863 1185 3922 nostram

54 3956 167 4023 fecerit
183 3959 465 4042 Magnificentiam
482 3963 701 4029 amicabiliter
717 3965 835 4046 rogari,
861 3975 897 4029 ut
923 3964 1017 4029 nobis
1040 3965 1185 4048 placeret

57 4063 171 4148 ipsum,
189 4067 323 4152 eiusque
338 4069 422 4136 filios
438 4076 472 4134 et
487 4070 632 4152 heredes,
653 4070 792 4135 aliorum
803 4071 971 4137 Nobilium
982 4071 1184 4138 Venetorum

57 4179 242 4240 nostrorum
257 4183 291 4241 et
305 4177 449 4244 fidelium
465 4199 600 4243 numero
626 4180 802 4261 gratiosius
818 4200 1009 4264 aggregare,
1026 4185 1062 4244 ut
1086 4180 1181 4245 bene-

56 4277 136 4349 ficiis
153 4283 364 4353 Oitadinatus
382 4288 497 4369 dotati,
508 4287 663 4352 nobilium
680 4294 715 4352 et
730 4289 845 4354 civium
857 4288 1070 4355 Venetiarum
1087 4290 1184 4372 privi-

60 4384 141 4470 legio
159 4395 422 4475 congauderent:
440 4393 512 4459 Nos
528 4392 735 4459 attendentes
746 4395 950 4462 dilectionem
970 4398 1135 4479 ingentem
1151 4405 1185 4463 et

56 4503 186 4579 gratum
202 4497 354 4570 affectum
371 4513 404 4568 et
420 4501 655 4580 sinceritatem,
682 4522 780 4590 quam
806 4523 929 4592 semper
955 4502 1105 4590 prelatus
1130 4503 1190 4574 do·
