3190 5252
597 347 697 428 rasa
1140 349 1204 409 aar

82 543 119 586 uo
136 520 248 588 Padue
264 523 369 588 fieude
383 526 478 608 juxta
495 523 696 590 oblacionenr
713 525 842 590 domiuo
860 523 944 606 Regi
961 522 1091 604 fractam,
1110 543 1208 605 quam

81 630 178 694 eeiaur
194 654 290 714 super
307 632 465 715 peticione
483 639 515 697 et
533 633 741 699 absolucieue
759 634 856 699 triunr
884 653 1043 696 anueruur
1069 653 1127 714 per
1153 633 1207 696 do-

80 739 198 802 minum
214 738 339 822 Regem
358 741 547 823 petitorum,
563 742 673 805 littere
700 741 804 823 Regie
831 739 1018 821 bIajestatis
1044 738 1208 803 habentur

79 843 273 912 sufficientes
289 853 322 911 et
338 847 461 926 idonee,
487 850 607 930 quein
633 849 750 932 specie,
778 847 908 931 quaudo
934 848 1085 930 placebit,
1112 847 1200 912 exhi-

78 952 245 1018 bebuntur.
876 1020 880 1032 ,

180 1061 265 1126 Item
284 1064 368 1146 petit
384 1063 534 1130 dominus
550 1063 631 1147 Rex,
658 1071 819 1148 quatenus
836 1064 936 1128 velint
961 1063 1066 1145 ipsum
1081 1081 1140 1144 per
1157 1061 1209 1126 lit-

76 1174 161 1234 teras
179 1190 289 1235 eorum
308 1171 486 1237 certificare
497 1173 536 1237 de
548 1172 740 1255 integritate
752 1173 896 1256 corporis
908 1171 1021 1237 Sancti
1033 1170 1128 1236 Pauli
1140 1171 1205 1252 pri-

78 1278 120 1342 mi
134 1276 302 1345 heremite.
320 1277 408 1344 Nam
426 1280 459 1343 in
477 1301 542 1344 una
558 1302 656 1346 manu
675 1280 754 1345 dicti
781 1280 926 1363 corporis
944 1275 1014 1343 tres'
1029 1278 1123 1359 digiti
1140 1299 1205 1342 uon
1304 1325 1306 1342 .

4 1379 5 1386 '
77 1385 248 1450 habentur.

184 1492 292 1577 Super
327 1496 495 1578 premissis
528 1495 682 1577 dignetur
713 1495 820 1560 facere
851 1515 1042 1578 responsum
1074 1493 1205 1557 domine

74 1600 159 1684 Regi
175 1604 281 1667 amico
298 1623 417 1682 eorum,
435 1602 521 1686 quod
539 1605 584 1668 eis
608 1603 772 1668 ridebitur
799 1610 831 1668 et
856 1604 935 1667 ruihi
961 1602 1065 1683 Regio
1082 1599 1207 1666 Aniba·

74 1709 202 1774 xistori.

74 1853 107 1913 (A
123 1854 227 1915 »Copia
242 1853 275 1902 de
290 1853 528 1904 Cornmemorialir
545 1855 633 1903 czirntt
646 1855 785 1904 velenczei
803 1855 982 1917 sillamkbnyr
1003 1852 1079 1903 VIII.
1095 1851 1202 1902 uerere-

551 1947 597 1994 bcd
620 1948 678 1995 138.
692 1947 721 2004 l.)

604 2324 678 2384 229.

72 2482 140 2546 III.
158 2482 331 2546 Durazzci
347 2482 475 2566 Ku'rety
490 2483 614 2546 siciliae?
639 2484 821 2569 birrtlpnalc
847 2483 1032 2548 edakozctsa
1050 2485 1101 2547 De
1117 2486 1203 2550 Buce

4 2653 6 2670 Ἴ,
73 2591 208 2654 Idrinez
226 2591 536 2676 Mepperorrzu‘pbdl
553 2593 616 2654 vele
626 2595 690 2675 jeu
706 2591 901 2656 rrdvurnoka
918 2596 1081 2656 szdmrira.
1108 2595 1202 2656 1382.

176 2751 376 2814 Laurentius
402 2749 562 2832 Stephani
581 2750 749 2817 Thebachi
774 2751 813 2816 de
839 2749 989 2834 Vngaria
1012 2751 1203 2816 »familiaris

4 2943 6 2946 Ι
72 2863 102 2922 et
127 2857 239 2922 fidelis
264 2863 375 2921 uester
401 2857 539 2922 dilectus
564 2879 623 2940 pro
640 2861 753 2940 gratis,
775 2859 947 2922 fructuosis
964 2864 997 2921 et
1012 2858 1203 2940 obsequiose

70 2965 253 3031 devotionis
269 2971 302 3029 et
318 2965 393 3030 fidei
409 2967 536 3030 meritis
548 2966 746 3050 utilibusque
769 2967 911 3051 servitijs
927 2967 1084 3049 prestitis,
1101 2987 1202 3048 queve

69 3081 219 3156 prestare
237 3095 302 3137 non
318 3073 454 3138 desinit«
476 3075 576 3140 hahet
592 3097 652 3158 pre
670 3097 704 3140 se
721 3083 754 3140 ct
773 3074 965 3140 »heredibus
981 3073 1066 3137 suis«
1091 3075 1200 3138 rucias

71 3185 140 3247 auri
157 3189 291 3247 centum
307 3183 446 3265 triginta
462 3203 598 3248 annuas.
1156 3169 1160 3177 ⁵

70 3323 103 3390 (Α
120 3328 263 3392 »Registri
275 3328 425 3392 Angioini«
451 3332 511 3379 358.
526 3342 563 3377 sz.
577 3343 601 3377 a.
617 3328 760 3378 kbtetelntl
781 3329 849 3391 Reg.
871 3326 968 3376 carolo
982 3327 1032 3377 ΠΙ.
1047 3329 1088 3376 54.
1102 3326 1130 3388 1.,
1144 3342 1160 3376 e
1173 3329 1202 3377 k.

395 3418 469 3468 olasz
482 3418 596 3483 naporyr
610 3433 685 3483 uagy
698 3417 890 3480 revertatur.)

557 3580 713 3590 ..μ-..μ-

5 3923 6 3926 ¹
71 3943 130 4006 III.
149 3941 278 4026 Kriroty
293 3941 402 4004 sicilia
419 3941 531 4025 birur'ty
547 3939 727 4024 meyerb'stti
743 3961 824 4002 acon
841 3939 1030 4024 adomctnyt,
1056 3939 1197 4022 uredydeu

286 4049 493 4114 rectrarreokdt
511 4049 648 4112 Milcte'st
665 4049 859 4110 re'szesr'tette.
886 4048 981 4108 1382.

179 4211 324 4276 Is'arelus
342 4209 473 4274 Tertius
491 4216 548 4274 etc.
564 4209 588 4273 J
592 4207 753 4272 ustitiarie
769 4206 870 4271 'Perre
888 4206 1027 4270 Laboris
1044 4209 1076 4268 et
1093 4205 1199 4269 Corui-

70 4326 158 4384 tatus
184 4317 309 4402 Melisij
337 4320 387 4382 uel
415 4319 483 4383 eius
508 4317 757 4398 Irocunrtenentj
778 4314 867 4379 fideii
883 4320 993 4378 uestro
1011 4313 1151 4396 gratiam
1167 4321 1200 4377 et

71 4426 190 4492 bonaur
207 4428 418 4491 voluntatem.
435 4422 526 4490 Scire
542 4433 575 4489 te
592 4425 741 4489 uolumus
762 4423 849 4506 qued
866 4421 1021 4486 Nicoloso
1039 4418 1062 4484 J
1064 4421 1200 4486 ohannis

71 4535 209 4619 Vngaro
227 4531 439 4599 Cubicularie
455 4533 606 4618 familiarj
625 4539 657 4598 et
673 4531 760 4614 fidelj
778 4537 889 4595 nostro
906 4530 1024 4595 dilecto
1040 4549 1101 4611 pro
1118 4549 1152 4594 se
1168 4535 1201 4595 ct

1033 4632 1094 4701 30*
