3248 5242
630 403 723 473 reor.
1090 363 1097 377 '
1176 399 1239 470 tro

102 591 193 676 plum
219 593 251 656 in
278 589 414 658 diversis
430 588 545 656 mundi
564 587 715 672 partibus
732 592 949 652 mercaturam
968 591 1129 668 exercent,
1144 605 1242 669 super

22 710 28 726 ⁸
102 699 295 764 mereantiis
312 703 413 782 atque
430 696 577 780 pecuniis
601 693 733 760 traditis
759 699 792 759 et
811 693 945 758 creditis
963 689 1153 777 Augustino
1168 691 1241 758 Ma-

102 807 194 871 ruooi
227 805 267 870 de
298 805 479 885 Florentia,
511 824 585 868 oum
618 801 806 866 turbatione
847 802 1051 884 percepimus
1093 799 1240 866 eumdem

103 911 331 999 Augustinum
348 911 496 978 mortalis
512 911 576 976 vite
592 915 743 994 tempora
753 907 977 992 compledisse.
994 909 1136 992 Propter
1153 911 1241 992 quod

104 1023 219 1088 videre
236 1021 383 1086 videmur
400 1019 535 1102 negocia
552 1038 690 1101 sua,que
704 1015 904 1101 prefatorum
920 1022 1107 1081 nostrorum
1123 1017 1241 1085 ciuium

106 1141 185 1199 sunt
201 1153 266 1198 non
281 1122 471 1197 inordinata
488 1130 601 1211 solum,
616 1127 672 1194 sed
688 1128 829 1212 pessime
844 1126 1047 1211 remansisse,
1056 1129 1120 1193 nisi
1130 1128 1241 1211 digne·

108 1247 167 1307 tur
181 1241 215 1305 in
226 1240 289 1305 hoc
300 1233 422 1306 Vestra
434 1235 625 1303 Sublimitas
636 1235 815 1320 providere.
836 1233 920 1300 Oum
936 1239 1045 1300 autem
1061 1235 1181 1300 veritas
1198 1236 1242 1301 sit

104 1346 194 1433 quod
211 1347 297 1413 idem
310 1342 518 1428 Augustinus
529 1344 725 1408 mercantias
736 1363 818 1426 quas
834 1339 935 1407 Ourie
951 1342 1103 1426 eredidit,
1119 1349 1152 1408 et
1167 1342 1242 1408 aliis

104 1464 175 1521 tam
192 1452 386 1519 officialibus
403 1453 520 1518 vestris
537 1473 635 1534 quarn
651 1449 837 1516 hominibus
847 1450 952 1532 patrie
963 1457 1093 1516 secutus
1110 1451 1149 1515 de
1165 1471 1240 1534 pre-

106 1567 167 1629 ciis
184 1571 367 1647 emptorum
381 1561 525 1628 fideman
537 1560 720 1625 venditione
737 1559 906 1640 concessit,
923 1558 1025 1625 ferme
1040 1565 1128 1625 totus
1145 1559 1242 1626 adio-

105 1673 150 1737 tis
170 1671 292 1737 nostris
302 1670 539 1736 mercatoribus
559 1669 720 1734 rationem
730 1665 918 1732 redditurus
934 1671 1106 1752 acceperit,
1123 1675 1156 1733 et
1175 1690 1241 1734 non

107 1779 152 1845 ad
164 1779 279 1864 ipsum,
291 1778 348 1843 sed
359 1778 401 1844 ad
412 1776 487 1843 illos
498 1775 684 1860 plenissime
695 1773 917 1858 pertinerent,
933 1775 1106 1859 Majestati
1122 1773 1243 1842 Vestra

110 1893 271 1972 quantum
297 1907 368 1952 oum
393 1882 539 1951 efficacia
564 1904 734 1968 possumus
760 1881 986 1965 supplicamus
1005 1892 1168 1966 quatenus
1184 1905 1245 1969 pro

111 1997 244 2061 iusticie
260 1994 350 2059 cultu
376 2001 409 2059 et
435 1991 682 2058 conservatione
707 1989 825 2056 iurium
841 1995 1026 2057 nostrorum
1042 1993 1157 2057 civium
1174 2015 1246 2076 pre-

114 2104 288 2182 dictorum,
305 2101 483 2185 dignemini
509 2106 628 2166 cuncta
652 2098 789 2182 negocia
805 2097 883 2162 dieti
899 2095 1079 2182 Augustini
1095 2099 1128 2164 iu
1144 2103 1246 2167 mani·

112 2211 177 2277 bus
193 2210 357 2276 Dominioi
373 2209 432 2274 filii
450 2209 528 2274 dicti
545 2207 713 2273 Francisei
734 2205 898 2288 Federigi,
914 2211 948 2271 et
964 2205 1102 2273 Antonii
1119 2208 1158 2276 de
1175 2209 1246 2274 Ma-

110 2319 217 2402 oignis
232 2319 309 2402 poni
341 2317 456 2397 Iacere,
482 2315 675 2399 favoresque
701 2312 821 2381 Vestra
847 2312 1067 2396 Celsitudiuis,
1083 2323 1120 2381 ut
1136 2319 1246 2382 omnia

109 2446 309 2510 congregare
334 2425 469 2509 possint,
494 2431 527 2489 et
543 2423 679 2488 realiter
695 2423 836 2504 exigant,
853 2421 991 2488 exibere.
1008 2423 1051 2488 Idt
1068 2446 1165 2508 super
1181 2425 1242 2508 his,

23 2529 26 2536 ’
111 2555 176 2620 que
194 2533 297 2600 Ouria
313 2539 422 2599 vestra
439 2531 572 2598 deberet
588 2530 702 2597 taliter
722 2531 882 2610 ordinare,
899 2531 985 2614 quod
1002 2531 1113 2626 debita
1128 2533 1249 2600 solutio

9 2705 19 2718 ,
111 2645 173 2709 fiat
190 2643 321 2724 eisdem,
338 2663 378 2707 ne
395 2646 594 2706 mercatores
620 2639 779 2704 antedicti
806 2644 941 2726 propter
966 2647 1103 2707 mortem
1118 2641 1249 2725 Augus-

24 2808 28 2816 .
113 2753 176 2817 tini
200 2751 320 2822 sentire
336 2750 464 2833 possint
480 2747 728 2826 incommodum,
749 2768 827 2812 neve
844 2753 980 2831 propter
1000 2750 1132 2814 servitia
1150 2748 1249 2816 Ourie
1288 2816 1293 2826 ,

114 2860 254 2926 subeant
279 2858 413 2942 aliquod
439 2859 679 2924 detrimentum.
711 2855 782 2922 Nos
798 2862 914 2935 autem,
939 2858 1107 2939 totiusque
1132 2858 1245 2942 populi

114 2968 305 3034 Florentini
331 2966 470 3048 devotio,
486 2965 731 3048 benignitatem,
757 2986 853 3047 quam
869 2967 902 3028 in
918 2965 968 3028 his
984 2966 1106 3031 nostris
1124 2966 1248 3032 uiribus

114 3077 304 3155 ostendetis,
320 3075 512 3158 recipiemus
538 3075 593 3140 ad'
608 3074 760 3158 gratiam,
776 3079 809 3138 et
826 3095 913 3156 spem
932 3073 1149 3157 concipiemus
1165 3076 1250 3141 anti-

114 3205 180 3268 que
210 3183 435 3263 benivolentia,
460 3205 558 3266 quam
577 3180 842 3247 Sacratissimum
877 3181 1049 3264 Hungarie
1069 3182 1250 3270 Dyadema,

113 3291 290 3373 felicisque
307 3291 459 3356 memorie
476 3289 547 3355 Rex
563 3289 695 3355 inolitus
722 3287 908 3355 Ludovieus
924 3297 1020 3373 pater
1037 3297 1144 3357 vester
1169 3313 1249 3357 sem·

115 3421 180 3483 per
197 3398 239 3466 ad
256 3422 316 3465 uos
332 3399 447 3465 habuit
463 3405 622 3482 perpetuo
650 3381 853 3462 duraturam.
871 3398 994 3463 Datum
1012 3399 1179 3465 Florentio
1195 3401 1249 3466 die

116 3504 294 3573 XXVIII.
313 3506 426 3590 Martij
445 3506 513 3573 III.
530 3505 719 3571 indictionis
735 3502 1135 3571 Meounxxxxnll.

114 3615 242 3678 (Eredeti
257 3617 470 3682 togalmazvany
483 3615 651 3692 sedignori,
668 3614 824 3679 Carteggie,
839 3613 967 3664 MissIve«
983 3616 1035 3665 stb.
1049 3617 1155 3666 XXIII.
1170 3616 1249 3666 kilte-

557 3705 632 3754 tebol
648 3709 705 3754 mr.
720 3717 758 3754 uz.
773 3707 810 3766 a.)

645 3959 720 4022 457.

117 4119 288 4187 Bruncboi
312 4118 385 4186 Vult
404 4120 545 4186 azerbiui
557 4121 645 4208 filtro·
661 4145 681 4184 a
704 4118 856 4184 ueleuczee'
880 4122 1011 4208 potyrium
1027 4122 1118 4207 jopot
1144 4121 1249 4210 uperi.

637 4233 734 4294 1394.

230 4386 414 4456 Anthemius
430 4383 573 4458 Venerio
590 4389 653 4456 Dei
669 4391 779 4474 gratia
795 4390 871 4454 Dux
892 4387 1107 4457 Venetiarum
1125 4389 1250 4456 univer-

120 4497 166 4562 sis
182 4500 217 4560 et
233 4498 368 4579 singulis
384 4504 453 4563 tam
470 4497 582 4565 amieis
600 4519 698 4581 quam
715 4498 875 4579 fidelibus,
891 4505 924 4563 et
950 4506 1014 4564 tam
1044 4497 1250 4580 presentibus

122 4626 221 4690 quam
241 4605 366 4687 futuris,
383 4627 516 4690 presens
533 4608 739 4690 priuilegium
767 4609 970 4690 inspecturis,
988 4608 1123 4672 sulutem
1140 4613 1172 4672 et
1188 4607 1250 4672 sin·
