3226 5258
391 325 433 391 32
741 347 975 398 brenonnoznr
992 333 1159 396 anebsan.

385 510 480 571 tenus
504 507 567 592 ipsi
592 515 706 575 nostro
730 509 816 576 felici
840 516 986 596 tempore
1004 512 1103 576 certis
1122 507 1383 594 specialibusque
1398 529 1504 594 prere

385 615 567 695 gativarum
582 615 692 682 titulis
708 639 741 684 se
757 621 901 686 senciant
918 617 1088 684 decencius
1103 615 1287 714 insignitos,
1296 622 1330 682 et
1345 618 1379 682 in
1389 615 1424 682 N
1425 625 1507 683 estre

384 723 571 790 Maiestatis
594 726 807 810 beneplacitis
830 725 1009 793 ferventius
1034 728 1244 809 persistentes
1260 723 1354 792 bonis
1370 726 1505 809 pociori-

383 833 443 898 bus
469 841 668 918 augeantur;
693 837 798 903 eidem
814 834 959 918 Civitati,
976 835 1109 919 eiusque
1126 834 1258 915 civibus,
1274 834 1506 901 mercatoribus

384 945 416 1004 et
436 940 549 1008 incolis
572 944 732 1011 universis
756 945 842 1010 hanc
860 943 1005 1028 graciam
1021 942 1170 1008 duximus
1185 940 1369 1008 faciendam
1387 942 1506 1026 specio

383 1048 446 1116 lein
462 1051 715 1137 infrascriptam,
729 1058 767 1118 ut
783 1054 934 1121 universa
947 1057 980 1118 et
990 1051 1136 1136 quelibet
1147 1052 1358 1116 mercimonia
1368 1050 1504 1116 omnium

382 1180 493 1225 rerum
522 1160 682 1226 venalium
713 1161 930 1244 cuiuscunque
957 1159 1111 1226 maneriei
1143 1157 1195 1224 vel
1226 1158 1355 1242 speciei,
1369 1157 1503 1243 generis,

381 1268 535 1350 colorum,
560 1269 786 1350 estimacionis,
803 1288 860 1334 seu
876 1268 977 1352 precii
995 1267 1177 1342 existentia,
1201 1286 1263 1349 que
1288 1265 1329 1331 de
1350 1265 1504 1332 universis

382 1373 519 1442 Prussie
537 1375 698 1460 partibus,
713 1383 747 1442 et
762 1376 931 1461 signanter
948 1376 987 1442 de
1005 1374 1137 1441 Thorun
1156 1375 1191 1440 iu
1206 1376 1311 1458 ipsam
1330 1373 1503 1440 Civitatem

381 1489 527 1549 nostram
552 1481 744 1551 Cracoviam
770 1505 828 1567 per
852 1503 1061 1568 quoscunque
1086 1482 1249 1548 dictarum
1265 1482 1412 1566 parcium
1426 1503 1503 1548 mer-

381 1599 509 1657 catores
534 1589 737 1674 deferentur;
762 1593 797 1656 in
813 1590 928 1657 eadem
944 1589 1085 1657 Civitate
1112 1587 1320 1656 Cracoviensi
1346 1589 1503 1672 deponere

381 1697 520 1766 debeant
535 1702 569 1766 et
588 1697 725 1765 vendere
742 1705 926 1780 teneantur,
941 1719 1006 1764 non
1022 1697 1172 1764 audendo
1187 1697 1325 1764 ulterius
1341 1717 1399 1762 seu
1414 1703 1503 1764 extra

379 1807 485 1890 ipsam
510 1804 685 1874 Civitatem
710 1807 887 1891 procedere
903 1828 975 1874 cum
991 1806 1209 1873 mercimoniis
1226 1827 1337 1873 eorum
1353 1812 1503 1890 prenota·
1599 1827 1601 1894 t

378 1915 430 1979 tis.
447 1914 488 1979 In
513 1915 603 1980 cuius
618 1916 665 1981 rei
681 1916 903 1982 testimonium
918 1924 952 1982 et
967 1922 1156 2000 perpetuam
1171 1913 1359 1980 firmitatem
1376 1935 1503 1998 presen-
1599 1899 1601 1984 l

378 2027 427 2088 tes
452 2023 581 2089 litteras
606 2030 736 2090 nostras
761 2025 985 2109 privilegiatae
1010 2024 1131 2090 eisdem
1157 2023 1373 2090 concessimus
1403 2021 1502 2106 sigilli

376 2133 478 2198 nostri
502 2133 634 2200 maioris
658 2140 692 2200 et
715 2135 875 2201 autentici
906 2132 1063 2219 simplicis
1094 2133 1301 2218 appensionis
1326 2131 1501 2198 munimine
1599 2143 1601 2218 ᾗ

375 2241 559 2309 roboratas.
583 2240 706 2309 Datum
732 2244 766 2306 in
790 2241 1006 2326 Wischegrad
1028 2247 1121 2309 sexta
1145 2242 1197 2308 die
1216 2240 1337 2306 mensis
1355 2237 1500 2324 Augusti
1599 2257 1601 2272 *

377 2369 462 2414 anno
478 2348 611 2416 Domini
626 2349 798 2416 millesimo
816 2347 1064 2418 CCCLXXII.

377 2493 461 2556 (XIV.
486 2494 596 2546 artandi
609 2494 932 2561 mtsclstborhdrtytn3
958 2512 976 2547 a
999 2495 1093 2547 aimei
1118 2493 1185 2546 rand
1211 2492 1389 2560 konigsbergi
1414 2493 1500 2544 titios

290 2584 294 2590 '
829 2585 1043 2650 levtlttrtban.)
1599 2575 1601 2598 ²

857 2747 1015 2758 -1—---·

911 2917 962 2977 30.

370 3073 401 3137 Α
416 3069 569 3138 celenezei
579 3075 919 3163 kormdnytonctcsnalc
935 3074 1059 3163 tenperi
1074 3073 1308 3140 leereslcedtadre
1324 3072 1499 3149 concitem

574 3183 730 3250 rendelete
745 3187 884 3272 Ropnza
900 3189 997 3252 veros
1012 3185 1176 3251 ellene'ben.
1201 3186 1297 3251 1372.

475 3340 573 3409 Anno
590 3342 870 3413 MCCCLXXII.
889 3346 1065 3413 indictione
1081 3345 1148 3414 XI.
1165 3345 1217 3411 die
1234 3341 1333 3414 VIII.
1350 3341 1497 3428 Septem-

367 3449 445 3516 bris.
462 3447 624 3535 Capta:
636 3450 719 3519 Cum
736 3455 780 3519 sit
795 3454 935 3537 quedem
944 3475 1022 3539 pars
1038 3455 1183 3538 captain
1199 3455 1322 3520 nostris
1333 3449 1496 3520 Consiliis

368 3557 455 3642 quod
471 3581 544 3625 cnm
559 3562 668 3645 aliquo
683 3564 813 3647 navigio
828 3568 958 3630 armato
974 3563 1180 3648 nonpossint
1198 3562 1325 3629 extrahi
1343 3561 1384 3628 de
1400 3563 1499 3644 intra,

367 3663 500 3732 Culfum
525 3687 584 3750 pro
609 3670 773 3754 portando
800 3677 893 3736 extra
915 3668 1047 3737 Cultum
1072 3672 1183 3753 alique
1199 3672 1422 3754 mercationes,
1440 3689 1497 3735 ex·

366 3778 461 3858 cepto
486 3795 566 3842 auro
590 3784 623 3842 et
651 3784 806 3861 argent03
830 3799 892 3862 que
913 3773 992 3861 pars
1008 3783 1109 3863 capta
1124 3776 1187 3844 fuit
1204 3784 1340 3863 propter
1356 3775 1497 3844 metalla

366 3879 406 3946 de
430 3882 593 3967 Raguxio,
618 3907 680 3969 que
706 3886 938 3954 caricabantur
963 3909 1061 3972 super
1085 3889 1203 3954 nostris
1219 3888 1323 3972 galeis
1338 3908 1411 3970 cum
1426 3907 1498 3952 ma-

363 3991 450 4055 ximo
475 3992 593 4059 damno
609 3994 714 4060 nostri
740 3994 945 4078 Communis;
972 4002 1005 4061 et
1030 3997 1094 4062 sint
1119 3995 1231 4081 aliqui,
1248 3995 1305 4078 qui
1323 3994 1411 4061 dicta
1425 4014 1500 4059 me-

364 4095 446 4163 talla
461 4105 670 4168 extraxerunt
685 4102 726 4168 de
741 4103 903 4188 Raguxio,
919 4111 953 4172 et
969 4103 1195 4172 conduxerunt
1207 4102 1310 4172 Corin
1327 4112 1361 4171 et
1377 4107 1410 4171 in
1424 4102 1499 4172 Ro·

364 4207 503 4272 maniam
528 4209 660 4276 bassam
684 4233 745 4296 pro
770 4212 943 4281 caricando
969 4214 1041 4298 ipsa
1058 4235 1157 4299 super
1181 4214 1285 4299 galeis
1301 4235 1322 4280 a
1336 4218 1502 4310 mercato,

364 4312 451 4395 quod
478 4323 561 4383 esset
586 4325 702 4386 contra
717 4322 931 4390 intencionem
947 4321 1067 4404 Terre3
1092 4322 1183 4389 vadit
1197 4343 1283 4409 pars,
1300 4322 1389 4406 quod
1403 4342 1503 4387 nunc

363 4422 451 4488 etde
476 4432 585 4492 cetero
609 4435 713 4496 totum
739 4433 907 4500 metallum
923 4431 1096 4500 cuiuslibet
1112 4432 1259 4500 condicio
1275 4435 1336 4516 nis,
1356 4437 1503 4515 excepto

363 4548 443 4595 auro
460 4539 493 4596 ct
509 4542 655 4620 argento,
672 4537 760 4622 quod
780 4542 978 4609 ca1icabitur
995 4547 1090 4607 extra
1106 4539 1238 4608 Callum
1255 4563 1351 4627 super
1368 4539 1504 4607 nostris
