3182 5252
377 359 440 422 508
725 378 961 424 nrrnonaczmr
979 366 1146 423 ansermi.

376 535 589 602 Veneciarum
600 558 666 601 una
681 559 754 600 cum
765 558 823 600 suo
841 534 985 603 Consilio
1002 536 1143 602 habente
1159 535 1375 601 omnimodam
1392 543 1500 619 potes-

376 651 488 724 tatem,
504 645 537 708 in
554 667 617 726 qno
644 643 806 708 affuerunt
832 667 885 708 sex
899 645 951 710 sui
976 644 1122 725 Consilii,
1147 643 1301 710 videlicet
1325 643 1454 708 nobiles
1471 650 1504 708 et

375 752 535 834 sapientes
564 752 624 815 viri
650 750 772 816 domini
797 751 968 816 doliannes
993 751 1128 834 Bembo,
1152 749 1320 816 Johannes
1346 749 1506 830 Storlato,

377 856 564 924 Cardianus
581 858 743 940 Barbare,
761 857 784 924 J
786 858 928 924 ohannes
943 860 1063 942 Barbo,
1073 857 1263 924 Dominicns
1273 858 1377 941 Bono,
1395 859 1505 925 stlta

376 966 492 1050 migius
519 967 731 1050 Superancio,
748 976 780 1032 et
797 970 864 1034 tria
889 965 1009 1052 Capita
1036 969 1076 1033 de
1101 967 1341 1051 Quadraginta,
1365 967 1508 1032 sicilicet

379 1074 501 1140 nobiles
519 1076 579 1140 viri
596 1074 716 1140 domini
743 1075 861 1142 Daniel
877 1076 1040 1157 Dandnlo,
1064 1075 1232 1141 Johannes
1257 1075 1459 1156 Contareno,
1475 1084 1508 1139 et

374 1181 398 1247 J
400 1181 547 1248 ohannes
564 1180 763 1266 Capeliano
781 1185 923 1266 quinque
939 1182 1108 1267 Sapientes
1134 1181 1279 1263 Consilii,
1306 1183 1432 1248 scilicet
1449 1203 1506 1246 uo-

377 1292 456 1357 biles
473 1299 505 1356 et
516 1293 678 1376 sapientes
690 1293 750 1357 viri
761 1292 882 1358 domini
892 1293 1249 1359 LeonardusDandulo
1259 1293 1367 1372 Miles
1377 1291 1508 1358 Johsn·

376 1421 432 1465 nes
450 1395 639 1466 Gredonico
657 1399 1015 1466 ProcuratorEcclesie
1032 1399 1146 1467 Sancti
1162 1400 1277 1481 Marci,
1290 1398 1431 1466 Carolus
1440 1399 1509 1467 Ge-

376 1531 428 1593 no,
448 1508 567 1574 Petrns
584 1505 703 1592 Aymo,
719 1513 750 1572 et
767 1508 920 1574 Donatus
945 1509 1066 1590 Truno,
1083 1517 1117 1575 et
1139 1529 1247 1576 omnes
1271 1515 1305 1575 et
1330 1509 1449 1592 singuli
1468 1509 1510 1574 de

376 1615 521 1682 Consilio
538 1614 778 1700 Quadraginta,
794 1617 833 1682 de
851 1615 995 1683 Consilio
1012 1617 1216 1700 Rogatornm
1243 1619 1332 1683 etde
1359 1615 1508 1682 Consilio

376 1723 560 1808 Adjnnctc;
584 1727 726 1791 volentes
743 1731 776 1791 et
792 1713 995 1791 intendentes
1021 1724 1140 1792 dictam
1165 1747 1278 1809 pacem
1295 1730 1329 1790 et
1345 1726 1459 1789 omnia
1475 1732 1510 1790 et

379 1833 509 1916 singula
525 1833 558 1898 in
575 1834 800 1899 instrumentis
816 1833 917 1918 ipsius
932 1835 1022 1917 pacis
1038 1840 1189 1900 contenta
1203 1833 1390 1918 plenissime
1406 1839 1442 1898 et
1459 1833 1509 1896 iu·

378 1942 575 2008 violabiliter
591 1941 773 2025 observare,
789 1949 961 2024 sequentes
977 1941 1117 2009 formam
1142 1942 1282 2026 predicti
1308 1941 1444 2024 capituli
1464 1941 1506 2005 de

378 2052 464 2116 dicto
477 2051 665 2134 juramento
681 2052 869 2133 prestando,
885 2050 919 2114 in
945 2051 1112 2133 presencia
1129 2057 1162 2115 et
1188 2049 1230 2116 ad
1257 2050 1510 2132 requisicionem

378 2157 571 2225 venerabilis
589 2158 622 2221 in
639 2156 770 2222 Christo
787 2159 890 2242 patris
906 2158 1027 2224 domini
1048 2155 1182 2240 Georgii
1208 2156 1364 2240 Episcopi
1390 2155 1508 2222 Eccle-

378 2269 424 2332 sie
440 2267 627 2343 Bosnensis,
643 2267 866 2349 procuratoris
882 2273 915 2330 et
931 2266 1054 2350 syndici
1074 2263 1362 2331 Serenissimarnm
1388 2273 1420 2329 ct
1437 2265 1508 2330 Ex·

377 2374 678 2440 cellentissimarum
696 2372 899 2438 dominarum
910 2373 1018 2438 Maris
1029 2372 1093 2438 Dei
1103 2374 1214 2458 gracia
1229 2373 1413 2455 Hungarie,
1424 2372 1509 2438 Dal·

376 2483 488 2563 macie,
509 2481 669 2548 Chroacie
689 2489 748 2546 etc
766 2504 824 2546 nec
835 2480 1250 2565 nonElisabetHnngarie,
1261 2479 1407 2561 Polonie,
1422 2477 1509 2546 Dal·

377 2592 489 2673 macie,
505 2595 563 2655 etc.
580 2589 783 2672 Reginarnm
799 2589 842 2654 ad
857 2589 1068 2672 infrascripta
1078 2591 1264 2674 specialiter
1274 2589 1456 2668 constituti,
1466 2597 1505 2656 nt

378 2702 506 2765 constat
514 2694 703 2780 patentibus
712 2694 1042 2778 litterisprefatarum
1050 2693 1508 2762 SerenissimarumDomiua-

377 2827 447 2872 rum
464 2804 550 2869 datis
565 2803 661 2870 Bnde
677 2802 794 2870 XXV.
812 2803 863 2868 die
879 2805 998 2868 mensis
1008 2801 1136 2885 Aprilis
1153 2826 1238 2870 anno
1254 2804 1388 2870 Domini
1398 2805 1503 2870 mille·

378 2913 458 2978 simo
467 2912 693 2978 tercentesimo
705 2911 925 2993 octuagesimo
935 2911 1045 2991 tercio,
1055 2916 1089 2976 et
1098 2912 1307 2996 apposicione
1318 2912 1503 2996 sigillorum

377 3027 575 3088 secretorum
592 3019 814 3103 predictarum
835 3018 1192 3086 Excellentissimarum
1217 3019 1421 3104 Reginamm
1436 3041 1507 3085 mn·

378 3128 463 3208 uitis,
480 3149 500 3192 a
516 3149 566 3193 me
581 3125 723 3192 Notario
740 3126 951 3209 infrascripto
971 3128 1111 3192 visarum
1128 3134 1161 3192 et
1177 3127 1346 3210 lectarum,
1362 3151 1505 3212 quarum

377 3238 560 3303 litterarum
576 3243 669 3301 tenor
685 3235 822 3302 inferius
838 3243 888 3301 est
903 3235 1053 3320 insertus,
1063 3237 1278 3321 corporaliter
1294 3239 1393 3304 tactis
1404 3238 1504 3321 scrip

378 3346 461 3412 turis
473 3347 665 3430 juraverunt
683 3343 725 3409 ad
742 3343 866 3410 Sancta
875 3344 939 3409 Dei
950 3343 1133 3429 Evangelia
1142 3343 1323 3430 predictam
1334 3355 1505 3432 paoem,et

378 3454 487 3518 omnia
502 3457 535 3518 et
551 3451 682 3535 singula
697 3452 852 3534 capitula,
869 3458 975 3534 pacta,
987 3454 1271 3536 etconvencioneS,
1287 3475 1326 3519 ac
1342 3456 1503 3520 remissio

380 3583 445 3644 nes,
462 3567 494 3624 et
519 3561 627 3625 omnio
642 3567 676 3625 et
692 3559 822 3642 singula
847 3559 881 3623 in
897 3561 1111 3624 instrumento
1137 3559 1224 3625 dicte
1242 3563 1333 3644 pacis
1350 3571 1504 3628 contenta

380 3669 552 3735 attendere
568 3677 601 3734 et
617 3668 800 3751 observare,
816 3691 856 3734 ac
871 3669 999 3734 attendi
1016 3677 1049 3735 et
1065 3669 1229 3735 observari
1254 3671 1362 3736 lacere
1379 3672 1504 3756 absque

380 3779 574 3862 excepcione
591 3777 641 3842 vel
658 3777 732 3842 dolo
748 3779 782 3841 in
798 3799 892 3860 pena,
908 3782 941 3842 et
957 3777 1016 3842 sub
1033 3799 1118 3859 pena
1137 3785 1291 3844 contenta
1315 3781 1350 3843 in
1375 3787 1504 3846 contra·

380 3886 485 3952 ctibns
511 3885 601 3968 pacis
626 3885 782 3968 predicte,
799 3891 832 3948 et
857 3885 916 3950 sub
942 3884 1145 3968 obligacione
1176 3885 1334 3951 bonorum
1361 3888 1503 3953 omnium

381 3995 567 4062 Communis
583 3993 821 4074 Vcneciarum3
845 3994 1073 4059 renunciantes
1089 3994 1388 4078 superomnibuset
1398 3995 1503 4080 singn-

380 4105 421 4169 lis
438 4102 668 4186 suprascriptis
685 4103 871 4184 excepcioni
888 4101 955 4166 doli
972 4103 1048 4168 mali
1065 4109 1098 4166 et
1114 4104 1148 4166 in
1161 4102 1293 4184 factum,
1304 4102 1502 4168 condiccioni

381 4214 449 4277 sine
475 4231 573 4276 causa
599 4209 649 4274 rel
674 4231 713 4273 ex
737 4209 859 4292 injusta
885 4231 993 4294 cansa,
1017 4209 1080 4274 lori
1106 4209 1286 4295 privilegio,
1307 4219 1341 4276 et
1356 4211 1502 4277 omnibns

378 4318 508 4404 juribus
534 4317 691 4396 civilibus
717 4317 881 4382 canonicis
897 4326 930 4384 et
955 4317 1216 4402 municipalibus,
1237 4318 1358 4401 quibus
1373 4325 1502 4402 possent
1584 4371 1585 4398 ,

381 4434 496 4492 contra
506 4425 666 4509 predicta,
676 4426 725 4489 vel
736 4424 868 4506 aliquod
879 4425 1098 4508 predictorum
1109 4426 1357 4509 quomodolibet
1366 4449 1401 4492 se
1410 4425 1502 4490 tueri.

383 4535 491 4605 Tener
506 4543 616 4600 autem
632 4535 820 4602 litterarum
835 4533 1046 4620 Reginalium
1062 4534 1284 4620 predictarum
1300 4534 1378 4601 talis
1388 4543 1447 4615 est,
1458 4535 1500 4599 si·
