3226 5254
598 322 690 382 1380.
1135 323 1193 383 351

82 516 156 558 nunc
169 496 357 578 loquamur,
398 516 503 560 nonne
528 497 554 560 si
581 503 695 563 contra
720 498 824 580 ipsam
842 519 934 563 arma
951 520 1126 580 sumamus,
1142 507 1199 564 aut

83 604 105 666 si
130 603 404 687 oppugnatoribus
430 605 497 670 suis
522 627 636 671 manus
662 607 902 689 porrexerimus
930 607 1115 686 adiutriees,
1134 615 1200 673 sta·

11 701 13 748 1
78 710 150 776 bunt
166 720 279 778 contra
294 735 354 780 nos
369 717 461 796 pater
478 716 511 779 et
527 735 614 794 arus,
632 713 831 780 infinitorum
841 715 1069 781 beneficiorum
1079 737 1197 781 memo-

11 805 13 860 ἕ
78 819 149 883 riam
174 820 411 903 exprobranda
441 820 530 906 Quid
554 821 835 906 Respondebimus
862 824 933 888 dive
959 823 1197 890 recordationis

11 963 13 1012 g
77 924 151 1008 Regi
167 926 329 1012 Roberto;
354 930 432 1012 quid
442 929 599 996 Oalabrie
616 929 720 1010 Duci;
744 931 800 1014 qui
816 953 884 1012 noS,
897 937 1062 1016 tamquam
1075 932 1198 1016 gallina

11 1019 13 1144 ἑ
76 1034 170 1116 pullos
186 1059 270 1118 suoS,
286 1038 347 1103 sub
364 1040 490 1104 alarum
509 1057 640 1103 suarum
656 1038 780 1119 umbra,
805 1041 1005 1123 temporibus
1022 1040 1196 1107 admodum

11 1157 13 1216 ξ
76 1142 171 1210 dubiis
186 1144 429 1227 protexerunt?
454 1143 577 1210 Pareat
594 1145 685 1210 nobis
703 1145 809 1229 Regia
825 1145 993 1230 Majestas,
1010 1153 1127 1229 parcat
1142 1169 1198 1212 uo-

11 1267 13 1294 2
74 1249 119 1316 bis
134 1251 253 1318 domini
271 1254 388 1320 Karoli
405 1251 596 1335 Olaritud03
612 1275 677 1319 non
693 1275 864 1337 possumus
876 1261 991 1320 contra
1002 1257 1193 1339 sanguinem

11 1345 13 1402 i
76 1356 161 1424 istum
177 1361 353 1445 insurgere,
371 1383 434 1426 nou
450 1383 621 1444 possumus
638 1363 670 1426 iu
688 1361 748 1428 hoe
766 1363 1005 1445 consanguineo
1031 1362 1117 1429 bello
1134 1385 1195 1447 pro

11 1547 13 1554 Ι
76 1490 132 1532 uuo
149 1475 259 1535 contra
276 1471 377 1536 alium
402 1492 495 1536 arma
511 1492 647 1536 morere.
673 1471 824 1536 Mutetur
842 1471 953 1556 hostis
969 1471 1129 1538 inferatur
1144 1493 1195 1536 ex·

76 1582 120 1640 tra
134 1601 229 1660 genus
245 1580 387 1663 Regium
403 1581 526 1645 iustum
544 1579 664 1645 bellum
678 1604 685 1662 ;
702 1589 735 1646 et
751 1587 828 1647 tunc
845 1589 1003 1666 quantum
1019 1581 1195 1648 debeamus

76 1683 234 1770 lllajestatl
260 1685 390 1768 Vestro,
415 1693 573 1771 quantum
591 1696 708 1772 parata
733 1690 775 1754 sit
804 1689 910 1755 lacere
927 1696 1041 1755 nostra
1057 1689 1194 1771 deuotio,

77 1789 354 1860 demonstrabimus
371 1817 430 1878 per
445 1797 603 1862 effectum.
620 1795 685 1863 Sed
701 1799 905 1881 promisistis
923 1798 1073 1880 inquiunt
1088 1798 1145 1880 illi,
1162 1806 1193 1863 et

76 1922 126 1981 per
140 1897 293 1970 Oratores
310 1909 434 1972 uestros
451 1904 633 1970 liberaliter
650 1906 812 1972 obtulistis
829 1906 960 1971 domino
977 1905 1071 1988 Regi,
1087 1927 1143 1970 vos
1160 1907 1194 1970 in

76 2011 276 2092 acquisitione
291 2011 407 2094 Regni,
424 2019 535 2078 vestra
549 2013 695 2080 subsidia
706 2014 901 2097 prebituros
918 2013 992 2080 Hoc
1002 2015 1088 2079 enim
1099 2013 1194 2079 ambo

75 2119 221 2184 tenaciter
237 2119 444 2204 allegabant;
462 2120 531 2204 hoc,
547 2127 584 2186 ut
599 2143 697 2205 supra
712 2123 861 2205 diximus
878 2144 940 2188 nou
957 2121 1119 2187 modicum
1135 2121 1192 2187 ad-

75 2225 225 2292 miramur.
242 2225 370 2292 Scimus
387 2229 472 2294 enim
488 2229 691 2295 devotionem
703 2237 848 2296 nostram
864 2252 923 2313 per
940 2229 1079 2295 nobilem
1090 2230 1194 2295 virum

11 2387 13 2408 ‚
75 2327 223 2400 Simonem
239 2333 398 2420 Raynerii
414 2338 516 2402 ciuem
532 2343 565 2402 ct
582 2337 756 2404 Oratorem
773 2343 919 2402 nostrum
931 2337 1103 2421 Majestati
1115 2337 1195 2404 Ves-

75 2447 116 2504 tre
138 2441 235 2525 ligem
253 2441 449 2511 Generalem
466 2445 500 2509 in
516 2445 613 2510 Italic
630 2443 780 2528 partibus
796 2443 970 2526 obtulisse,
995 2467 1053 2511 nee
1070 2446 1194 2528 putavi-

74 2568 141 2631 mus,
166 2574 224 2618 nee
249 2558 402 2636 putamus
427 2553 585 2621 Vestram
610 2551 844 2624 Oelsitudinem
872 2553 933 2620 lroc
959 2555 1089 2634 sentire,
1106 2553 1195 2637 quod

75 2667 176 2726 contra
198 2659 463 2726 Illustrissimam
487 2661 650 2745 Reginam
676 2661 836 2746 prefatam
854 2661 1043 2728 deberemus
1070 2661 1193 2728 Vestro

75 2761 205 2833 Oulmini
223 2769 349 2853 sociari,
368 2791 439 2834 cum
458 2791 523 2854 qua
539 2777 615 2835 tunc
631 2777 664 2836 et
681 2772 890 2852 nuncetiam,
907 2777 944 2836 ut
959 2777 1121 2855 putamus,
1139 2791 1194 2853 pa·

74 2891 133 2940 cem
155 2875 281 2942 habetis
308 2883 341 2943 et
366 2877 573 2944 concordiam
598 2878 767 2944 illibatam.
794 2876 949 2944 Oblatam
967 2885 1078 2943 tamen
1094 2879 1192 2961 ligem

73 2983 163 3049 uoluit
181 2983 301 3050 Vestra
327 2983 520 3051 Sublimitas
547 2993 736 3070 acceptare,
759 2986 845 3052 unde
862 2988 963 3070 igitur
990 2996 1102 3054 nostra
1118 3008 1193 3070 pro-

73 3091 171 3157 missio
187 3092 230 3158 ad
246 3093 457 3160 obtinendum
474 3094 535 3158 hoc
546 3093 725 3160 subsidium
737 3094 923 3178 allegatur?
940 3096 1023 3160 sicut
1033 3115 1097 3158 non
1108 3093 1193 3158 vide·

74 3215 142 3281 mus,
158 3202 202 3266 sic
219 3201 449 3282 allegationem
466 3203 571 3284 ipsam
589 3225 654 3268 non
671 3202 833 3267 credimus
851 3203 890 3268 de
907 3202 1061 3268 mandato
1074 3202 1192 3267 Vestro

73 3300 273 3373 (telettudinis
297 3309 503 3390 processisse.
530 3307 601 3372 Hee
629 3331 691 3392 que
707 3331 792 3374 nunc
809 3310 979 3394 Majestati
995 3309 1115 3373 Vestro
1132 3329 1192 3391 pro

11 3465 14 3484 .
73 3417 267 3497 responsione
293 3419 477 3500 repetimus
493 3423 526 3482 et
542 3418 607 3482 alia
633 3418 737 3500 plura,
764 3440 826 3500 que
842 3424 1004 3500 nequeunt
1025 3416 1194 3501 epistolari

73 3517 222 3591 brevitate
247 3526 428 3609 complecti,
460 3525 617 3590 iacientes
649 3547 707 3609 per
739 3532 866 3591 nostros
898 3523 1057 3591 Oratores
1089 3523 1193 3590 eidem

72 3625 204 3717 Principi
229 3634 438 3716 responderi;
462 3633 550 3698 visus
575 3639 625 3698 est
650 3632 892 3717 aliquantulum
918 3633 1114 3718 perturbari.
1140 3633 1193 3696 Ex

74 3759 128 3820 quo
143 3743 311 3807 confestim
328 3747 443 3807 nostra
460 3739 587 3807 devotio
604 3741 664 3807 sibi
680 3743 815 3825 pecunie
830 3741 974 3808 subsidia
989 3741 1067 3807 fecit
1083 3739 1192 3805 offerri

74 3843 107 3912 de
121 3869 252 3931 summa,
270 3871 368 3932 quam
385 3849 418 3913 in
435 3854 604 3915 contractu
621 3850 713 3931 pacis
729 3850 936 3932 promisimus
956 3848 1091 3914 Summo
1106 3849 1192 3913 Pon·

73 3955 150 4041 tifici,
165 3961 247 4025 sicut
262 3959 372 4024 luerat
388 3957 429 4023 ab
447 3956 642 4024 Oratoribus
659 3958 723 4023 suis
740 3959 926 4040 negativam
952 3956 1192 4042 suspicantibus

72 4065 268 4143 postulatum.
293 4065 364 4131 Nec
391 4065 451 4130 hoc
475 4063 589 4145 voluit,
616 4062 703 4148 quod
720 4086 792 4129 cum
809 4065 977 4130 honestate
994 4071 1192 4148 poteramus,

11 4235 13 4258 Ι
73 4170 205 4239 eiusdem
228 4173 393 4257 Principis
419 4172 563 4238 Claritas
580 4179 760 4254 acceptare.
776 4172 916 4238 Demum
932 4173 1088 4254 videntes,
1106 4173 1192 4256 apud

11 4313 13 4360 ;
74 4278 167 4362 ipsum
191 4301 263 4348 esse
289 4288 421 4346 cunctos
447 4285 580 4344 nostros
607 4279 730 4346 emulos
757 4286 791 4344 et
817 4280 989 4358 bannit0s3
1023 4281 1191 4346 audientes

11 4369 13 4406 ³
73 4407 134 4470 que,
150 4389 231 4455 sicut
247 4389 337 4456 lama
363 4388 490 4470 publice
518 4385 704 4454 testabatur
722 4388 867 4471 ipsorum
884 4409 1027 4472 causam,
1043 4389 1191 4472 quamuis

74 4492 125 4562 hoc
139 4519 202 4564 non
218 4505 407 4583 putaremus
434 4496 534 4588 armis
559 4495 786 4561 favorabiliter
816 4502 1068 4584 assumpturum,
1085 4497 1192 4562 decre-
