3210 5252
598 417 691 479 1374.
1166 423 1208 482 69

7 615 8 618 ’
84 589 226 656 Romana
243 589 357 674 Curia,
368 589 469 654 sedin
481 589 617 656 diuersis
629 595 724 657 torris
735 593 806 674 tuis,
817 601 848 658 ot
861 594 967 674 Italic,
985 601 1018 659 ot
1034 593 1210 661 Alamauie

83 697 224 782 partibus
250 697 387 764 fecimus
413 696 583 781 publicari,
608 705 640 764 et
665 700 726 764 tibi
752 701 963 766 nihilominus
989 703 1212 770 intimauimus

84 827 130 892 per
145 812 278 873 nostras
304 805 436 872 litteras
452 807 613 890 speciales.
641 807 736 876 Vnde
753 815 811 874 tua
829 811 956 876 sincera
973 811 1139 894 hucusque
1160 813 1211 876 dc-

84 915 163 981 uotio
189 915 371 999 diligenter
395 915 557 994 aduertat,
583 919 610 981 si
637 916 715 982 velis
732 939 791 1000 pro
809 920 1014 984 matrimonio
1031 921 1213 986 execrabile

88 1024 330 1090 contubernium
347 1029 535 1106 acceptare,
559 1025 585 1088 si
603 1027 636 1089 in
652 1025 804 1091 claritate
829 1032 883 1090 tue
900 1027 1025 1092 Domus
1042 1027 1213 1093 inextrica-

7 1135 9 1138 ’
84 1131 170 1198 bilem
186 1152 312 1215 ponere
339 1131 501 1196 maculam
518 1133 563 1196 sic
579 1130 793 1212 horrendam3
817 1137 843 1198 si
861 1157 880 1198 a
896 1136 1068 1200 deuotione
1091 1141 1145 1199 tua
1165 1157 1213 1199 re·

7 1249 8 1252 ’
85 1239 197 1315 cedere,
216 1260 318 1322 quam
336 1261 462 1322 semper
488 1238 529 1303 ad
556 1240 662 1304 Deum
679 1247 710 1304 ct
727 1241 888 1324 prefatam
906 1243 1088 1307 Ecclesiam
1105 1249 1211 1306 osten-

7 1407 8 1414 ,
85 1346 169 1429 disti;
194 1349 224 1412 si
243 1347 345 1412 etiam
361 1346 439 1410 velis
455 1367 563 1429 gener,
579 1347 654 1412 licet
666 1369 728 1412 non
742 1369 838 1430 esses,
848 1349 987 1414 hominis
998 1357 1065 1413 tarn
1077 1349 1209 1414 nefandi

84 1463 109 1520 ct
131 1454 272 1520 heretici
289 1455 469 1540 appellari;
496 1461 528 1519 et
554 1456 721 1538 sustinere,
747 1456 834 1539 quod
861 1459 929 1520 uati
955 1460 1002 1520 tui
1030 1458 1209 1538 sententiis,

7 1613 8 1616 η
84 1562 189 1646 quibus
214 1561 364 1645 ligantur
390 1561 607 1627 hereticorum
638 1564 773 1646 posteri,
804 1566 1036 1647 astringantur,
1062 1572 1094 1629 et
1122 1565 1210 1648 quod

7 1721 8 1726 η
84 1670 261 1755 predicetur
300 1691 359 1754 per
399 1668 562 1751 muudum,
605 1669 693 1751 quod
725 1671 786 1735 boc
817 1673 850 1735 in
882 1677 1103 1756 contemptum
1136 1671 1210 1737 Ola-

86 1781 172 1860 uium,
190 1799 256 1861 que
275 1775 388 1842 Celum
415 1775 571 1841 claudunt
587 1785 618 1842 et
634 1780 795 1860 aperiunt,
822 1779 959 1843 deuotus
976 1800 1207 1862 usquequaque

82 1883 230 1970 Princeps
247 1884 381 1950 duxeris
398 1883 672 1967 presumendum?
696 1883 915 1950 Existimetur
932 1885 1100 1969 siquidem,
1118 1887 1204 1970 quod

7 1987 8 1992 ¹
84 1999 133 2060 tua
147 1996 276 2078 puritas
303 1991 345 2057 ad
371 1992 433 2057 hoc
458 2015 478 2056 a
504 1990 699 2074 quibusdam
725 1993 789 2058 tuis
814 1995 976 2077 corruptis
993 1991 1208 2072 Consiliariis,

7 2135 8 2154 1
87 2099 151 2166 aliis
166 2107 279 2166 tamen
296 2098 504 2184 probioribus
521 2106 553 2164 et
570 2100 822 2183 sapientioribus
844 2101 1149 2181 contradicentibus,
1167 2103 1207 2164 sit

7 2213 9 2236 ³
85 2208 225 2289 seducta;
249 2207 367 2290 quibus
394 2207 616 2272 seductoribus
642 2205 774 2272 credere
791 2208 823 2271 in
840 2209 963 2274 talibus
981 2231 1043 2273 non
1064 2207 1207 2273 deberes.

7 2311 8 2390 ζ
86 2315 124 2380 ut
138 2318 164 2382 si
180 2337 292 2400 speres
307 2337 461 2398 magnam
478 2314 584 2380 dotem
610 2316 813 2397 pecunialem
830 2315 967 2402 habero;
991 2315 1105 2379 iamin
1122 2315 1207 2381 simi·

7 2439 8 2450 ²
84 2423 158 2488 libus
173 2429 225 2488 est
241 2421 423 2505 probatum,
440 2421 526 2505 qnod
544 2422 625 2486 tales
642 2425 785 2505 pecunie,
803 2425 883 2488 sicut
902 2423 985 2488 male
998 2423 1139 2504 veniunt,
1156 2425 1201 2488 sic

7 2531 8 2568 ³
86 2531 159 2596 mele
173 2541 204 2596 et
222 2529 382 2597 inutiliter
398 2535 602 2594 euanescunt.
621 2529 778 2614 Sciasque
800 2531 940 2612 indubie,
958 2531 1012 2610 fili,
1031 2531 1117 2614 quod
1135 2539 1206 2597 tau·

8 2717 9 2728 χ
84 2647 146 2704 turn
160 2646 351 2726 conceptum
377 2662 439 2704 uon
468 2639 653 2722 poterimus,
680 2641 764 2706 sicut
782 2661 839 2704 nec
856 2638 1054 2714 debebimus,
1072 2641 1205 2724 equani-

8 2759 10 2812 ὲ
87 2749 172 2814 miter
187 2748 346 2828 tolerare;
371 2754 404 2812 et
421 2746 545 2826 nedum,
572 2748 657 2830 quod
684 2748 830 2830 nolimus,
850 2755 948 2832 prout
965 2769 1026 2812 uon
1044 2746 1204 2826 debemus,

8 2917 9 2922 ,
87 2855 211 2922 eandem
228 2863 341 2922 natam
358 2855 438 2921 dicti
453 2855 584 2922 Galeas.
602 2861 634 2920 et
650 2862 740 2921 tuam
757 2863 787 2921 et
805 2877 896 2922 suam
914 2857 1204 2938 prolemascnten·

86 2963 144 3042 tiis,
158 2963 270 3048 quibus
287 2964 410 3049 ligatur
436 2971 467 3028 et
493 2963 683 3047 alligabitur
711 2963 792 3028 idem
810 2963 942 3042 Galeaz,
959 2964 1116 3028 immunes
1133 2963 1202 3027 red·

86 3071 161 3152 dere,
184 3081 214 3136 vt
239 3071 411 3138 Johaunes
438 3071 583 3155 prefatus
610 3092 668 3156 pro
689 3079 745 3136 tua
761 3077 854 3154 parte
872 3072 984 3156 petiit;
1008 3070 1203 3152 quinetiam

9 3237 10 3248 ,
86 3181 318 3248 contubernium
334 3182 519 3246 huiusmodi
536 3203 601 3245 nou
618 3203 687 3246 esse
708 3181 958 3258 matrimonium,
975 3187 1006 3243 et
1024 3201 1080 3262 per
1097 3198 1203 3242 conse·

87 3297 226 3375 quenter,¹
235 3291 360 3374 prolem
387 3288 621 3373 procreandam
649 3311 713 3352 nou
741 3311 810 3353 esse
825 3289 1018 3370 legitimam,
1035 3293 1130 3368 teque
1147 3306 1201 3349 ex-

10 3377 11 3384 ,
88 3400 342 3464 communicatum
369 3406 402 3462 et
428 3396 588 3461 fautorem
616 3397 692 3460 talis
710 3397 769 3460 riri
787 3417 925 3478 mquam
944 3400 976 3456 et
991 3395 1148 3475 damnati,
1164 3417 1202 3460 ac

10 3493 11 3558 ἶ
87 3509 178 3570 terras
193 3514 264 3572 tuas
281 3527 394 3572 ornnes
420 3506 605 3588 suppositas
623 3525 693 3567 esso
710 3502 927 3568 ecclesiastico
955 3501 1138 3566 interdicto.
1154 3503 1201 3567 Et

89 3619 241 3696 postquam
258 3615 343 3678 idem
362 3613 483 3677 Galeas
509 3613 572 3676 erit
595 3611 679 3676 velut
698 3611 859 3676 hereticus
876 3609 1116 3692 (nordemanne,
1132 3611 1200 3675 fau·

89 3725 179 3784 torem
193 3721 334 3802 heretici,
350 3744 423 3786 cum
441 3721 535 3785 fauor
554 3722 597 3784 sit
613 3720 674 3784 tibi
691 3719 776 3799 talis,
802 3720 878 3784 licet
894 3721 933 3785 de
951 3720 1038 3784 lacto
1055 3719 1112 3783 fiat
1127 3741 1200 3784 cou-

89 3827 202 3909 iuuctio,
216 3837 284 3896 tarn
309 3833 344 3895 in
370 3829 519 3894 Romana
545 3827 655 3910 (laria,
672 3849 769 3910 quam
786 3851 843 3910 per
862 3826 1078 3905 Alamaniam,
1095 3827 1199 3891 Fran-

90 3933 167 4018 ciam,
195 3938 335 4020 ltaliam,
367 3937 561 4022 Vngariam,
586 3944 618 4002 et
644 3937 724 4004 alias
759 3943 869 4020 partes
901 3935 1012 4000 mundi
1043 3935 1198 3998 faciemus

90 4049 201 4109 auctore
216 4046 295 4126 Deo,
313 4047 404 4110 cuius
429 4067 538 4109 suurus
555 4047 585 4110 in
603 4047 701 4109 terris
727 4045 877 4126 vicarius,
897 4044 1023 4126 publice
1041 4041 1197 4107 nunciari.

90 4145 149 4216 Hoc
164 4157 268 4219 tamen
286 4154 442 4219 faciemus
460 4155 578 4218 inuiti:
600 4152 656 4216 sed
673 4151 713 4218 ad
733 4152 765 4216 id
783 4150 925 4215 debitum
950 4152 1077 4234 justitie
1093 4155 1127 4212 et
1144 4171 1198 4212 uo·
1230 4205 1233 4212 ,

90 4259 136 4320 stri
158 4261 328 4343 pastoralis
354 4259 453 4326 ostieii
481 4283 538 4324 nos
566 4259 753 4343 ‹eorupellet3
777 4265 876 4342 prout
909 4257 991 4321 idem
1023 4255 1195 4322 Jobannes

89 4360 136 4428 hec
150 4374 181 4430 et
197 4368 260 4435 alia
285 4369 345 4434 tibi
361 4368 460 4433 latius
477 4375 613 4452 exponet
631 4367 761 4432 oraculo
780 4369 851 4432 siue
870 4367 964 4430 vocis.
980 4365 1118 4446 Insuper
1135 4364 1196 4428 tibi

89 4475 184 4540 tenore
200 4479 395 4560 presentium
421 4477 598 4542 districtius
624 4475 815 4556 inhibemus,
831 4499 870 4540 ne
887 4474 928 4539 ad
945 4478 1122 4540 tractatum
1141 4493 1197 4536 seu

90 4571 269 4650 contractum
285 4584 470 4651 huiusmodi
497 4586 720 4649 conuentionis
739 4583 852 4650 illicite
868 4604 997 4667 quoquo
1014 4579 1108 4646 modo
1125 4603 1197 4664 pro-
