3172 5254
430 373 493 435 152
783 377 1018 436 nrrnouucz'rur
1036 372 1201 432 auctuum

427 555 558 630 propter
574 548 759 628 utilitatem,
769 557 837 614 tum
849 549 946 614 etiarn
964 552 1098 630 propter
1115 543 1270 609 honorem
1286 544 1387 609 vestri
1406 542 1552 611 Commu·

426 655 486 736 nia,
503 654 630 720 etiamsi
646 657 707 720 has
723 657 900 722 sententiae
917 656 1121 736 contingeret
1138 652 1306 735 publicari,
1325 653 1397 716 risa
1419 653 1554 716 maxime

429 763 604 846 iniquitate
631 765 800 840 sententie,
817 770 849 828 et
865 762 978 829 audito
995 761 1081 845 quod
1098 759 1226 844 publice
1243 765 1276 825 et
1291 762 1420 826 notorie
1436 759 1552 825 factum

428 867 633 954 prudentiam
662 878 800 936 vestram
832 869 1050 936 verisimiliter
1080 868 1183 933 latere
1210 889 1272 932 non
1299 867 1407 948 debet,
1432 873 1552 932 nostras

426 977 529 1042 iustas
555 977 756 1044 defensiones
781 979 814 1042 in
840 975 1041 1045 Consietorio
1069 975 1253 1042 nullatenus
1279 981 1551 1059 compararetur

427 1083 509 1166 illae,
535 1085 620 1149 sicut
645 1086 804 1150 innumeri
832 1083 1001 1167 Principes
1016 1089 1050 1148 et
1065 1082 1184 1148 infiniti
1211 1084 1319 1166 populi
1347 1084 1482 1162 faciunt,
1499 1083 1549 1148 mi-

427 1193 512 1256 nime
529 1198 736 1274 seruatum,
759 1192 876 1258 nedum
903 1193 970 1257 sine
997 1212 1095 1256 causa
1112 1192 1292 1275 anticipare
1308 1199 1436 1274 tompus
1453 1197 1485 1256 et
1500 1212 1549 1273 pu·

425 1299 631 1366 blicationem
648 1303 762 1384 ipsam,
779 1300 1006 1366 obseruatione
1021 1303 1090 1364 tam
1106 1299 1256 1382 precipiti
1272 1300 1451 1382 preuenire.
1468 1297 1549 1382 Quo

426 1407 513 1472 circa
538 1407 779 1473 fraternitatem
797 1414 936 1472 rostram
954 1403 1221 1472 affectuosissime
1238 1405 1461 1490 deprecamur,
1476 1427 1548 1490 qua·

425 1521 521 1580 tenus
546 1515 669 1580 ciuibus
686 1515 805 1580 nostris
822 1536 879 1580 roe
895 1514 1041 1580 reddatis
1069 1514 1236 1579 beniuolos
1253 1521 1286 1578 ct
1302 1514 1467 1598 benignos,
1484 1535 1548 1596 per·

426 1623 585 1688 mittendo
601 1623 689 1706 ipsos
705 1624 738 1687 in
756 1621 902 1688 Ciuitate
920 1628 1028 1688 restra
1043 1621 1144 1688 libere
1160 1623 1431 1704 permane1·e;rei
1447 1623 1473 1686 si
1489 1644 1547 1688 om·

424 1732 500 1796 nino
524 1731 612 1813 ipsos
637 1729 847 1794 decreueritia
872 1728 1087 1813 expellendoS,
1113 1729 1292 1812 dignemini
1318 1728 1431 1796 taliter
1447 1731 1546 1814 proui-

425 1837 510 1918 dere,
527 1837 612 1920 quod
630 1857 681 1902 res
698 1840 730 1901 et
745 1837 897 1920 pecunias
923 1859 999 1903 suas
1016 1839 1144 1919 exigere
1161 1837 1297 1921 possint,
1314 1843 1348 1902 et
1363 1838 1545 1922 compositis

425 1946 491 2009 suis
517 1944 614 2010 robus
630 1944 661 2009 in
680 1944 820 2028 patriam
846 1965 997 2010 remeare.
1028 1945 1119 2010 Data
1146 1945 1309 2010 Florentio
1336 1943 1387 2010 dio
1414 1945 1543 2014 XVIII.

423 2051 516 2117 Julii.
533 2049 613 2120 XV.
630 2051 817 2117 indictione.

423 2195 549 2256 (Bredeti
561 2197 777 2260 fogalmazvr'rny
792 2213 807 2245 a
824 2198 958 2262 »Signort
971 2198 1124 2262 Oarteggie,
1135 2199 1262 2248 nisuve«
1275 2201 1328 2248 atb.
1342 2201 1449 2264 oezteily
1461 2199 1541 2250 XVII.

585 2286 748 2351 retegeben.
764 2292 821 2337 123.
835 2302 872 2337 az.
882 2303 905 2337 a.
920 2304 927 2351 ;
941 2303 957 2336 a
967 2287 1097 2337 florenrzi
1110 2303 1185 2352 augy
1198 2287 1392 2350 levdltrirbcn.)

956 2615 1028 2676 130.

422 2773 453 2836 I.
473 2775 569 2858 Lojor
597 2798 736 2860 nireppor
761 2777 793 2837 e'c
820 2775 943 2860 lcnpyel
969 2775 1080 2857 kr‘rn'Ip
1105 2777 1187 2838 ceint
1215 2777 1443 2842 urolkodo'nok
1460 2777 1534 2841 Arte

521 2881 699 2946 dolruotioi
715 2883 860 2968 uzipetere
877 2882 1054 2946 vonrttkozo'
1074 2882 1226 2946 rendelete
1246 2885 1340 2948 1377.
1355 2885 1457 2949 torol.

529 3041 713 3106 Lodoricue
729 3041 793 3105 Dei
811 3041 924 3122 gracia
940 3040 1013 3106 Rex
1031 3042 1210 3124 Hungarie.

529 3148 604 3212 Non
621 3149 824 3214 meminimus
841 3149 955 3215 fecisse
972 3148 1113 3231 gratiam
1124 3149 1338 3218 deredeundo
1355 3155 1387 3218 in
1405 3159 1536 3218 nostram

421 3255 598 3320 Ciuitatern
633 3257 813 3322 Arhenaenr
848 3255 992 3338 Georgio
1019 3277 1076 3340 per
1102 3257 1312 3323 homicidium
1339 3259 1480 3344 profuga
1502 3257 1535 3323 de

420 3383 483 3444 quo
510 3363 679 3428 Maiestati
705 3363 825 3428 Nostro
843 3372 951 3432 restra
967 3365 1108 3430 fidelitas
1126 3367 1304 3447 nuntiauit,
1322 3389 1382 3432 nec
1398 3368 1532 3442 facimus;

418 3490 492 3552 ymo
524 3471 630 3552 placet
662 3470 772 3550 nobis,
804 3480 837 3537 et
868 3472 1032 3552 volumno,
1069 3481 1101 3536 rt
1134 3480 1261 3538 statuta
1293 3483 1400 3541 vestra
1433 3497 1533 3542 secun·

419 3577 496 3641 dum
522 3577 627 3642 Deum
652 3584 686 3643 et
697 3579 863 3662 justiciam
887 3581 1075 3646 obseruatis.
1102 3581 1193 3647 Data
1218 3584 1251 3645 in
1278 3583 1355 3648 rilla
1374 3584 1531 3666 Parasgua

419 3686 478 3750 sub
496 3686 594 3750 anulo
611 3694 721 3752 nostro
738 3695 862 3753 secreto
880 3689 961 3754 ferio
979 3689 1062 3754 IIII.
1076 3691 1323 3756 intraoctauam
1336 3687 1530 3776 Assumpcio·

418 3794 468 3858 nis
485 3793 633 3878 Virginis
651 3793 812 3860 Glorioso.

526 3905 644 3968 Kr'nttt:
669 3902 838 3969 Fidelibus
861 3908 944 3990 ¹suia
985 3905 1130 3986 Vicario,
1160 3905 1335 3972 Judicibus
1366 3915 1397 3972 et
1431 3903 1533 3971 Ocuri·

416 4010 461 4073 lio
480 4007 576 4074 Arbi.

418 4153 557 4212 (ltradetie
570 4156 697 4220 papiron,
711 4169 727 4205 a
741 4171 855 4221 nragyar
869 4158 926 4206 rud.
937 4159 1094 4208 Akademia
1106 4159 1323 4223 ktnyvtarrtuak
1338 4160 1452 4210 ktzirati
1464 4153 1532 4222 3γίἰὲ-

885 4247 1088 4311 temenyebeu.)

902 4426 989 4434 -—-
1006 4427 1060 4434 ..η-
