3226 5258
559 669 611 732 40.

42 827 137 893 Modo
150 827 256 913 opelni
277 830 413 914 ber-czep,
430 829 455 890 I.
468 830 568 914 Lujoc
585 855 725 916 urcpycr
740 833 772 896 e's
788 831 910 918 leoyyel
929 831 1040 918 loiro'ly
1064 830 1146 918 pati-

42 937 110 999 siai
122 937 420 1022 kormdnyzdjdoalc
437 937 623 1024 odomduyo
652 939 802 1025 Lamberp
818 945 914 1003 odros
937 941 1064 1025 lobredpe
1082 943 1149 1003 ezd-

464 1049 570 1108 mc‘ra.
597 1049 691 1110 1372.

129 1205 167 1268 ln
191 1204 320 1268 nominc
346 1205 479 1268 Domini
504 1207 621 1270 Amen.
638 1202 726 1270 Vere
753 1203 886 1288 dignum
904 1213 935 1270 et
950 1207 1073 1289 justum
1092 1213 1148 1286 est,

42 1317 68 1374 ut
81 1333 122 1392 ea,
145 1334 205 1394 que
221 1333 281 1395 per
296 1310 406 1396 Reges
431 1319 464 1376 et
480 1311 652 1395 Principes
669 1313 703 1375 in
728 1313 909 1395 profectum
925 1321 958 1378 et
975 1315 1149 1378 utilitatem
1274 1383 1279 1404 ἱ

42 1439 152 1484 snorum
178 1419 384 1486 subditorum
411 1420 581 1503 benignius
597 1419 792 1502 largiuntur,
808 1442 847 1485 ne
864 1421 959 1486 simul
975 1442 1047 1486 cum
1063 1422 1149 1487 fluxu

43 1527 177 1610 temporis
203 1549 223 1596 a
249 1527 407 1592 memoria
422 1525 586 1592 bominum
604 1526 805 1608 decrescant,
822 1548 970 1592 neccesse
987 1534 1046 1609 est,
1062 1536 1096 1592 vt
1113 1551 1151 1593 ea

42 1632 176 1699 solemnis
207 1633 338 1700 roboret
363 1632 477 1698 titulus
504 1633 686 1698 literarum.
717 1631 861 1700 Proinde
887 1655 945 1700 nos
971 1635 1144 1702 Ladislaus

43 1738 105 1804 Dux
119 1737 314 1824 Opoliensis,
324 1738 530 1819 Velunensis,
547 1740 714 1823 Terraque
723 1739 843 1806 Russie
853 1740 1015 1808 Dominus
1032 1748 1066 1808 et
1081 1742 1148 1807 He·

42 1867 85 1912 res
106 1855 214 1913 notum
238 1847 376 1913 facimus
392 1854 459 1910 tam
476 1847 680 1929 presentibus
696 1867 792 1929 quam
818 1847 937 1914 futuris
953 1855 1066 1915 tenore
1083 1871 1153 1933 pre

2 2031 4 2038 Ι
42 1956 175 2034 cencium,
202 1952 320 2036 quibus
346 1953 479 2037 expedit
504 1953 670 2033 vniversiS,
688 1954 775 2035 quod
791 1953 1006 2021 consideratis
1023 1955 1152 2038 quibus-

41 2061 105 2126 dam
123 2083 159 2126 ac
168 2060 332 2126 nonnullis
348 2058 529 2126 defectibus
544 2057 696 2126 Civitatis
713 2065 822 2127 nostre
838 2062 1101 2144 Lcmbmgensis,
1117 2069 1151 2128 et

41 2168 143 2234 civium
166 2189 205 2235 ac
227 2169 409 2234 incolarum
424 2169 457 2232 in
473 2170 545 2252 ipsa
570 2167 769 2251 degencium,
798 2169 916 2252 quibus
941 2172 1013 2253 ipsa
1029 2169 1154 2237 Civitas

40 2275 278 2360 lemburgensis
304 2276 336 2340 in
353 2275 457 2342 Terra
483 2275 603 2340 Russie
618 2277 796 2342 constituta
810 2295 869 2359 per
883 2277 1022 2342 insultus
1038 2277 1151 2342 infide-

40 2381 109 2448 lium
136 2384 376 2450 Litbuanorum
408 2384 565 2450 ortodoxe
597 2382 671 2450 fidei
713 2383 925 2463 inimicorum,
959 2382 1154 2467 prohdolor!

39 2489 99 2555 fore
113 2493 252 2556 noscitur
267 2498 427 2574 agravata
438 2497 645 2574 etpreventa,
662 2491 869 2574 volentesque
888 2491 993 2556 eidem
1010 2489 1155 2573 Civitati,

40 2604 69 2661 et
81 2599 198 2665 civibus
213 2620 252 2664 ac
267 2599 381 2664 incolis
397 2601 498 2682 ipsius
514 2598 554 2663 de
571 2599 772 2682 benignitate
789 2598 822 2664 N
824 2606 913 2665 estre
931 2599 1156 2680 Geloitudinis

39 2709 190 2774 rtmerito
214 2713 372 2788 tenemur,
388 2705 429 2771 de
444 2707 587 2772 remedio
614 2707 785 2788 providere
803 2714 1005 2790 opportuno,
1029 2729 1156 2773 exnunc

2 2823 3 2826 ’
37 2814 105 2895 ipsis
129 2815 261 2896 civibus,
287 2816 412 2896 incolis,
436 2822 469 2878 et
494 2835 605 2880 eorum
633 2816 715 2878 veris
744 2823 776 2880 et
802 2812 957 2898 legitimis
981 2815 1156 2880 heredibus

37 2923 111 2985 natis
136 2929 169 2988 et
195 2922 378 3000 nascendis,
404 2930 533 2987 centum
559 2943 689 2986 mansos
715 2920 918 2988 franconicos
935 2923 1019 2988 Jure
1046 2923 1154 2988 Theu·

38 3031 135 3096 lonico
160 3031 450 3114 Msgdeburgensi,
476 3053 549 3094 cum
575 3030 724 3095 omnibus
746 3030 949 3112 utilitatibus,
966 3031 1081 3114 pratis,
1098 3051 1153 3112 pa-

36 3138 119 3220 scuis,
143 3138 366 3222 paludinibus,
393 3137 497 3222 sylvis,
523 3137 716 3219 nemoribus,
740 3138 873 3218 rubetis
901 3140 991 3221 agris
1007 3137 1104 3202 cultis
1122 3143 1155 3199 et

35 3245 165 3327 incultis,
176 3244 381 3325 molendinis,
397 3247 536 3328 piscinis,
553 3245 735 3327 piscaturis,
752 3248 855 3327 aquis,
872 3265 1029 3328 aquarum
1047 3242 1158 3308 decur-

35 3352 122 3438 sibus,
148 3375 215 3438 que
239 3355 328 3419 intra
353 3353 473 3417 limites
498 3359 532 3417 et
556 3372 741 3418 mensuram
778 3351 999 3434 predictorum
1025 3357 1153 3417 centum

34 3483 215 3528 mansorum
231 3461 438 3528 continentur
460 3459 508 3524 vel
524 3467 662 3543 protunc
679 3459 837 3524 contineri
854 3459 896 3524 ad
912 3460 1153 3541 extirpandum,

34 3567 211 3650 locandum,
236 3568 417 3650 colendum,
442 3567 687 3648 meliorandum,
714 3565 812 3630 etad
837 3586 915 3631 usus
941 3565 1158 3650 beneplacitos

35 3677 261 3756 rtifruendum,
292 3674 476 3759 incipiendo
493 3695 513 3738 a
529 3673 638 3738 fronte
654 3695 819 3738 murorum
835 3672 982 3756 predicte
999 3673 1159 3754 Civitatis,

33 3792 61 3848 et
83 3809 101 3852 a
124 3792 249 3864 monte,
267 3785 323 3868 qni
341 3783 460 3849 dicitur
479 3781 638 3866 Stephani
655 3803 754 3862 mons,
770 3788 801 3845 et
817 3783 916 3846 etiam
932 3781 1092 3862 deorsum,
1118 3802 1156 3845 ex

2 3877 6 3884 ’
33 3897 159 3977 ubsque
187 3899 288 3975 parte
304 3889 394 3954 flurii
411 3887 580 3968 Parthica,
597 3895 629 3951 et
647 3889 688 3954 ab
704 3888 780 3953 inde
796 3909 854 3971 per
871 3889 1075 3956 circumitum
1086 3908 1159 3970 pre-

33 3998 92 4064 tate
116 3999 278 4085 Civitatis
304 3995 567 4077 Lemburgeusis,
587 4015 686 4076 usque
713 3995 755 4058 ad
771 3996 995 4062 molendinum
1011 3995 1159 4060 Ecclesic

34 4104 236 4174 Parocbialis
255 4105 377 4170 Sancte
404 4103 510 4168 Maris
528 4101 676 4184 Virginis
702 4101 862 4180 Gloriosc,
888 4103 1044 4173 inclusiue
1071 4101 1156 4184 quod

33 4217 135 4280 subtus
152 4213 321 4298 prefatam
339 4209 516 4276 Giritatenr
532 4217 580 4275 est
597 4211 763 4293 situatum,
789 4211 913 4290 damus,
940 4210 1098 4276 donamus
1123 4215 1153 4273 et

33 4323 235 4390 concedimus
261 4321 390 4403 plenam
416 4326 450 4384 et
469 4317 687 4383 omnimodam
702 4317 902 4384 facultatem.
919 4319 1077 4382 Preterea
1095 4339 1160 4380 mo·

32 4431 189 4498 leudinum
210 4429 336 4495 Sancte
353 4427 461 4492 Mario
476 4427 624 4492 Ecclesie
641 4426 786 4509 predicte
804 4426 982 4508 antiquitus
999 4430 1032 4488 et
1048 4445 1161 4508 perpe-

34 4545 83 4602 tue
106 4540 166 4624 ipsi
194 4535 351 4603 Ecclesia
373 4534 531 4616 junctum,
547 4555 613 4597 ona
639 4554 711 4597 cum
736 4531 840 4615 laneo,
866 4553 959 4614 quem
986 4531 1084 4630 etiam
1099 4528 1162 4618 ipsi
