3134 5254
560 451 655 524 lira.
1109 453 1173 526 319

1 681 2 700 2
57 644 115 704 turn
136 634 299 706 dominum
316 637 481 706 Karolnm
497 646 668 706 venturum
685 661 753 704 esse
779 637 994 722 Florentiam,
1020 647 1051 706 et
1075 638 1175 706 Guel-

57 748 149 812 tornm
164 749 284 814 auxilio
301 749 413 813 dedita
430 748 584 828 Civitate,
595 747 637 812 ad
648 747 798 827 Regnum
814 744 942 830 Apulee
952 748 1175 829 transiturum,

56 877 140 939 snper
155 858 214 922 hoc
230 856 375 924 savorem
391 858 590 940 singulorum
608 877 668 940 pro
685 863 779 938 parte
805 855 885 920 dicti
902 857 1033 921 Domini
1063 865 1173 940 postu-

1 975 2 1050 ζ
55 964 149 1031 lando.
165 965 239 1030 Heu
257 966 308 1030 bic
324 966 373 1029 vir
388 963 522 1049 perfide,
539 965 588 1034 vir
605 963 808 1048 sanguinum,
820 966 868 1028 rir
879 965 998 1046 inique,
1016 986 1089 1030 ecce
1101 971 1175 1048 pat-

55 1074 126 1150 riam
140 1075 287 1157 prodere,
303 1073 579 1157 tranquillitatem
595 1072 690 1138 huius
717 1072 809 1137 urbis
837 1072 1036 1154 subvertere,
1053 1081 1085 1138 et
1102 1082 1173 1138 tan-

1 1219 2 1276 3
55 1187 114 1246 tum
129 1182 245 1249 audere
261 1182 387 1249 lacinus
403 1183 566 1266 cupiebas.
583 1181 651 1246 Cur
668 1181 797 1246 sceleris
823 1183 920 1249 huius
937 1186 1088 1268 contagio
1105 1205 1172 1248 non

57 1311 85 1352 es
106 1293 220 1356 veritus
237 1292 441 1376 splendorem
459 1293 546 1357 tanti
563 1291 727 1375 Principis
751 1291 942 1358 maculare?
965 1289 1021 1359 An
1038 1293 1098 1359 tibi
1116 1315 1173 1376 pa·

1 1450 2 1459 ,
58 1419 118 1464 rum
133 1406 201 1465 erat
211 1421 418 1484 corrumpere
436 1401 530 1481 cirea
542 1401 732 1484 extinguere
743 1422 864 1486 pacem,
875 1407 908 1466 et
918 1423 1034 1467 norum
1045 1402 1172 1466 intesti-

1 1552 2 1573 2
56 1528 123 1572 num
138 1509 258 1574 bellurn
275 1511 364 1574 intra
390 1509 531 1592 patriam
560 1510 712 1589 excitare,
738 1509 800 1574 nisi
827 1531 936 1575 rerum
953 1511 1174 1576 novandarum

1 1603 2 1638 ³
58 1616 202 1698 cupidine,
219 1640 285 1701 qua
302 1623 336 1682 ut
354 1617 395 1682 de
411 1618 526 1682 civium
538 1617 652 1700 spoliis
663 1617 822 1697 ditareris,
834 1620 979 1684 accensis
999 1619 1174 1703 precordiis

1 1769 2 1810 3
56 1721 262 1807 deflagrabas,
279 1727 375 1790 etiam
393 1724 513 1791 sarnam
534 1731 567 1790 et
583 1747 698 1791 nomen
724 1727 981 1792 innocentissimi
1006 1726 1170 1810 Principis

1 1839 2 1912 ᾖ
59 1831 259 1913 denigrares?
284 1833 407 1916 Magna
425 1837 536 1916 itaque
562 1833 693 1898 fortuna
709 1841 824 1900 nostra
847 1836 995 1919 preventi
1022 1842 1097 1900 sunt
1123 1834 1170 1900 tui

1 1990 2 2004 2
58 1939 195 2005 scelerati
213 1947 359 2022 conatus,
375 1942 497 2006 maiore
513 1947 623 2007 tamen
645 1942 750 2023 gloria
776 1942 908 2009 Domini
925 1944 1030 2008 nostri
1047 1939 1174 2022 Karcli,

1 2029 2 2032 ¹
56 2047 103 2126 qui
122 2054 205 2113 tante
222 2048 474 2115 machinationis
495 2070 627 2132 prorsus
643 2049 704 2115 fuit
729 2051 850 2115 inscius
867 2057 899 2115 et
914 2051 1059 2134 ignarus.
1076 2047 1172 2116 Vide·

1 2197 2 2210 2
55 2157 92 2217 tis
118 2155 232 2238 itaque,
249 2156 488 2240 Benignissime
507 2155 673 2241 Princeps,
705 2179 802 2240 quam
835 2157 1018 2242 propinqua
1045 2156 1174 2223 suerunt

55 2260 123 2326 huic
136 2263 341 2332 devotissimo
358 2271 464 2333 vestro
481 2266 603 2350 populo
630 2265 807 2349 perfidiose
832 2268 986 2351 pericula,
1002 2274 1034 2331 et
1050 2272 1174 2350 quanta

55 2368 112 2435 Dei
129 2376 234 2453 gratia
251 2372 408 2439 fuerimus
424 2375 486 2440 hac
496 2373 737 2458 conspiratione
749 2376 904 2459 pestilera
920 2374 1062 2442 liberati.
1074 2371 1173 2440 Cuius

1 2533 3 2540 ,
56 2487 203 2565 pretextu,
219 2481 258 2545 de
275 2480 394 2546 futuris
412 2482 580 2548 eventibus
597 2483 790 2548 curiosiores
810 2483 941 2550 effectos
957 2489 1089 2568 oportet
1105 2505 1172 2564 nos,

1 2625 2 2638 κ
55 2593 84 2650 et
97 2589 208 2654 emulis
224 2590 344 2654 nostris
361 2590 417 2674 qui
433 2612 531 2674 super
548 2614 607 2657 nos
624 2593 770 2676 cogitant
781 2593 917 2658 consilia
934 2593 1131 2659 turbationis
1142 2599 1174 2658 et

55 2695 250 2781 confusionis,
261 2705 294 2763 et
310 2700 428 2765 nostris
440 2699 561 2766 nivibus
578 2702 633 2784 qui
649 2707 791 2785 possent,
801 2709 838 2766 ut
849 2701 1051 2786 experientia
1068 2701 1172 2782 docet,

1 2786 2 2838 3
54 2823 106 2884 por
118 2809 356 2890 suggerentium
372 2809 531 2874 malitiam
544 2809 703 2893 inclinari,
714 2831 842 2874 omnem
853 2811 1054 2876 occasionem
1066 2810 1173 2875 auler-

1 2907 2 2971 ζ
54 2919 266 2994 re,et0mnem
285 2917 404 2982 similia
421 2917 570 2982 tentandi
588 2917 755 3001 precidere
775 2917 974 2985 facultatem.
1001 2918 1172 3004 Quaprop-

1 3023 2 3101 ξ
54 3022 375 3102 tcr‚Olementissimo
389 3024 558 3109 Princeps,
575 3027 745 3110 blajestati
765 3025 884 3094 Vestro
904 3028 1081 3093 humillime
1101 3046 1175 3110 sup·

1 3144 2 3217 ζ
54 3128 210 3214 plicamus,
228 3139 387 3214 qnatenus
398 3132 575 3216 dignemini
595 3134 737 3199 scribere
748 3135 860 3199 inclito
878 3135 1025 3218 Principi
1043 3135 1173 3200 dominc

1 3285 2 3311 ,
53 3233 172 3304 Karolo
189 3239 388 3322 supradicto,
415 3242 500 3324 quod
526 3247 559 3306 et
575 3247 695 3307 statum
722 3248 868 3308 nostrum
894 3241 1047 3324 dignetur
1073 3244 1174 3307 susci·

1 3371 2 3418 ς
54 3363 123 3426 pere
140 3348 409 3429 commendatum,
434 3356 466 3414 et
491 3350 580 3431 quod
605 3356 778 3433 postquam
804 3351 864 3416 hec
895 3353 997 3436 pestis
1023 3372 1178 3435 quorum*

54 3451 121 3517 darn
146 3461 331 3520 nostrornm
357 3457 474 3521 civium
490 3463 613 3522 mentes
628 3457 756 3540 invasit,
783 3459 809 3522 si
835 3459 1039 3543 protecturus
1066 3465 1115 3524 est
1141 3459 1174 3523 in

1 3577 2 3653 j
54 3559 207 3645 Apuleam
224 3571 314 3629 recta
330 3564 391 3644 ria,
408 3585 471 3628 non
484 3564 637 3630 intrando
648 3573 793 3631 nostrum
805 3567 1016 3648 territorium,
1033 3568 1174 3651 dirigere

54 3667 164 3737 debeat
179 3694 309 3755 gressus
327 3693 410 3737 suos
428 3671 557 3740 Scimus
583 3676 676 3757 enim,
693 3675 780 3759 quod
797 3681 955 3757 quantum
977 3676 1097 3760 inipso
1115 3682 1173 3755 est,

55 3780 151 3846 nostri
167 3781 251 3846 foret
268 3788 383 3863 status,
401 3782 530 3864 quictis,
542 3787 575 3847 et
593 3783 682 3866 pacis
698 3781 968 3866 diligentissimus
985 3785 1174 3866 custoditor,

1 3903 2 3960 j
55 3886 105 3950 sed
120 3888 315 3973 irrequietos
332 3891 424 3974 cives,
442 3889 589 3973 quesnel
607 3893 718 3975 inopia
734 3893 819 3975 cogit
836 3897 964 3958 tentare
990 3914 1042 3958 res
1067 3911 1174 3972 noras,

54 3996 97 4060 rel
113 3996 237 4082 inpellit
255 3999 392 4065 ambitio
410 4001 621 4084 compositam
638 4007 669 4064 et
686 4000 870 4066 ordinatam
887 4003 1031 4084 patriam
1049 4008 1174 4086 pertur-

1 4193 2 4196 ,
53 4103 207 4186 horaeon
219 4113 330 4191 posset
341 4114 602 4192 quantacumque
613 4109 987 4175 conareturinstantinm
999 4110 1174 4175 continere.

54 4211 93 4276 Et
108 4235 166 4278 nos
183 4213 356 4280 manifeste
372 4214 528 4296 ridemus,
544 4217 633 4300 ipsos
650 4219 681 4281 in
700 4239 811 4283 eorum
838 4219 947 4283 innata
973 4215 1110 4300 persidia
1136 4236 1175 4281 ex

56 4341 107 4384 suo
122 4321 265 4388 adventu
283 4323 483 4388 occasionem
502 4323 619 4389 futuris
644 4326 786 4390 motibus
801 4333 1032 4409 assumpturos
1058 4323 1176 4390 Remo·

56 4436 162 4494 reatur
178 4431 290 4514 itaque
307 4451 414 4512 causa,
432 4439 464 4496 et
490 4432 628 4498 cessabit
646 4433 796 4516 effectus3
822 4455 896 4499 nam
921 4435 1110 4516 breviorem,
1127 4433 1176 4498 vel

1 4561 2 4592 2
54 4536 161 4602 saltem
177 4539 428 4604 commodiorem
456 4521 604 4622 eligendo
621 4541 831 4624 profectionis
848 4563 903 4606 sue
920 4541 1012 4623 viam,
1024 4546 1056 4607 et
1068 4540 1172 4625 splen·

1 4715 2 4724 p
53 4642 121 4711 dori
144 4649 193 4713 sui
218 4649 360 4714 nominis
386 4647 541 4715 consulet.
568 4647 629 4714 Oui
656 4649 805 4714 scelerati
833 4649 880 4717 illi
905 4650 1057 4716 tenebras
1079 4649 1175 4718 huius
