3210 5252
7 159 9 174 ,
107 161 110 166 ,

14 269 22 280 ι
130 299 140 314 0

570 375 663 436 1375.
969 351 974 356 ’
1115 375 1176 437 ior
1287 429 1289 436 .

7 611 9 636 ὀ
75 549 171 616 herent
185 555 217 612 et
231 555 418 614 tenerentur
442 555 654 616 manutenere
671 556 703 616 st
719 548 902 632 gubernare
921 548 1044 616 dictum
1061 549 1180 617 Gausi-

7 663 9 714 f
73 680 135 723 nam
150 679 238 724 suum
254 657 398 740 fratrem,
422 658 588 742 prebendo
605 660 635 724 ei
651 659 773 726 victum
790 665 823 724 et
839 659 991 724 uestitum
1015 658 1178 744 usquead

7 799 9 804 ·
74 767 157 832 sitam
181 765 256 834 diei
281 763 428 832 Gausine
454 766 514 832 sub
543 775 635 833 certa
659 789 746 852 pena
769 767 933 849 solvenda,
951 773 1180 834 ratomanentc

7 871 9 972 ζ
73 873 201 956 predicto
216 879 404 954 contractu3
428 882 527 958 prout
553 875 614 940 hec
640 876 750 941 omniu
765 875 868 942 lscius
885 880 919 941 et
934 874 1061 958 plenius
1078 875 1179 940 conti·

7 1067 9 1074 y
73 987 173 1046 nentur
186 981 218 1048 iu
233 982 428 1066 quibusdam
453 981 574 1047 litteris
599 978 746 1066 Capituli
771 980 946 1064 Nouensis,
961 980 1049 1047 datis
1063 981 1122 1049 sub
1139 983 1180 1047 si·

7 1093 12 1178 J
73 1087 137 1170 gillo
152 1089 287 1171 pedente
305 1089 386 1156 dicti
411 1087 559 1173 Capituli
573 1091 610 1154 in
624 1088 776 1156 Ecclesia
796 1089 918 1174 Majori
934 1087 1078 1156 Nouensi
1094 1111 1180 1156 anno

7 1271 9 1290 Ι
73 1195 244 1261 Natiuitatis
259 1195 396 1262 Domini
411 1196 582 1263 millesimo
597 1197 826 1264 trecentesimo
843 1199 1041 1280 sexagesimo
1066 1202 1178 1264 octavo

73 1301 226 1368 indictione
242 1305 383 1388 septima
407 1304 460 1370 die
485 1311 599 1370 octavo
623 1304 742 1370 mensis
767 1300 932 1384 Octubris,
958 1303 1179 1372 Pontificatus

7 1399 9 1422 '
72 1406 253 1478 Sanctissimi
270 1412 306 1476 in
323 1409 455 1478 Christo
472 1411 586 1478 Patris
602 1417 635 1476 et
650 1410 793 1494 Domini,
804 1413 926 1478 domini
942 1411 1072 1480 Urbani
1088 1411 1178 1496 Papc

7 1545 9 1600 ξ
72 1515 167 1600 Quinti
190 1539 275 1586 suno
302 1521 426 1604 quinto.
453 1515 601 1604 Cumque
617 1520 718 1586 eciam
734 1527 808 1606 post
823 1521 883 1586 hec
898 1519 1005 1586 dictus
1031 1517 1179 1588 Gausina

72 1628 290 1696 commendem
316 1627 462 1693 Nonensi
489 1625 643 1711 Capitulo
667 1627 767 1694 fuerit
782 1629 957 1710 consonano,
976 1627 1129 1695 habuisse
1146 1635 1179 1694 et

8 2689 13 2706 ’

12 4177 16 4226 l

13 4621 19 4672 i

14 4763 16 4836 l

7 1723 8 1768 ³
70 1733 210 1816 recepisse
243 1757 344 1802 causa
368 1736 471 1800 mutui
497 1757 516 1801 a
542 1735 648 1802 Paulo
674 1736 813 1802 condem
837 1735 966 1803 Purche
983 1733 1024 1802 de
1040 1733 1181 1802 Aurana

70 1819 235 1908 hobltstore
260 1841 288 1908 J
289 1841 368 1907 adre
394 1848 534 1926 cognato
560 1863 626 1924 suo,
643 1849 675 1908 et
690 1864 710 1908 a
728 1843 860 1910 domina
885 1841 1075 1910 Radoslaua
1089 1841 1180 1909 dicta

71 1969 164 2014 sorore
180 1971 236 2016 sua
252 1952 386 2016 uterina
401 1957 435 2016 et
450 1971 547 2017 uxore
562 1950 709 2034 legitima
734 1952 811 2018 dicti
827 1951 924 2018 Pauli
937 1951 1076 2018 ducatos
1091 1948 1179 2014 mille

70 2055 133 2120 boni
147 2059 216 2122 auri
232 2063 266 2123 et
278 2057 361 2141 justi
377 2056 531 2140 ponderis
547 2056 590 2124 ad
606 2057 766 2123 rationem
791 2057 951 2124 librarum
967 2059 1067 2124 trium
1083 2061 1116 2122 et
1129 2076 1180 2122 so·

70 2160 191 2228 lidorum
207 2165 458 2248 quatuordeeim
473 2186 533 2249 pro
549 2165 696 2250 quolibet
712 2165 841 2246 ducato,
856 2185 918 2248 pro
936 2164 1054 2248 quibus
1070 2163 1179 2230 dietus

70 2268 176 2336 debitor
193 2271 291 2338 dictis
309 2271 525 2338 creditoribus
541 2272 701 2356 obligauit
717 2273 845 2339 nomine
862 2273 1008 2357 pignoris
1024 2277 1129 2338 totam
1145 2278 1180 2338 et

71 2378 212 2465 integram
228 2403 331 2450 unam
347 2381 460 2448 uillam
477 2403 569 2450 suam
595 2391 742 2450 vocatam
761 2381 897 2449 Dsssini
911 2381 1007 2468 Dolzj
1023 2383 1057 2448 in
1074 2379 1179 2449 Comi·

70 2493 128 2553 tatu
151 2489 271 2556 'l'ininii
300 2498 333 2556 et
358 2491 476 2575 Regno
501 2489 639 2558 Oroacie
664 2491 805 2574 positam
821 2497 855 2557 et
870 2492 1081 2572 existentem
1101 2491 1180 2555 item

68 2595 254 2664 medietatem
283 2599 450 2681 integram
474 2598 569 2665 unius
594 2598 669 2664 ville
694 2605 809 2665 vocate
834 2598 1068 2683 Praprstuiza3
1101 2599 1180 2661 item

67 2703 252 2772 medietatem
274 2708 439 2790 integra-m
465 2705 635 2792 cujusdam
659 2707 761 2772 tercie
777 2705 852 2770 ville
868 2712 981 2772 vocate
997 2703 1178 2798 Lubitouo3

68 2815 160 2894 etque
175 2815 208 2877 in
224 2811 407 2880 confinibus
433 2813 596 2879 dictarum
613 2814 712 2878 trium
728 2813 878 2879 villarum
899 2812 1113 2893 continentur,
1129 2812 1180 2879 vel

68 2937 156 2984 rerum
178 2922 417 3005 possessionem
442 2921 604 3003 acceperit
629 2919 842 3004 corporalem,
867 2940 965 3004 quam
996 2919 1177 3004 accipiendi

68 3026 154 3092 eidem
176 3028 408 3095 auctoritatem
433 3034 466 3093 et
490 3029 661 3096 licenciam
695 3025 913 3094 omnimodam
945 3031 1179 3093 concesseruut.

68 3129 104 3196 llt
119 3133 218 3204 dictus
244 3132 396 3202 Gausina
420 3137 555 3218 remisit,
580 3143 613 3202 et
637 3135 802 3217 refutavit,
819 3155 857 3200 ae
872 3135 1001 3219 penitus
1017 3133 1181 3199 releuauit

69 3239 155 3308 eidem
171 3243 305 3310 domine
328 3242 516 3310 Radoslaue
540 3244 661 3309 victum
687 3249 720 3308 et
745 3243 897 3308 vestitum
913 3242 954 3308 ad
972 3239 1058 3324 quod
1075 3238 1180 3306 eidem

69 3354 125 3414 erat
139 3349 278 3416 obnoxia
304 3351 424 3417 uirtute
450 3349 621 3418 literarum
646 3349 870 3434 predictarum
886 3349 1034 3433 superius
1050 3368 1181 3432 expres·

69 3475 177 3540 sarum
199 3468 232 3526 et
247 3460 313 3528 hoc
329 3461 408 3544 quia
423 3459 603 3538 videbatur,
620 3458 709 3542 quod
725 3459 822 3524 aliter
837 3478 902 3524 non
911 3463 1062 3542 poterant
1071 3457 1180 3541 quiete

69 3569 92 3628 st
104 3567 230 3648 pacifice
247 3587 463 3649 commanere,
489 3588 548 3634 nec
573 3567 807 3632 consenciones
829 3566 994 3650 predictas
1011 3563 1181 3632 attendere

68 3669 134 3738 bono
156 3674 260 3743 modo.
294 3675 529 3741 Promittentes
555 3674 640 3742 dicte
666 3680 777 3758 partes
802 3694 867 3740 sna
892 3673 991 3740 alteri
1016 3673 1180 3740 etaltera

68 3780 153 3864 alteri,
168 3784 276 3852 dictas
294 3781 531 3864 reffutationes,
546 3782 707 3862 daciones,
731 3770 953 3849 restitutiones
973 3787 1007 3846 et
1021 3780 1183 3848 remissio·

66 3907 113 3954 uss
126 3891 290 3974 predictas
301 3897 400 3974 ratas,
409 3897 523 3974 gratas
540 3895 575 3956 et
585 3888 696 3955 firmas
708 3889 828 3955 habere
838 3895 1000 3972 ettonem,
1010 3886 1182 3955 attendere

67 4003 92 4059 et
100 3997 273 4080 observare,
283 4021 345 4085 per
357 4020 391 4065 se
400 4005 433 4064 et
444 4019 518 4065 suos
527 3997 661 4064 heredes
677 4002 710 4064 et
726 4018 937 4079 successores,
948 4003 1054 4064 elnon
1064 3999 1182 4064 contra

67 4099 154 4170 lscere
169 4108 218 4174 sel
233 4108 347 4175 venire
361 4127 420 4190 per
436 4125 471 4174 se
487 4105 538 4170 sel
554 4106 655 4171 alium
671 4104 819 4172 seualios
836 4105 876 4170 de
889 4106 963 4190 jure
973 4103 1181 4184 veldelacto‚

67 4211 116 4278 sub
132 4235 213 4298 pena
240 4217 497 4301 quingentarum
512 4211 672 4279 librarum
689 4233 864 4296 parvorum
881 4209 1106 4279 solvendarum
1123 4229 1182 4292 per

67 4326 175 4400 ouen
186 4345 251 4390 non
262 4321 490 4391 attendentem
500 4323 589 4406 parti
600 4321 875 4404 observanti3que
883 4340 968 4404 pena
977 4319 1099 4384 tociens
1110 4337 1182 4400 pos·

68 4428 103 4492 sit
110 4431 186 4516 exigi
195 4453 269 4500 cnm
279 4431 407 4513 effectu,
424 4431 577 4513 quociens
587 4429 684 4496 fuerit
696 4433 812 4494 contra
827 4428 969 4508 factum,
985 4433 1020 4492 st
1035 4447 1121 4509 pena
1131 4445 1183 4490 so-

69 4532 127 4602 luta
140 4540 187 4606 sel
202 4561 277 4620 nou,
292 4537 441 4626 predicta
456 4537 566 4606 omnia
578 4537 669 4603 firme
685 4536 882 4622 perdurent;
898 4541 931 4600 et
948 4532 1008 4598 sub
1025 4531 1183 4599 reflectio-
