3172 5254
588 640 660 701 lla.

1 805 2 812 ’
69 797 91 858 l.
108 795 197 880 Lip'os
214 821 354 884 mcrqyur
371 800 404 861 e's
420 799 544 884 lrrrppel
561 800 743 884 birdlpnul·
762 802 947 886 reflorenrai
964 804 1184 890 ltiztdrsusdp.

572 911 666 972 1376.

158 1067 241 1150 Regi
259 1067 441 1150 Hungarie.

161 1175 372 1242 Serenissimc
399 1185 497 1260 atque
530 1177 736 1243 invictissime
763 1177 932 1264 Princeps.
958 1177 1184 1248 Visitarerunt

1 1317 2 1330 ι
68 1282 254 1350 devotionem
287 1293 434 1350 nostram
461 1283 717 1352 Ambaxiatores
750 1285 948 1352 Serenitatis
974 1289 1111 1372 Vestre;
1143 1293 1183 1356 do

1 1435 2 1444 2
69 1413 188 1474 qnorum
213 1396 356 1460 adventu
387 1395 528 1460 rrrrrxima
561 1398 698 1460 accessit
730 1395 824 1462 nobis
851 1397 964 1478 lclit-ia,
990 1404 1100 1481 vtpote
1128 1401 1180 1482 qui

1 1524 2 1560 ;
69 1501 224 1586 rideamus,
242 1505 336 1568 sicuti
356 1525 445 1586 spem
473 1525 600 1586 semper
619 1504 835 1568 certissimam
853 1505 1035 1587 habuimus,
1053 1505 1182 1572 Sereni-

1 1622 2 1628 ’
68 1617 153 1676 tatem
176 1611 334 1677 Vestram
361 1611 401 1676 de
429 1612 521 1678 nobis
552 1613 643 1696 quasi
668 1612 893 1695 peculiaribus
910 1613 985 1676 liliis
1002 1637 1111 1680 cnram
1129 1638 1182 1698 ge-

1 1763 2 1767 =
67 1741 136 1798 rere,
158 1729 188 1784 et
213 1729 326 1785 nostra
345 1720 512 1784 commoda
540 1720 745 1784 euidentibus
762 1720 914 1803 operibus
929 1743 1113 1804 procurare.
1138 1725 1182 1790 Et

1 1835 2 1838 ’
67 1828 201 1909 qnoniam
226 1829 328 1910 exigit
354 1827 475 1893 Vestra
502 1827 707 1908 Sublimitas,
734 1837 764 1890 rt
793 1849 984 1912 responsum
1008 1831 1181 1896 Maiestati

66 1931 171 2001 l'estre
196 1957 253 2019 per
270 1943 400 2000 riostras
428 1936 556 2000 litteras
583 1936 797 2018 prebeanms:
823 1937 992 2018 principio⁷
1008 1945 1082 2018 post
1098 1938 1182 2002 salu·

1 2049 2 2052 ’
65 2045 214 2110 tationem.
240 2045 418 2109 reverentia
439 2043 547 2108 debila
572 2051 732 2126 suscepta,
749 2051 844 2127 pront
863 2046 1005 2126 ipsorum
1023 2045 1180 2110 relatione

1 2201 2 2206 η
64 2156 258 2235 percepimus,
284 2153 370 2216 dolet
392 2153 558 2218 nobiscum
585 2151 706 2218 Vestra
732 2152 934 2234 benignitas²
964 2153 1051 2234 quud
1068 2161 1180 2220 tantas

1 2271 2 2302 r
64 2262 219 2342 nouitatem,
246 2283 308 2344 qne
342 2281 446 2344 rinpcr
462 2261 494 2324 in
515 2260 610 2326 ltalia
629 2261 716 2325 inter
734 2283 790 2324 uos
808 2267 841 2324 et
859 2259 1012 2325 Sanctam
1038 2261 1179 2326 Matrem

64 2368 229 2434 Ecclesiam
255 2376 552 2451 o‹·eur·re1·nnt‚per
570 2367 729 2433 Oratores
755 2375 884 2432 nostros
905 2367 1025 2435 Vestra
1044 2368 1180 2436 (bleibu-

67 2476 136 2542 dini.
160 2480 241 2543 sicut
268 2477 420 2562 exigebat
438 2484 550 2540 nostra
566 2477 709 2556 deuotio,
726 2499 791 2540 non
815 2477 1000 2540 enrauimus
1017 2477 1181 2544 intimare.

64 2567 150 2650 Circa
172 2587 267 2670 spraud,
296 2584 522 2669 benignissimo
554 2584 722 2667 Princeps,
749 2584 828 2666 quid
855 2583 943 2649 aliud
969 2607 1067 2668 apuam
1099 2586 1180 2652 alias

62 2696 280 2777 scripserimus.
306 2715 477 2778 possumus
503 2693 725 2776 respondere?
751 2691 820 2757 Diu
847 2693 932 2756 enim
949 2701 1010 2775 est,
1029 2694 1116 2776 qnod
1133 2695 1174 2760 ob

63 2803 137 2868 bane
161 2826 290 2870 causam
314 2801 569 2868 Ambaxiatores
589 2809 716 2867 nostros
733 2802 907 2884 elegimus3
932 2801 989 2866 sed
1005 2801 1179 2868 aduersam

62 2911 264 2976 valetudinem
283 2912 419 2977 alicuius
446 2931 564 2987 eornm,
591 2931 662 2974 cum
678 2931 752 2992 spes
771 2908 914 2991 epirotidie
934 2908 1026 2992 lorct,
1043 2911 1178 2977 eundem

62 3019 275 3101 proculdubio
293 3019 436 3101 liberari,
447 3019 613 3086 dilationis
629 3017 866 3102 aliquantulum
883 3017 1081 3098 intercessit;
1106 3040 1177 3082 cum

61 3138 158 3194 tamen
182 3131 248 3194 iam
274 3149 450 3210 speremus,
468 3127 510 3194 ad
528 3128 744 3192 serenitatem
762 3124 916 3193 Vestram
935 3125 1092 3190 Oratores
1109 3147 1179 3190 nos-

61 3239 118 3298 tros
142 3235 201 3300 hac
227 3236 266 3300 de
293 3257 392 3300 causa
417 3235 598 3300 destinatos
626 3231 842 3298 infallibiliter
858 3213 1052 3316 peruenisse.
1070 3233 1116 3297 Et
1133 3234 1179 3295 ni·

61 3342 239 3410 clrilominus
255 3365 314 3428 per
330 3344 513 3426 geminatas
533 3345 661 3407 litteras
679 3349 815 3408 nostras.
833 3341 950 3425 quibus
966 3341 1102 3422 dignata
1118 3341 1179 3406 fuit

61 3447 168 3518 l'eslra
185 3451 378 3519 Sublimitas
393 3453 597 3536 respondere.
618 3458 723 3516 totum
741 3452 833 3534 large
850 3451 928 3514 satis
946 3450 1178 3533 expressimus3

61 3579 91 3622 ex
113 3585 173 3644 quo
197 3562 306 3645 potnit
333 3559 469 3626 Culmen
496 3561 652 3626 Vestrum
684 3559 790 3624 omnia
824 3558 950 3641 plenius
982 3559 1177 3642 percepisse.

60 3665 213 3751 Quantum
236 3677 344 3736 autem
371 3690 469 3735 causa
496 3676 606 3734 nostra
624 3669 709 3732 insta
726 3667 833 3748 faerit,
850 3667 904 3748 qni
923 3667 1027 3731 solnm
1045 3665 1086 3732 ob
1105 3690 1178 3734 nos·

61 3781 104 3840 tre
127 3778 288 3844 libertatis
321 3777 538 3844 defensionem
570 3777 705 3844 fecimus
738 3775 825 3858 qnod
851 3780 900 3840 est
926 3779 1046 3852 actum,
1077 3774 1172 3839 fracti
1249 3855 1251 3862 .

4 3937 5 3952 .
59 3879 149 3968 fame3
171 3886 494 3970 tergiversationibus
526 3885 726 3951 Ollicialinm
756 3884 911 3962 Ecclesia»,
938 3884 991 3965 qni
1017 3883 1050 3945 in
1079 3883 1176 3948 ltalia

59 3995 252 4074 presidebant
270 3994 391 4076 delusi;
408 3993 597 4078 deceptique
608 3993 777 4076 colloquiis
789 4015 844 4075 per
861 3989 1070 4074 Apostolicos
1087 3989 1177 4055 Nun·

4 4087 6 4108 '
59 4101 125 4173 cios.
148 4105 341 4188 demumque
368 4126 425 4188 per
450 4102 596 4168 Ecclesia
613 4101 843 4186 stipendiarios
860 4100 920 4165 snb
937 4098 1103 4164 societatis
1120 4119 1175 4162 no·

58 4212 131 4277 mine
156 4215 319 4298 oppressi;
345 4221 378 4277 et.
405 4212 447 4276 ad
472 4211 711 4278 intolerandam
744 4208 999 4291 redemptionem
1032 4205 1176 4270 CXXX

5 4369 7 4410 p
58 4321 180 4388 millium
195 4324 394 4390 florenorum
413 4323 545 4406 impulsi
560 4317 758 4387 tractatibus
774 4319 896 4384 habitis
913 4338 971 4401 per
989 4315 1119 4380 eosdem
1137 4314 1176 4380 de

59 4433 166 4496 nostris
189 4436 287 4499 terris
313 4431 497 4516 proditorie
513 4428 697 4514 capiendis:
722 4433 909 4492 nostrarum
926 4426 1113 4490 litterarum
1130 4445 1176 4486 se·

59 4537 97 4598 rie
112 4538 230 4607 Throni
255 4541 371 4609 Vestri
390 4539 580 4606 Sublimitas
606 4539 663 4602 din
678 4538 832 4621 percepit.
850 4535 901 4599 Ex
921 4555 986 4616 qno
1006 4539 1176 4616 quantum·
