3190 5252
412 327 477 388 406
773 341 1005 388 urenouxczrxr
1024 327 1190 386 uxr-nnus.

412 508 467 566 tra
483 500 610 566 devotio
637 507 825 566 mutuasset.
851 499 979 565 Hecde
997 498 1185 584 multisque
1203 507 1297 582 gesta
1323 509 1398 564 suut
1414 501 1528 584 collegi·
1575 513 1578 594 l

412 633 483 675 mus
499 609 691 692 intimanda,
708 615 743 675 ut
759 610 866 694 Regia
884 607 1052 678 serenitas
1069 629 1178 673 veram
1196 609 1313 676 seriem
1329 631 1435 674 rerum
1452 612 1528 688 sciat,

412 725 444 784 et
460 719 578 784 saltem
593 720 825 803 principaliora
850 723 1035 801 cognoscat.
1061 716 1159 782 Nunc
1184 721 1294 782 autem
1311 718 1457 784 dominus
1473 719 1529 783 lia·
1576 715 1578 798 ζ

413 825 502 889 rolus
518 824 700 890 antedictus
716 846 787 889 cum
804 824 871 889 suis
887 821 1112 904 Consilliariis,
1123 845 1260 908 quorum
1274 827 1529 908 suggestionibus,
1576 869 1578 906 ,

414 953 485 997 cum
501 931 542 996 de
559 950 593 996 se
609 952 710 1014 purus
736 931 787 1012 sit,
803 932 948 994 sincerus
964 935 998 993 et
1014 929 1161 1013 simplex,
1177 937 1210 994 et
1226 935 1385 1012 quantum
1401 931 1530 1015 Principi
1577 947 1578 964 ¹

412 1047 522 1124 potest
547 1041 632 1105 bono
656 1041 774 1121 animo,
799 1045 831 1103 et
857 1045 1016 1122 qnantum
1042 1037 1109 1104 sert
1132 1043 1203 1104 etas
1228 1060 1287 1104 sua
1309 1039 1528 1124 circumspecto
1576 1023 1578 1044 ³

414 1149 557 1230 consiliu,
587 1148 621 1212 in
647 1149 730 1212 hanc
757 1147 953 1214 simultatem
981 1146 1148 1212 nobiscum
1176 1148 1272 1212 nullis
1297 1149 1529 1231 precedentibus

414 1258 537 1321 caussis
554 1255 617 1321 suit
632 1253 818 1339 perductus
844 1255 995 1321 euntibus
1023 1255 1166 1338 Ungaris
1182 1256 1225 1324 ad
1242 1257 1376 1322 servitia
1400 1257 1528 1324 Januen-
1577 1321 1579 1334 ,

418 1366 508 1446 sium,
525 1363 677 1428 Aretium
695 1369 745 1427 est
760 1383 915 1444 reversus,
932 1362 1053 1428 ibidem
1069 1384 1134 1429 nou
1150 1364 1350 1447 sinemagna
1361 1365 1528 1448 suspicione
1577 1407 1579 1418 ι

414 1471 594 1539 Tuscorum
611 1469 820 1554 aliquamdiu,
831 1471 914 1536 sicut
930 1470 1084 1552 creditur,
1100 1489 1334 1555 permansurus
1351 1496 1358 1535 ε
1377 1478 1410 1537 et
1425 1493 1461 1537 eo
1476 1493 1529 1536 ma·

413 1582 507 1660 xime,
532 1579 610 1661 quia
634 1583 825 1643 cunctorum
851 1577 987 1643 rebelles
1012 1599 1140 1662 semper
1165 1577 1301 1644 auribus
1317 1581 1387 1644 eius
1405 1580 1529 1656 instent,
1579 1643 1580 1652 ,

414 1686 532 1771 quibus
558 1687 585 1751 si
611 1687 715 1766 detur,
732 1687 817 1750 sicut
832 1687 963 1769 nostrie,
979 1685 1120 1767 auditus,
1137 1691 1250 1752 contra
1266 1686 1443 1769 gloriosum
1458 1687 1527 1752 illud

415 1817 508 1861 suum
525 1814 685 1877 agnomen
711 1794 810 1877 pacis,
836 1793 956 1859 bellum
981 1793 1077 1859 facile
1102 1793 1223 1877 poterit
1239 1795 1406 1860 suscitare.
1422 1796 1527 1878 Digne·

413 1907 468 1969 tur
484 1903 585 1984 igitur
601 1900 789 1984 Majestatis
806 1899 926 1968 Vestre
951 1901 1136 1984 benignitas
1152 1900 1257 1965 eidem
1273 1921 1340 1983 nos,
1358 1900 1528 1968 Sublimita-

414 2012 456 2075 tis
475 2009 592 2074 Vestre
609 2006 752 2091 devotos
778 2015 811 2073 et
836 2013 984 2073 nostrum
1001 2013 1132 2089 statum,
1148 2015 1248 2091 atque
1264 2009 1525 2092 tranquillitatem

414 2115 769 2183 Patrie’commendare.
786 2115 850 2198 Qui
860 2116 886 2181 si
897 2116 1023 2181 meliori
1035 2115 1178 2197 consilio,
1188 2115 1328 2181 dimissis
1339 2117 1526 2184 Tuschorum

414 2224 563 2306 negotiis,
579 2222 620 2287 ad
638 2221 900 2304 prosequendum
910 2224 1040 2306 incepta
1057 2244 1116 2288 sua
1132 2228 1165 2288 ct
1182 2243 1313 2288 cansam
1325 2225 1526 2305 periclitantis

414 2331 560 2396 Ecclesia
581 2331 800 2416 processisset,
817 2352 936 2413 nesse,
952 2352 1012 2397 nec
1028 2352 1087 2396 nos
1103 2337 1159 2395 aut
1177 2330 1267 2412 alios,
1285 2333 1386 2397 tantis
1403 2331 1526 2398 motibus

414 2438 609 2504 involvisset.
625 2441 672 2505 Et
688 2462 726 2505 eo
743 2443 882 2505 maxime
900 2444 1038 2524 oportet,
1055 2439 1144 2524 quod
1159 2438 1377 2506 humilitatem
1398 2446 1525 2507 nostram

413 2546 516 2611 eidem
543 2552 650 2611 vestra
673 2546 846 2612 clementia
862 2546 1225 2629 recommendet3'quia
1249 2548 1525 2614 nonobstantibus

414 2653 680 2737 promissionibus
695 2674 755 2738 per
772 2675 846 2719 curn
862 2653 969 2736 factis,
985 2661 1085 2738 atque
1095 2655 1241 2739 prestitis
1249 2655 1451 2738 juramentis,
1467 2663 1525 2720 tan·

413 2769 482 2827 tum
498 2761 608 2828 valent
624 2760 711 2845 apud
726 2763 833 2845 ipsum
849 2764 978 2846 impura
991 2764 1136 2844 consilia,
1146 2765 1230 2829 sicut
1239 2771 1371 2830 tenetur
1388 2771 1420 2830 et
1435 2763 1525 2833 debet

413 2867 531 2933 nedum
557 2873 686 2934 nostros
712 2867 849 2933 rebelles
876 2875 909 2933 et
934 2868 1044 2934 exules
1070 2891 1134 2935 non
1152 2869 1295 2954 expellit,
1321 2871 1378 2936 sed
1404 2872 1525 2936 niaxima

413 2976 629 3042 admiratione
646 2983 766 3055 nostra,
784 2977 990 3060 maximaque
1015 2978 1223 3061 displicentia
1239 2985 1272 3043 et
1287 2979 1473 3063 suspicione,
1487 2979 1524 3060 ip-

413 3105 465 3148 sos
482 3081 631 3150 confovet
648 3089 681 3149 et
698 3089 853 3168 receptat,
870 3107 929 3150 nec
945 3085 1073 3151 videtur
1099 3086 1276 3170 dispositus
1293 3107 1347 3151 eos
1364 3086 1522 3168 caesioni

413 3196 547 3272 tenetur,
564 3197 598 3256 et
614 3191 699 3257 sicut
717 3213 792 3257 suus
809 3193 912 3259 honor
928 3194 1037 3277 exigit,
1047 3215 1221 3260 removere.
1237 3191 1309 3258 Nec
1325 3194 1369 3259 ad
1384 3193 1442 3260 hoc
1457 3190 1522 3258 faci·

412 3300 529 3364 endum
548 3305 676 3365 movent
692 3297 797 3382 ipsum
812 3304 921 3383 pacta,
936 3321 1001 3367 non
1017 3300 1158 3384 impellit
1184 3300 1345 3382 honestas,
1362 3323 1424 3367 nou
1439 3301 1523 3365 etiam

411 3407 539 3471 inducit
554 3406 697 3486 offensio,
715 3427 814 3488 quam
830 3427 888 3491 per
913 3409 1058 3491 ipsorum
1075 3430 1189 3474 manus
1205 3411 1341 3492 accepit,
1360 3411 1461 3476 occiso
1475 3427 1522 3492 per

414 3535 468 3579 ecs
485 3513 662 3598 Magnifice
679 3513 787 3580 Milite
805 3514 934 3582 domino
950 3515 975 3580 J
977 3517 1103 3582 ohanne
1116 3517 1231 3584 Morus
1247 3518 1454 3583 dilectissimo
1468 3516 1522 3581 cive

412 3629 445 3687 et
462 3621 603 3688 Oratore
619 3628 740 3697 nostro,
757 3645 852 3706 quem
869 3625 902 3688 in
919 3626 1094 3692 maximum
1111 3628 1180 3692 cius
1197 3623 1347 3708 dedecus,
1358 3629 1458 3712 prima
1473 3625 1522 3701 dic,

414 3752 480 3812 qua
496 3731 633 3795 intravit
656 3730 817 3812 Aretium,
837 3739 1055 3814 peremerunt.
1081 3734 1294 3818 Majestatenr
1312 3733 1469 3812 Vestram,
1483 3729 1522 3795 cui

413 3861 471 3904 nos
489 3838 665 3904 humillime
676 3839 949 3924 commendamus,
961 3840 1114 3924 dignetur
1124 3842 1317 3910 Altissimus
1334 3842 1390 3906 diu
1406 3839 1523 3907 feliciter

412 3967 612 4012 conservare.
628 3947 720 4012 Data
744 3947 912 4013 Florentio
938 3949 993 4014 die
1009 3947 1204 4018 XXVIIII.
1222 3949 1377 4015 Octobris
1393 3947 1472 4014 1111.
1486 3947 1523 4009 in·

412 4051 554 4119 dictione
571 4051 851 4119 MOOOLXXX.

414 4196 539 4258 (Eredeti
561 4198 772 4263 togalmazvstuy
796 4213 813 4248 a
830 4197 968 4264 »Siguort
982 4201 1289 4270 Oarteggie,ll1issive,«
1316 4204 1369 4254 stb.
1392 4200 1463 4251 XIX.
1476 4197 1521 4245 rot.

672 4293 714 4338 69.
728 4303 765 4338 sz.
779 4302 813 4354 a,
827 4303 843 4338 a
856 4289 988 4340 florenczi
1002 4306 1076 4356 nagy
1090 4291 1284 4357 levelttrban.)
