3190 5252
619 359 712 422 1380.

631 663 702 724 194.

104 826 130 888 l.
141 827 245 912 'Lajoa
260 849 403 913 maqyar
419 828 451 890 e'a
467 826 588 912 lenyyel
600 825 782 911 kirdlpnnlc
799 849 820 886 a
836 823 1105 909 mapparorsza'pl
1123 825 1235 886 baldr-

107 934 148 997 tal
167 933 350 998 Pruaeiabc
366 935 659 1020 Lenqyelorszctqon
676 933 833 996 ael-azan
848 940 932 996 uzon
952 931 1150 996 kereslcede'ct
1167 935 1234 995 tnr-

424 1045 527 1130 9pazo'
549 1040 910 1130 privilepiunra.1380.

206 1201 247 1265 Iu
263 1207 404 1270 nomine
423 1203 556 1269 Domini
582 1201 699 1266 Amen.
723 1199 794 1266 Nos
821 1199 1009 1266 Lodouicus
1035 1197 1098 1264 Dei
1125 1200 1237 1281 gracia

99 1309 281 1392 Hungarie,
305 1311 454 1392 Polonie,
471 1309 650 1390 Dalmacie,
667 1307 815 1387 Graecia,
825 1309 940 1390 Rama,
959 1307 1083 1390 Seruie,
1099 1305 1236 1385 (delicie,

1 1435 2 1438 ’
99 1415 303 1496 Lodomerie,
329 1417 495 1500 Cumanie,
521 1417 753 1500 Bulgarieque,
781 1415 872 1496 Rex3
897 1415 1056 1479 uniuersis
1081 1420 1114 1478 et
1130 1416 1237 1494 singu·

99 1527 150 1607 lis,
175 1527 381 1607 presentibus
405 1533 438 1589 et
462 1525 586 1590 futuris
613 1523 729 1607 quibus
761 1523 892 1606 expedit
917 1522 1131 1604 notificamus,
1148 1523 1234 1604 qno'd

1 1692 2 1699 ,
99 1634 310 1699 attendentes
335 1635 514 1717 graciosius
542 1639 575 1698 et
600 1633 742 1716 benigno
776 1630 996 1715 ponderantes
1028 1632 1125 1696 corde
1156 1631 1236 1694 mul-

1 1805 2 1834 ,
99 1743 228 1826 tiplices
255 1743 562 1827 depauperaciones,
587 1741 818 1823 desolaciones,
844 1739 1170 1820 incommodositates,
1197 1746 1229 1804 et

100 1852 319 1935 dampnorum
337 1851 554 1934 plurimorum
570 1837 860 1931 ineouueniencias,
877 1868 959 1931 quas
985 1845 1157 1928 Ciuitates,
1174 1869 1230 1930 op-

1 1959 3 2036 l
99 1959 182 2044 pida
198 1966 232 2025 et
248 1958 324 2023 ville
340 1964 452 2024 nostre
468 1957 661 2024 intermedie
677 1958 782 2022 tocius
799 1956 906 2042 Regni
931 1955 1075 2036 Polonie,
1092 1955 1234 2020 contines

1 2151 3 2158 Ι
98 2068 162 2133 viis
179 2074 212 2132 et
228 2065 432 2148 transitibus,
448 2065 543 2131 iretis
560 2073 592 2130 et
608 2068 749 2131 seruatis
760 2071 909 2149 tempore
921 2063 1058 2129 condam
1075 2063 1231 2128 Illustris-

98 2176 174 2240 simi
193 2173 357 2258 Principis
374 2174 497 2239 domini
514 2173 677 2240 Karimiri
693 2174 795 2256 Regis
815 2173 969 2238 auunculi
993 2173 1107 2254 nostri,
1124 2171 1163 2236 dc
1181 2170 1234 2236 Oi·

1 2315 2 2365 j
99 2284 206 2348 uitale
223 2289 335 2348 nostra
352 2281 550 2348 Sandecensi
575 2304 675 2364 usque
691 2281 861 2346 Prussiam
878 2288 912 2346 et
927 2281 1019 2360 alias
1046 2302 1084 2344 ex
1111 2280 1234 2346 Sande·

100 2391 206 2457 censis
223 2389 371 2473 predicte
388 2389 542 2456 Oiuitatis
560 2396 669 2454 nostre
697 2388 873 2469 hominum,
898 2389 1088 2466 incolarum,
1114 2387 1234 2455 ciuium

100 2505 134 2564 et
151 2505 371 2564 mercatorum
387 2498 517 2580 nauigio
534 2506 566 2562 et
581 2499 731 2578 transitu,
761 2517 856 2580 quem
881 2495 1029 2562 feceruut
1055 2495 1231 2579 hucusque,

1 2637 2 2666 i
97 2609 131 2673 in
149 2607 247 2690 aquis
263 2605 414 2671 videlicet
440 2607 606 2671 Dunaiecz
623 2611 655 2670 et
672 2604 778 2686 Visla,
804 2628 825 2670 a
839 2612 986 2689 tempore
1011 2611 1124 2671 nostre
1151 2625 1226 2669 cou-

1 2716 2 2788 Ῐ
98 2713 258 2780 cessionis
283 2714 428 2798 perpessi
455 2719 530 2776 sunt
557 2718 589 2778 et
615 2713 839 2778 sustinuerunt
870 2715 1033 2796 grauiter3
1058 2713 1173 2796 quibus
1198 2719 1233 2778 vt

98 2843 333 2888 succurramus
349 2820 532 2902 benigniter
548 2819 588 2884 de
603 2819 710 2902 Regia
735 2826 849 2886 nostra
874 2821 967 2886 nobis
984 2822 1081 2886 insita
1097 2821 1233 2886 clenica-

1 2961 2 2986 ÷
99 2933 155 3010 tia,
174 2929 278 2994 nostri
295 2929 431 2994 interest
450 2927 641 3011 graciosius,
668 2927 985 3011 depauperacionum
1000 2927 1232 3012 predictarum,

1 3070 2 3092 1
98 3037 346 3104 desolacionum
363 3042 396 3102 et
421 3037 638 3120 dampnorum
664 3037 948 3102 inconueniencias
974 3037 1121 3102 releuare
1139 3062 1144 3100 :
1163 3059 1234 3119 pre-

1 3139 2 3150 ’
99 3145 265 3211 meditata
281 3150 411 3210 matura
427 3151 460 3214 et
477 3167 556 3211 sana
572 3167 630 3229 per
655 3166 714 3209 nos
731 3151 766 3210 et
790 3144 954 3209 dominam
981 3145 1164 3226 Elizabeth,
1181 3166 1233 3228 ge-

99 3253 254 3319 nitricem
270 3258 417 3316 nostram
436 3251 654 3333 karissimam,
681 3273 719 3316 ac
736 3252 837 3316 eciam
863 3251 1032 3317 Beronum
1049 3259 1233 3318 nostrorum

104 3361 357 3440 deliberacione,
375 3381 413 3425 ex
430 3368 521 3426 certa
545 3367 658 3426 nostra
683 3359 820 3425 sciensia
845 3367 877 3425 et
902 3361 1068 3426 voluntate
1093 3361 1235 3427 decerni-

99 3493 182 3550 mus,
199 3469 375 3536 statuimus
392 3475 426 3533 et
440 3469 571 3534 omniuo
587 3470 734 3534 volumus
750 3475 918 3553 perpetua,
943 3477 978 3535 vt
993 3491 1104 3534 omnes
1122 3478 1154 3535 et
1171 3473 1235 3535 siu·

100 3579 172 3661 guli
189 3577 275 3642 dicte
293 3577 449 3642 Ciuitatis
466 3585 576 3642 nostre
594 3576 811 3643 Sandecensis
830 3579 925 3660 ciues,
940 3578 1047 3644 incole
1064 3587 1096 3644 et
1113 3600 1233 3646 merca-

99 3693 201 3768 tores,
219 3685 360 3751 dimissis
377 3706 489 3753 eorum
506 3685 699 3752 transitibus
727 3707 784 3751 seu
800 3687 939 3770 nauigiis
964 3687 997 3751 in
1016 3688 1110 3753 dictis
1126 3689 1230 3770 aquis,

101 3801 134 3858 ct
159 3795 311 3858 totaliter
341 3795 558 3877 pretermissis
585 3795 725 3878 amplius
761 3815 860 3877 super
891 3794 987 3860 dictis
1013 3796 1107 3878 aquis
1133 3794 1229 3860 sactis

102 3902 401 3986 quomodocunque,
418 3923 490 3973 cnm
507 3901 604 3984 ferro,
623 3923 733 3986 cupro,
750 3908 783 3966 et
799 3903 873 3968 aliis
901 3903 1123 3986 quibuscunqe
1149 3924 1231 3968 mer-

103 4010 195 4074 cibus
212 4031 324 4074 eorum
340 4009 372 4072 in
388 4016 488 4092 terra,
517 4016 549 4074 ct
573 4031 637 4073 non
664 4011 756 4091 alias,
773 4033 868 4094 quam
890 4033 949 4093 per
966 4011 1160 4077 Cracouiam
1177 4035 1232 4077 no-

102 4124 207 4182 stram
223 4113 412 4200 Ciuitatem,
428 4123 461 4182 et
477 4137 537 4199 per
552 4117 619 4182 alia
629 4126 787 4183 consueta
802 4118 875 4182 loca
884 4119 1009 4183 viarum
1027 4126 1059 4183 et
1075 4120 1233 4187 thelonio·

102 4249 173 4291 rum
185 4231 373 4290 nostrorum
382 4226 556 4310 Regalium
574 4227 607 4291 in
624 4233 722 4292 antea
733 4227 855 4310 iugiter
866 4233 1035 4292 transeant
1046 4233 1078 4292 et
1088 4227 1233 4312 redeant,

101 4355 240 4418 perque
257 4339 404 4416 tempore
415 4335 587 4400 recolende
604 4336 758 4400 memorie
775 4337 911 4400 condam
929 4336 1050 4400 domini
1067 4335 1231 4400 Kaulmiri

103 4441 207 4527 Regis
226 4442 366 4509 Polonie
384 4442 536 4510 auunculi
552 4444 654 4509 nostri
681 4444 820 4528 predicti
849 4445 987 4509 transire
1014 4451 1046 4508 et
1073 4444 1234 4528 proficisci

105 4560 300 4618 consuetum
319 4560 351 4620 et
377 4553 507 4621 solitum
525 4575 563 4618 ac
580 4557 735 4617 statutum
763 4554 935 4636 extiterat3
961 4553 1234 4638 quemadmodum
