3182 5252
568 377 662 438 1385.
1113 379 1177 442 555

56 551 139 635 quod
156 575 190 618 se
206 553 416 637 solempniter
442 553 586 638 obligent
602 555 641 619 (15
658 554 831 620 reficiendo
849 561 882 620 et
898 556 1051 622 solvendo
1068 559 1178 622 omnis
1277 567 1282 579 “

55 663 200 746 dampno,
217 661 326 746 quein
343 659 488 727 futurum
514 663 701 746 inserentur,
719 664 747 728 si
764 686 829 748 qua
846 664 924 730 fient
940 662 1177 730 Communitati

55 770 201 854 Ragusii,
226 769 349 834 civibus
365 777 398 834 51
414 769 655 837 habitatoribus
672 778 705 836 51
721 773 861 838 subditis
881 770 1039 852 omnibus,
1056 772 1180 838 511155-

54 879 136 945 libus
161 880 272 962 Regni
296 880 479 963 Hungarie,
496 883 662 947 occasione
687 883 847 966 captionis
873 890 906 948 51
927 881 1123 947 (15155115515
1140 881 1179 946 (15

54 987 121 1072 1555
135 986 222 1055 15515
247 1008 306 1072 555
333 985 512 1055 Commune
538 990 684 1073 Rogusii.
700 992 747 1056 Et
762 989 823 1055 hoc
840 990 989 1073 promisit
1005 990 1109 1055 dictus
1124 989 1180 1054 do·

55 1097 156 1162 minus
181 1093 354 1160 Tristanus
379 1117 413 1160 se
439 1096 618 1182 adimplere
643 1118 748 1180 usque
775 1097 818 1162 ad
842 1097 1016 1162 terminum
1039 1103 1181 1178 quatuor

55 1205 208 1272 meusium
225 1206 371 1288 proxime
397 1206 688 1289 computandorum
713 1228 733 1272 5
758 1206 810 1271 (115
826 1228 890 1289 quo
907 1227 1015 1288 supra,
1032 1205 1058 1270 si
1075 1204 1181 1270 (115155

55 1311 212 1378 Dominus
239 1312 279 1378 de
305 1313 474 1394 (lonciaco,
490 1319 523 1379 51
548 1313 650 1378 frater
666 1314 745 1380 (11511
761 1314 883 1381 domini
899 1313 1045 1379 Tristani
1061 1313 1181 1378 fuerint

54 1419 86 1483 15
110 1418 230 1501 Ι15115;
246 1422 272 1486 51
289 1443 366 1488 5555
382 1419 503 1488 1555151
528 1421 615 1487 51155
639 1421 781 1504 Italiam,
807 1429 979 1488 teneantur
1004 1420 1181 1504 adimplere

55 1547 154 1610 usque
169 1529 215 1594 ad
230 1531 404 1596 terminum
414 1552 470 1596 sex
480 1532 636 1596 mensium
646 1533 792 1616 proxime
809 1539 989 1613 venturum,
1006 1538 1043 1596 51
1059 1531 1180 1596 dictum

56 1643 111 1702 est.
125 1636 213 1702 Item
229 1639 393 1720 promittit
418 1637 566 1704 dominus
591 1639 713 1706 Petrus
730 1641 769 1705 de
786 1639 820 1706 la
837 1638 970 1706 Corona
986 1647 1018 1704 et
1034 1640 1181 1704 dominus

54 1742 224 1809 Arnoldus
249 1743 441 1812 Theotonici
467 1768 500 1812 se
525 1747 672 1813 15515555
697 1753 730 1811 51
755 1755 924 1813 curaturos
949 1747 997 1812 ita
1014 1754 1047 1812 et
1063 1746 1182 1827 taliter,

56 1853 141 1933 quod
158 1855 194 1918 in
210 1856 350 1920 termino
376 1856 474 1920 trium
500 1857 656 1920 mensium
682 1845 982 1939 computandorum,
1008 1861 1043 1920 51
1059 1855 1181 1918 dictum

56 1969 109 2044 est,
126 1963 218 2046 quod
235 1963 383 2047 predicto
401 1974 514 2031 nostro
525 1963 699 2031 Communi
710 1963 943 2050 presentabunt
954 1966 1182 2048 promissiones

55 2077 86 2135 et
116 2079 322 2138 sacramenta
353 2073 387 2137 in
417 2073 524 2140 forma
555 2073 763 2158 infrascripta
788 2073 967 2138 Illustrium
995 2079 1029 2139 et
1054 2072 1183 2154 Magni-

56 2179 184 2246 ficorum
206 2178 421 2247 Dominorum
439 2183 478 2247 de
495 2182 693 2264 Mediolano,
705 2183 827 2250 scilicet
838 2183 958 2248 domini
975 2182 1183 2246 Bernabonis

56 2293 86 2352 51
101 2288 226 2353 domini
251 2287 376 2356 Galeaz
403 2289 541 2355 Comitis
568 2288 736 2357 Virtutum
760 2312 821 2374 pro
847 2292 892 2356 eis
915 2290 1183 2373 promittentium,

57 2397 93 2462 (15
118 2397 390 2481 promissionibus
417 2403 450 2462 51
475 2399 727 2482 obligationibus
753 2421 811 2482 per
837 2421 892 2464 eos
918 2399 1022 2464 factis.
1051 2397 1183 2481 Aliique

58 2503 180 2572 Milites
200 2511 232 2570 et
247 2503 386 2573 Nobiles
401 2507 604 2590 Francigene
621 2506 717 2572 simili
733 2505 828 2572 modo
845 2529 879 2573 se
895 2507 1044 2591 obligant
1057 2529 1184 2590 presen-

56 2614 117 2678 tari
134 2614 245 2681 facere
272 2613 443 2681 Communi
469 2616 606 2699 Rugusii
624 2616 853 2701 promissiones
871 2623 903 2680 51
914 2617 1103 2700 juramenta
1119 2615 1185 2680 dic·

56 2727 159 2788 torum
185 2721 372 2789 Illustrium
397 2723 611 2789 Dominarum
636 2724 676 2789 de
702 2725 891 2790 Mediolano
916 2726 949 2790 in
975 2725 1112 2791 termino
1129 2746 1185 2789 sex

55 2831 212 2895 mensium
225 2831 529 2915 computandorum,
555 2839 591 2898 51
617 2856 722 2917 55555,
738 2855 798 2917 555
816 2835 861 2898 515
878 2834 1136 2917 promittentium
1152 2839 1186 2898 51

53 2939 242 3022 jurantium.
276 2939 363 3005 Item
386 2945 615 3025 promiserunt,
640 2951 675 3010 ut
701 2936 809 3027 55555,
836 2965 920 3008 5555
945 2942 1023 3008 (11511
1049 2941 1185 3007 Nobiles

57 3055 87 3112 et
102 3049 224 3115 milites
240 3050 372 3116 mittere
390 3059 422 3116 51
438 3052 623 3134 5555551551
648 3051 754 3116 facere
779 3074 851 3117 oum
868 3050 985 3116 5115515
1000 3050 1184 3134 promissio·

57 3161 160 3223 55551
173 3157 364 3244 juramenta
391 3158 534 3224 illustris
559 3157 699 3226 Domine
716 3159 844 3225 domine
871 3159 1030 3224 consortis
1047 3155 1183 3222 condam

58 3266 238 3350 supradicti
264 3266 384 3333 domini
410 3267 512 3334 Ducis
537 3266 732 3350 Andagavie
759 3270 875 3333 asserti
900 3269 1011 3350 Regis,
1027 3272 1063 3331 ut
1079 3287 1186 3350 supra,

57 3373 212 3440 heredum
238 3373 315 3440 dicti
341 3375 463 3440 domiui
490 3375 602 3456 Ducis,
629 3382 661 3440 51
685 3375 785 3441 115515
812 3376 918 3460 Berrj,
936 3381 969 3440 et
985 3375 1085 3440 Ducis
1102 3375 1187 3439 Bur-

57 3482 174 3566 gundio
192 3480 331 3548 15515555
349 3484 427 3549 (11511
445 3483 580 3549 condam
608 3483 731 3548 domini
756 3483 859 3550 Ducis
875 3481 1076 3568 Anrlagavie.
1099 3484 1187 3548 Etsi

57 3592 196 3672 predicti
214 3611 278 3655 non
295 3591 472 3671 mitterent,
497 3613 555 3656 555
581 3592 744 3657 solverent
772 3591 875 3658 dictas
891 3593 1055 3675 pecunias,
1073 3597 1106 3656 et
1123 3611 1187 3656 non

58 3699 206 3765 lacerent
221 3701 401 3781 presentari
425 3700 530 3765 dictas
558 3702 788 3782 promissiones
805 3707 838 3766 51
855 3705 1058 3766 5555555515
1075 3700 1107 3764 15
1124 3706 1187 3763 ter-

58 3806 151 3875 minis
168 3808 419 3890 suprascriptis;
445 3807 588 3890 exceptis
614 3808 880 3902 promissionibus
898 3808 1058 3874 contentis
1075 3809 1106 3871 in
1124 3815 1188 3872 ter-

58 3913 143 3981 mino
169 3934 227 3981 sex
251 3915 408 3980 mensium
435 3923 467 3980 et
494 3923 635 3998 quatuor
654 3917 820 3998 mensium,
838 3938 900 3999 que
917 3917 951 3980 15
967 3916 1028 3980 1155
1044 3916 1187 3998 capitulo

59 4041 120 4086 non
136 4022 463 4104 comprehenduntur,
474 4023 534 4108 ipsi
551 4025 690 4088 relaxati
707 4025 817 4088 omnes
833 4021 893 4089 sub
911 4023 972 4088 lide
990 4026 1187 4088 sacramenti

59 4133 234 4196 tencantur
250 4131 357 4196 redire
374 4133 415 4197 ad
432 4139 560 4196 nostros
578 4153 734 4213 carceres,
751 4154 770 4196 5
786 4131 879 4198 nobis
891 4133 922 4195 in
934 4133 1012 4215 ipsis
1023 4131 1188 4196 detinendi

60 4235 99 4306 ad
116 4245 229 4304 nostre
246 4236 488 4322 beneplacitum
505 4242 687 4307 voluntatis.
703 4242 749 4306 Et
767 4242 793 4304 si
810 4261 874 4304 non
891 4239 1036 4304 redirent
1053 4261 1117 4304 non
1134 4239 1186 4305 ob·

61 4347 219 4415 servando
243 4348 410 4432 premissa,
435 4347 522 4430 quod
548 4350 581 4412 in
606 4369 801 4432 qrrncunque
828 4345 929 4410 Curia
945 4346 1071 4426 Mundi,
1088 4347 1189 4432 Pape,

61 4451 286 4538 Imperatoris,
312 4455 447 4538 Regum,
473 4455 671 4540 Principum,
693 4455 840 4521 Heroum
867 4462 899 4519 51
924 4475 1189 4537 quorumcunque

61 4559 276 4632 Dominorum
302 4585 362 4648 pro
387 4567 507 4632 nostris
523 4566 661 4650 captiuis
678 4565 845 4650 appellare
869 4572 902 4630 et
928 4563 1100 4632 convenire
1120 4585 1191 4650 pos-
