3214 5250
616 401 709 461 1387.
1160 401 1223 460 619

90 574 220 640 solvere
236 575 393 656 debeatis,
410 595 580 660 quousque
598 576 761 661 sepedicta
781 576 910 642 domine
936 575 1061 659 Regino
1088 574 1225 640 liberen-

88 689 157 762 tur,
174 685 375 768 neutrisque
391 690 460 750 tam
477 683 682 750 dominarum
698 684 903 768 Reginarum
920 705 1019 769 qnam
1035 683 1155 750 nostris
1171 684 1223 748 lit·

89 793 184 874 teris,
201 793 252 855 cui
267 793 355 874 ipsos
370 791 511 858 florenos
527 814 651 877 pagare
668 792 857 876 debueritis,
873 792 1001 857 fueritis
1017 793 1165 875 plenarie
1178 791 1225 856 in·

90 899 238 980 formati,
269 906 398 982 gratam
430 901 522 967 nobis
548 901 819 985 complacentiam
843 898 1015 966 ostensuri.
1040 898 1166 964 Datum
1192 899 1224 962 in

89 1007 289 1091 Vespremio
298 1007 455 1092 vigesima
465 1007 607 1073 secunda
618 1010 670 1074 dic
682 1004 1225 1075 mensichvembris.LXXXVI.

88 1154 129 1215 (Δ
145 1153 249 1216 »Copia
262 1152 296 1202 de
309 1152 549 1204 Commemorlalic
565 1153 655 1202 czimd
666 1153 804 1210 velenczei
819 1152 998 1217 illamkltnyv
1020 1151 1097 1201 VIII.
1121 1149 1225 1201 kerem-

582 1245 628 1294 bol
643 1247 703 1293 ata.
718 1243 748 1304 l.)

581 1407 741 1414 --——-.·-=--·

627 1567 700 1631 352.

85 1722 125 1793 'A
140 1729 267 1814 pecudi
291 1730 502 1817 kdztdrcacdq
527 1755 548 1795 a
574 1753 715 1816 mapyar
741 1731 864 1796 Ιιονοπα
885 1730 1019 1794 nccdbca
1034 1728 1226 1793 Dalmatirit

89 1839 233 1904 kdldndc
260 1838 397 1902 nc'deimc
423 1838 482 1904 alo
506 1839 610 1918 cevia,
629 1839 763 1928 ajrinlja
780 1849 831 1904 oat
848 1861 869 1900 α
888 1835 1039 1902 oelcuczci
1055 1837 1226 1922 kcrmduy·

558 1947 635 2012 nait.
662 1951 757 2014 1387.

204 2106 280 2172 Dux
305 2113 336 2172 et
361 2103 542 2172 Consilium
568 2108 677 2174 Janue
695 2107 737 2174 ad
753 2104 879 2173 Ducem
895 2105 1117 2175 Venetiarum.

203 2211 349 2282 Illustris
364 2221 398 2281 et
414 2214 591 2300 Magnifice
608 2214 711 2281 frater
726 2215 925 2282 charissime.

204 2322 360 2406 Longeva
376 2323 529 2406 charitas,
556 2344 621 2407 qua
645 2321 765 2392 Inclita
784 2320 917 2388 Corona
934 2321 1081 2406 Vngaric
1098 2343 1226 2404 semper

91 2439 146 2498 est
156 2438 329 2516 prosecuta
338 2437 485 2498 nostram
501 2429 705 2498 dannensem
714 2429 972 2516 Rempnblieam‚
988 2437 1021 2496 et
1035 2431 1121 2496 unde
1131 2429 1226 2496 nobis

90 2543 202 2608 cultus
217 2539 398 2606 devotionis
415 2539 575 2622 effloruit3
591 2561 695 2624 nuper
711 2540 839 2606 induxit
849 2539 1012 2606 amicabili
1029 2538 1227 2605 confidentia

91 2651 259 2717 Proceres
275 2647 436 2732 Vngarici
450 2647 559 2732 Regni
577 2653 609 2713 et
625 2647 747 2716 incolas
773 2647 991 2730 Dalmatinos,
1007 2670 1080 2715 suos
1096 2648 1139 2714 ad
1155 2670 1226 2732 pre·

91 2757 235 2823 sentiam
261 2762 408 2823 nostram
433 2755 597 2823 destinare
613 2757 764 2841 Legatos,
791 2757 983 2841 urgentibus
1000 2779 1039 2821 ex
1055 2757 1160 2822 causis
1178 2777 1227 2821 re-

91 2867 264 2951 quirentes
281 2865 411 2931 solitum
428 2865 616 2950 obsequium
643 2871 754 2934 nostre
770 2864 1011 2931 Dominationis
1027 2887 1086 2948 pro
1103 2885 1227 2929 conser-

90 2974 227 3040 vatione
244 2972 509 3040 Dalmatinarum
526 2975 670 3058 partium
688 2971 748 3039 sub
764 2971 876 3039 debita
896 2970 1052 3038 fidelitate
1070 2973 1226 3057 premisse

93 3082 228 3149 Corone
246 3103 301 3148 seu
317 3081 434 3166 Regni,
450 3103 544 3164 nunc,
561 3089 597 3147 ut
613 3079 736 3150 Vestra
749 3081 894 3147 Illustris
905 3081 1114 3146 Fraternitas
1130 3082 1226 3162 novit,

91 3189 338 3275 quodammodo
353 3189 550 3256 fluctuantis.
568 3189 636 3255 Nos
653 3195 769 3270 autem,
785 3188 902 3274 quibus
918 3189 960 3255 ad
977 3188 1059 3254 illud
1076 3187 1224 3274 Regnum

90 3297 311 3368 indeficientis
336 3296 515 3366 devotionis
539 3297 716 3382 integritas
740 3305 859 3379 manet,
885 3298 1054 3381 cupientes
1079 3303 1226 3364 nostram

89 3407 313 3475 constantiam
332 3406 429 3472 dictis
445 3406 644 3472 Proceribus
669 3407 883 3489 comprobari,
900 3405 1085 3472 devenimus
1102 3405 1143 3471 ad
1161 3427 1226 3471 cer·

90 3525 149 3582 tas
167 3516 417 3599 compositiones
434 3537 505 3580 cum
521 3515 618 3581 dictis
642 3514 817 3582 Procerum
835 3522 867 3581 ot
884 3512 1148 3580 Dalmatinarum
1165 3514 1225 3578 Le-

93 3623 194 3709 gatis,
210 3625 281 3706 ipsa
306 3622 475 3689 Dalmatia
502 3621 561 3688 sub
586 3623 693 3687 amica
707 3622 805 3707 hujus
822 3619 1011 3687 Communis
1027 3622 1227 3705 protectione

91 3735 252 3814 succepta
276 3730 319 3796 ad
345 3731 621 3796 conservationem
647 3735 794 3813 pretacte
814 3727 993 3812 fidelitatis,
1009 3731 1051 3796 ad
1067 3730 1227 3812 tranquil-

90 3840 225 3906 litatem
241 3845 274 3903 et
290 3859 425 3922 pausam
442 3839 521 3922 ejus,
546 3845 577 3904 et
604 3837 732 3904 demum
748 3836 790 3902 ad
807 3836 976 3920 pacificam
993 3837 1227 3922 gratitudinem

90 3969 162 4015 non
180 3947 283 4013 solnm
310 3969 384 4013 cum
410 3947 565 4028 finitimis
591 3947 649 4012 sed
674 3935 815 4012 remotis.
833 3944 1043 4031 Quapropter
1058 3946 1227 4012 Illustrem

92 4059 251 4128 Vestram
267 4057 524 4124 Fraternitatem
545 4057 721 4123 affectuose
741 4077 902 4140 rogamus,
920 4064 1080 4140 quatenus
1097 4058 1228 4141 placeat

89 4167 201 4232 dictas
217 4171 327 4250 partes
343 4172 378 4233 et
393 4165 466 4232 loca
482 4165 659 4247 Dalmatio,
675 4171 708 4230 et
724 4163 941 4247 Dalmatinos,
958 4165 1064 4233 nostri
1079 4165 1225 4249 speciali·

92 4283 148 4340 ter
164 4273 286 4338 intuitu
303 4275 527 4339 recommissos
543 4275 672 4355 habere,
689 4294 807 4355 eosque
822 4278 967 4338 tractare
979 4271 1067 4337 velut
1075 4274 1226 4358 proprios

90 4383 297 4461 ‚lerinensem
322 4381 504 4464 quaelicet
530 4403 594 4446 non
619 4379 793 4465 expediret,
810 4399 974 4444 monemus
990 4385 1100 4446 tamen
1117 4380 1227 4446 horta·

92 4491 185 4558 ruine
209 4489 348 4573 placido,
373 4496 411 4555 ut
435 4493 559 4554 cunctis
586 4510 620 4555 se
637 4489 828 4574 propensius
846 4486 983 4555 Venetis
1003 4489 1119 4553 vestris
1146 4490 1225 4553 arni-

92 4597 235 4664 (issimis
262 4599 381 4663 nostris
410 4603 591 4663 reverentes
618 4619 651 4661 sc
677 4595 844 4680 prebeant,
876 4601 976 4678 atquc
1010 4602 1131 4679 gratos,
1163 4618 1226 4681 quo
