3214 5250
381 387 445 449 598
734 399 971 445 umacusczmr
987 388 1154 444 manns.

381 581 497 647 penam
513 566 701 628 contentam
717 561 751 625 in
767 559 856 627 dicto
873 557 996 626 ordine.
1014 556 1117 628 Vadit
1132 581 1217 644 pars,
1239 562 1328 646 quod
1354 559 1501 652 conceda·
1592 565 1593 572 ’

378 675 432 734 tur
448 670 512 736 sibi
528 669 569 735 do
586 670 709 754 gracia,
725 666 814 752 quod
829 667 952 734 dictum
967 669 1075 734 oleum
1091 672 1196 754 possit
1219 671 1328 736 venire
1354 691 1410 735 sou
1435 689 1501 734 cou-
1592 665 1593 668 ’

380 778 454 844 duci
472 778 633 846 venecias
648 799 721 844 oum
736 797 931 861 quocunque
957 777 1100 860 nauigio,
1125 800 1189 844 non
1215 777 1369 843 obstante
1396 775 1502 844 ordine

381 909 438 952 seu
453 892 550 970 parte
565 885 721 970 predicta,
738 891 771 951 et
785 890 920 969 propter
936 885 997 952 hoc
1014 885 1135 952 nullam
1152 908 1271 970 penam
1287 887 1442 952 incurrat.

489 1033 525 1094 (A
541 1032 651 1084 ›anti‹
667 1034 757 1084 calmo
774 1033 915 1084 relenczei
928 1033 1157 1098 allamlrdnyrbol
1170 1035 1229 1084 xl..
1244 1037 1302 1086 leot.
1317 1039 1360 1084 21.
1375 1035 1404 1099 1.)

911 1342 984 1405 337.

384 1503 449 1570 III.
468 1525 550 1592 napy
565 1504 735 1568 Durazzoi
751 1502 877 1590 Koroly
892 1502 1220 1591 sicilinilrirdlyuob,
1237 1502 1366 1567 ruirrtu'n
1382 1503 1433 1566 bis
1448 1503 1506 1565 lr'n'-
1576 1538 1579 1543 -

385 1610 457 1698 roly
472 1622 607 1676 neoezete
622 1611 707 1676 alott
723 1633 861 1696 mogyar
887 1610 1070 1698 leirdlynols
1096 1611 1339 1688 koronriatutott,
1357 1635 1379 1674 a
1397 1611 1507 1697 floren

746 1718 794 1780 cai
810 1717 1029 1804 k'o'ztcirsuea'g.
1049 1721 1143 1783 1386.

601 1875 685 1960 Regi
701 1877 884 1960 Hungarie.

493 1981 703 2050 Serenissime
719 1990 818 2068 atque
834 1983 1065 2067 gloriosissime
1085 1983 1254 2067 Princeps,
1280 1983 1370 2067 pugil
1396 1984 1503 2050 Eccle-

385 2093 441 2174 sie,
459 2090 651 2160 Guelforum
667 2093 823 2174 columen,
838 2100 871 2158 et
887 2115 961 2178 spes
972 2092 1080 2158 vivida
1090 2093 1191 2158 nostri
1204 2089 1405 2158 Communis.
1416 2094 1503 2159 Nun·
1592 2117 1593 2120 ¹

385 2223 494 2285 quam,
511 2203 593 2268 sicut
610 2202 652 2267 ad
669 2221 812 2286 presens,
828 2207 895 2268 tam
913 2201 1090 2268 efficaciter
1106 2207 1288 2284 atquerere
1299 2200 1361 2266 luit
1378 2205 1508 2283 experta

385 2315 500 2375 nostra
514 2309 651 2392 devotio,
668 2332 764 2394 quarn
781 2332 879 2393 grave
899 2312 1136 2394 molestumque
1162 2310 1204 2374 sit
1228 2308 1328 2393 longa
1353 2309 1448 2374 nimis
1464 2330 1510 2372 er-

386 2417 571 2502 pectatione
588 2419 752 2500 suspendi.
768 2417 944 2503 Nunquam
962 2418 1087 2502 aliquid
1111 2424 1179 2484 tarn
1204 2419 1359 2484 ardenter
1384 2426 1509 2501 tamque

385 2525 460 2591 lctis
476 2526 592 2592 animis
610 2528 801 2611 expectauit,
817 2547 915 2612 qnam
930 2526 1051 2592 litteris
1069 2525 1178 2610 regiis,
1204 2546 1302 2610 super
1327 2531 1395 2591 tam
1419 2527 1510 2590 mira·

384 2633 443 2700 bili
460 2634 659 2701 exaltatione
676 2633 797 2703 Vestre
815 2633 1027 2700 Celsitudinis
1045 2633 1213 2700 consolari.
1239 2633 1273 2698 N
1274 2656 1328 2699 am
1353 2656 1423 2699 cum
1450 2655 1511 2698 orn·

386 2741 541 2824 nipotens
558 2743 623 2808 Dei
638 2742 773 2808 dextera
790 2742 1004 2827 Majestatem
1019 2739 1174 2810 Vestram
1190 2741 1336 2806 mirabili
1355 2741 1511 2826 prosperi-

385 2855 454 2914 tate
472 2849 648 2932 direxerit;
668 2857 702 2916 et
718 2872 789 2916 cum
806 2852 840 2916 in
855 2851 984 2918 annalis
1000 2850 1217 2918 renovationis
1230 2849 1303 2928 fine,
1328 2848 1433 2933 pridie
1458 2849 1511 2914 sci·
1591 2921 1592 2924 Ἴ

385 2957 462 3023 licet
478 2958 635 3025 kalendas
653 2959 819 3046 Januarij,
837 2959 1103 3026 sacratissimum
1122 2959 1314 3041 Regnorum
1342 2958 1508 3041 Hungarie
1590 2945 1592 2990 ⁴

386 3068 605 3151 suscieperitis
621 3068 800 3152 Dyadema,
818 3068 906 3153 quod
921 3066 997 3134 hinc
1013 3069 1088 3134 inde
1105 3067 1206 3148 nobis,
1232 3073 1302 3131 tam
1328 3073 1509 3132 nostrorum

387 3175 515 3254 civium,
534 3197 631 3259 quam
648 3177 788 3243 aliorum
814 3177 935 3243 litteris
960 3174 1183 3258 nuntiabatur,
1209 3172 1354 3240 videntes
1379 3175 1511 3257 undique

385 3283 496 3366 plures
514 3281 774 3350 Communitates
792 3292 824 3352 et
842 3285 1002 3350 Dominus
1019 3305 1116 3367 super
1132 3283 1192 3348 hoc
1220 3283 1383 3366 rescripta
1399 3281 1512 3348 Vestre

387 3389 602 3456 Celeitudinis
618 3389 1008 3475 accepisse:novitDeus,
1019 3396 1143 3473 quanto
1153 3411 1226 3454 curn
1237 3387 1401 3456 desiderio
1413 3411 1512 3454 mora·
1588 3467 1590 3478 Ι

387 3498 504 3566 bamur
522 3497 743 3565 Sublimitatis
761 3498 881 3566 Vestre
897 3496 1132 3583 scriptionibus
1148 3498 1292 3576 visitari,
1324 3519 1365 3564 ne
1390 3505 1511 3581 putare

387 3614 440 3673 tur
472 3613 586 3674 nostra
617 3604 854 3688 Communitas,
880 3628 942 3691 que
966 3605 1148 3671 firmissime
1180 3605 1363 3671 devotionis
1390 3607 1509 3689 spiritu,

386 3717 631 3798 reverentiaque
648 3715 823 3799 singularis
850 3714 969 3781 affectu
983 3716 1016 3780 in
1032 3711 1154 3780 Vestre
1180 3712 1377 3780 Serenitatis
1404 3718 1436 3778 et
1452 3713 1512 3794 glo-

387 3825 472 3892 riose
489 3826 644 3891 memorie
660 3824 907 3908 progenitorum
927 3829 1108 3889 vestrorum
1129 3821 1229 3904 cultu,
1255 3828 1380 3888 ceteros
1406 3819 1513 3888 mundi
1588 3817 1590 3844 ³

388 3933 563 4016 Principes
579 3938 612 3997 et
628 3931 764 4018 populos
786 3931 960 4014 antecellit,
984 3931 1017 3995 in
1043 3938 1110 3996 tam
1137 3929 1281 3996 felicium
1307 3930 1513 3995 communica·

387 4047 464 4106 tone
482 4061 686 4106 successuum
705 4062 725 4106 a
740 4035 862 4105 Vestra
879 4039 1061 4106 Clementia
1072 4039 1272 4123 posthaberi.
1290 4035 1373 4102 Cum
1391 4036 1512 4102 tandem

384 4149 556 4216 undecima
572 4150 734 4234 presentis
751 4149 870 4214 mensis
888 4153 1058 4232 exoptatos
1084 4148 1227 4230 Fastigii
1253 4147 1393 4229 Regalis
1409 4146 1513 4230 apices

387 4257 515 4323 devotio
532 4265 646 4324 nostra
663 4258 805 4340 suscepit
821 4278 881 4341 per
898 4255 1061 4323 Gentilem
1081 4256 1121 4322 de
1136 4255 1277 4322 Lucerio
1295 4277 1315 4320 a
1330 4253 1511 4340 Majestatis

387 4364 506 4434 Vestre
523 4366 673 4433 Culmine
690 4367 908 4447 destinatum3
932 4366 1049 4451 quibus
1066 4387 1192 4431 summa
1212 4387 1283 4430 curn
1296 4363 1511 4430 ueneratione

386 4475 527 4558 receptis
540 4475 790 4559 jocundissimos
806 4475 934 4540 litteras
951 4475 1026 4540 illas
1043 4474 1267 4541 mandavimus
1283 4472 1415 4556 aperiri.
1434 4469 1507 4536 Mor

389 4589 497 4647 autern
515 4583 658 4666 ipsarum
678 4582 843 4646 intellecto
861 4588 983 4664 tenore,
1009 4588 1102 4649 tauta
1126 4583 1243 4662 letitia,
1261 4587 1421 4664 tantaque
1436 4575 1512 4642 exul·
