3134 5254
374 351 437 410 220
730 369 962 414 nrvnouuczrar
979 355 1148 412 auritium.

372 527 516 591 litteram
542 526 672 593 domino
698 527 835 610 Karolo,
863 549 961 612 quam
988 525 1150 592 habuerat
1176 525 1215 589 de
1235 525 1361 607 Istria3
1388 527 1419 589 in
1436 545 1494 608 qua

376 633 612 714 continebatur,
639 636 725 718 quod
750 644 863 720 gentes
888 656 944 700 sue
969 634 1155 700 habuerant
1180 633 1327 714 insulam,
1354 641 1386 697 ct
1416 631 1495 716 quod

375 742 481 806 nostri
498 764 569 808 eum
582 743 710 810 duabus
721 744 821 828 galeis
833 751 865 810 et
876 765 941 810 una
950 743 1218 826 galeotaivenmt
1233 742 1312 807 illuc
1324 749 1497 824 etrecupe·

373 855 530 914 caverunt
545 849 665 916 dictam
676 859 808 935 terram,
819 859 851 918 et
860 858 956 918 eraut
966 849 1171 917 infalibiliter
1180 849 1326 916 habituri
1338 847 1492 930 Castrum,

373 959 406 1022 in
423 957 510 1039 quod
527 978 562 1022 se
578 959 779 1024 reduxerant
803 960 906 1026 multe
932 965 1045 1043 gentes
1061 981 1135 1039 sue;
1160 965 1192 1024 et
1209 959 1298 1042 quod
1316 957 1494 1023 defecerant

372 1066 406 1129 in
422 1064 513 1131 dicta
528 1089 638 1150 pugna
655 1068 719 1134 duo
736 1069 899 1135 notabiles
914 1069 1035 1134 milites
1051 1068 1173 1133 domini
1183 1066 1390 1148 Patriarclre,
1407 1088 1494 1151 prop·

372 1180 423 1238 ter
439 1195 537 1256 quam
561 1195 693 1241 causam
717 1176 906 1243 immediate
931 1177 1081 1243 dominus
1106 1175 1306 1242 Patriarcha
1332 1176 1372 1241 dc
1388 1195 1494 1257 campo

374 1284 516 1350 recessit.
532 1282 626 1349 Dixit
641 1285 748 1367 etiam,
766 1285 854 1368 quod
879 1283 966 1350 filius
991 1284 1125 1350 Domini
1140 1283 1256 1350 Paduc
1273 1281 1354 1348 facit
1368 1305 1402 1348 sc
1416 1280 1495 1346 intir-

372 1412 469 1473 mum‚
494 1398 527 1456 ct
552 1389 640 1474 quod
665 1397 760 1476 pater
785 1392 912 1459 miserit
938 1413 997 1476 pro
1013 1413 1061 1474 ee,
1077 1400 1111 1458 ct
1127 1393 1213 1474 quod
1240 1399 1414 1476 propterea
1428 1411 1494 1455 oras

372 1519 558 1565 recessurus
575 1505 625 1564 est
640 1501 769 1565 omnino
795 1502 835 1568 de
862 1520 986 1585 campo.
1003 1498 1186 1584 Opinamur
1203 1501 1292 1585 qnod
1308 1501 1373 1565 ista
1390 1499 1493 1564 fictitie

372 1605 459 1686 liant,
470 1612 507 1672 ut
522 1613 685 1674 tractatus
702 1609 793 1692 pacis
808 1631 872 1675 non
883 1608 1003 1674 habeat
1014 1608 1130 1674 locum.
1147 1607 1272 1673 Nostro
1286 1607 1414 1692 juditio,
1428 1627 1492 1672 cum

372 1715 460 1780 omni
486 1719 668 1782 reverentia
692 1716 866 1801 loquenda
891 1717 925 1781 in
950 1715 1088 1797 casibus
1104 1717 1138 1781 in
1155 1715 1274 1800 quibus
1301 1737 1417 1795 surmus,
1436 1715 1493 1779 duo

371 1823 519 1889 remedia
535 1829 612 1890 sunt
627 1824 850 1907 procuranda;
873 1826 979 1907 primo
996 1824 1036 1889 de
1053 1823 1202 1890 habendo
1212 1824 1418 1889 concordium
1428 1845 1493 1887 cum

374 1930 517 1998 Domino
535 1933 649 1999 Padue
661 1953 720 2016 per
732 1939 910 1999 tractatum
927 1933 1098 2018 occultum,
1115 1933 1166 1998 vel
1182 1933 1288 2014 aliter,
1300 1933 1494 1998 sicutnrclius

371 2041 545 2121 videretur,
577 2041 633 2132 vel·
655 2062 728 2106 cnm
752 2038 778 2106 J
779 2041 994 2122 anuensibus3
1018 2041 1161 2108 seeundo
1178 2041 1219 2105 de
1234 2041 1437 2106 fortificando
1450 2039 1493 2103 ita

371 2151 452 2216 litus
469 2151 621 2234 gentibus
646 2151 815 2236 armigeris
842 2159 876 2217 et
900 2151 1065 2235 fortilicijs
1082 2173 1121 2216 ac
1137 2151 1344 2238 balistrarijS,
1359 2151 1400 2217 ad
1415 2147 1492 2234 quod

372 2259 428 2324 isti
445 2279 566 2324 summe
591 2259 739 2341 vigilant,
768 2258 858 2342 quod
874 2281 938 2325 non
955 2260 997 2325 sit
1014 2259 1229 2327 dubitandum
1245 2259 1285 2325 de
1301 2281 1348 2325 eo.
1380 2257 1493 2324 Habui·

370 2388 441 2432 mus
459 2387 607 2432 securum
623 2367 818 2433 conductum
836 2389 896 2451 pro
927 2366 1103 2454 cabalarijs
1124 2369 1196 2434 istis
1213 2367 1431 2434 deferentibus
1446 2366 1492 2430 lit-

369 2480 457 2539 teras
473 2475 562 2556 istaS,
579 2497 680 2558 quare
697 2475 848 2559 dignetur·
863 2476 1054 2542 Dominatio
1073 2475 1194 2544 Vestra
1210 2496 1269 2560 per
1285 2477 1374 2559 ipsos
1403 2473 1486 2540 caba·

370 2582 469 2648 larios
487 2586 629 2647 vestram
646 2584 888 2666 responsionem
916 2583 1010 2650 nobis
1026 2585 1154 2649 mittero
1171 2607 1268 2669 super
1284 2583 1433 2669 predictis
1447 2581 1491 2645 lit·
1564 2619 1565 2622 =

369 2689 450 2754 teris
481 2709 578 2772 quam
611 2691 748 2756 celerius
774 2712 845 2758 esse
872 2697 989 2776 potest.
1018 2691 1157 2776 Tarvisij
1186 2693 1274 2758 1111.
1300 2687 1487 2776 Septembris

285 2865 287 2868 .
368 2797 451 2863 bora
468 2797 514 2862 Π.
531 2798 642 2864 noctis.
798 2802 802 2808 '

502 2998 560 3081 23)
584 2996 616 3060 A
641 2998 871 3064 velenoaei
895 2997 1098 3081 dogeuek
1121 3021 1141 3063 a
1165 2998 1367 3066 kiivetelr.

476 3121 758 3188 Excellentissimc
783 3123 924 3190 Domine
949 3129 1071 3190 noster.
1088 3123 1199 3190 Hodie
1217 3124 1256 3190 dc
1273 3147 1376 3207 manc,
1393 3144 1489 3189 secuu-

370 3229 446 3294 dum
463 3229 551 3313 quod
567 3252 626 3313 per
641 3230 771 3296 litteras
788 3237 919 3297 nostras
935 3231 1031 3296 datas
1047 3231 1116 3296 heri
1129 3231 1212 3296 hora
1229 3233 1371 3298 secunda
1387 3231 1489 3308 noctis,

370 3342 402 3399 et
418 3335 595 3401 secundum
621 3339 778 3415 ordinem,
795 3340 882 3421 quod
908 3341 1057 3406 dominus
1082 3339 1229 3406 Karolus
1246 3341 1318 3407 heri
1335 3363 1403 3408 sero
1419 3341 1488 3404 bora

368 3444 465 3510 tarda
482 3445 569 3510 misit
586 3447 680 3512 nobis
696 3447 852 3530 dicendo;
876 3448 1096 3533 significamus
1119 3451 1346 3516 Dominationi
1372 3449 1488 3531 Vestre,

369 3552 456 3634 quod
473 3553 588 3618 ivimus
614 3554 657 3618 ad
682 3575 831 3638 campum
847 3555 890 3620 ad
910 3556 1074 3622 dominum
1108 3557 1273 3623 Karolum
1290 3567 1323 3624 et
1339 3559 1419 3622 alios
1435 3555 1489 3620 Ba·

368 3680 463 3725 rones
478 3660 611 3744 Regios,
627 3667 749 3727 etcum
773 3661 894 3729 fuimus
910 3664 952 3730 ad
967 3665 1166 3748 presentiam
1188 3667 1344 3751 ipsorum,
1360 3667 1425 3752 ipsc
1441 3663 1488 3730 do·

368 3767 474 3832 minus
500 3769 648 3866 Karolus
673 3769 780 3836 dixit:
800 3770 888 3837 »Vos
914 3773 1051 3855 potestis
1078 3775 1367 3858 comprehendisse
1382 3799 1418 3842 ex
1433 3795 1489 3838 res-

367 3875 524 3958 ponsione
540 3876 631 3942 vobis
646 3876 735 3942 facta
751 3879 967 3944 intentionem
999 3881 1228 3964 colligatorum
1254 3888 1487 3966 nostrorumst

368 3982 614 4065 dispositionem
631 4007 752 4051 eorum.
776 3984 849 4054 Vos
865 3987 954 4053 scitis
971 3991 1138 4075 terminos
1155 3991 1326 4075 inquibus
1343 3995 1377 4058 in
1393 3990 1488 4058 Saoilo

369 4091 600 4173 remansimus3
617 4092 738 4158 bouum
756 4101 814 4175 est,
831 4096 918 4179 quod
936 4099 1036 4162 simus
1047 4099 1081 4163 in
1092 4100 1277 4182 concordio,
1295 4107 1329 4167 et
1345 4100 1430 4186 quod
1444 4119 1490 4182 po-

370 4218 485 4262 namus
511 4197 608 4263 finem
634 4200 729 4266 factis
755 4202 907 4268 nostris«.
924 4203 988 4269 His
1005 4205 1111 4270 verbis
1127 4207 1305 4274 intellectis
1322 4217 1356 4274 et
1372 4229 1489 4291 parum·

368 4326 428 4387 per
454 4307 593 4387 semotis,
619 4306 870 4375 deliberavimus
894 4311 982 4377 inter
1021 4334 1081 4380 nos
1107 4313 1147 4378 de
1173 4315 1313 4382 volendo
1340 4318 1492 4382 retrahere

368 4435 482 4478 omnes
499 4415 654 4481 terminos
671 4423 809 4499 nostros,
826 4418 869 4484 ad
885 4442 967 4503 quos
983 4421 1099 4488 ultimo
1115 4423 1351 4508 deveneramus
1367 4427 1399 4490 in
1416 4423 1492 4492 Saci-
1544 4502 1549 4512 Ι

373 4521 423 4603 103
444 4521 603 4602 videlicet,
631 4524 718 4606 quod
743 4524 864 4594 bonum
892 4536 963 4596 erat
991 4533 1078 4618 quod
1098 4538 1272 4617 antequam
1291 4533 1332 4602 ad
1351 4534 1492 4602 ulteriora
