3182 5252
587 309 680 369 ress.
1040 287 1043 298 ⁴
1128 309 1213 376 aot¹

76 489 147 548 tunc
170 488 403 566 procuratores,
428 489 563 562 actores,
588 484 720 549 nuncios
745 488 781 547 et
805 481 933 564 legatos
958 485 1009 566 pie
1038 487 1191 549 memorie

75 587 273 656 Serenissimi
289 598 323 657 et
342 590 612 656 Excellentissimi
638 590 800 674 Principis
827 597 860 654 et
887 589 1007 654 domini
1035 591 1192 657 Ludorici

74 697 135 762 Dei
159 700 269 781 gracia
297 698 478 782 Hungarie,
504 697 649 776 Polcnie,
674 695 855 779 Dalmacie‚
881 697 1051 780 Chrcaeie,
1077 699 1189 781 Reme,

74 801 190 885 Servis,
221 804 370 887 Gallicis,
401 805 601 884 Lodomerie,
636 807 790 889 Bulgarie
825 803 1048 888 Cumanieque
1084 806 1194 890 Regis,

73 912 229 998 Principis
245 913 447 981 Salernitani
463 921 496 979 et
511 913 656 978 Honoris
681 914 808 981 Montis
835 912 946 981 Sancti
974 911 1097 997 Angeli
1121 913 1190 980 Do-

74 1022 158 1104 mini,
174 1023 303 1089 nomine
320 1024 349 1088 ei
371 1025 440 1090 vice
455 1023 575 1107 prelati
600 1024 764 1108 quondam
788 1022 911 1088 domini
935 1022 1036 1105 Regis
1062 1045 1101 1088 ex
1129 1044 1195 1088 una

73 1136 172 1215 parte,
188 1153 228 1196 ac
243 1131 368 1197 nobiles
385 1136 419 1196 et
435 1132 597 1214 sapientes
617 1132 701 1195 viros
726 1131 873 1196 dominos
897 1128 1095 1196 Zachariam
1111 1129 1194 1196 Con-

72 1245 193 1320 tareuc,
209 1237 394 1306 Jchaunem
409 1237 598 1304 Gradenicc
614 1244 647 1302 et
663 1236 860 1304 Michaelem
885 1237 1087 1304 Mauroceno
1113 1237 1194 1302 Pro·-

73 1353 254 1412 curatorem
271 1345 416 1412 Ecclesia
433 1344 546 1411 Sancti
562 1345 679 1428 Marci,
690 1345 773 1410 cives
784 1345 1009 1428 Veneciarum,
1025 1345 1193 1430 Syndicos,

72 1461 304 1539 procuratores,
321 1460 458 1536 actores,
474 1459 508 1519 et
523 1453 657 1519 nuncios
674 1454 829 1536 speciales
848 1454 963 1520 Inclite
974 1454 1128 1519 memorie
1138 1453 1195 1519 do·

72 1561 148 1628 mini
163 1559 299 1627 Andree
315 1560 501 1627 Contareno
518 1560 663 1627 Illustris
680 1561 896 1629 Veneriarum
908 1560 1019 1644 Ducis,
1036 1561 1196 1627 Consilio-

72 1692 142 1737 rum
158 1677 192 1736 et
209 1667 398 1734 Communis
414 1669 640 1750 veneciarum,
654 1690 739 1734 auno
750 1668 882 1734 Domini
893 1670 1062 1735 millesimo
1073 1674 1196 1735 tercen-

8 1765 9 1770 ἵ
70 1779 185 1844 tesimo
202 1779 421 1862 octuagesimo
432 1779 536 1862 primo
555 1777 734 1842 indiccione
760 1783 890 1858 quarta,
907 1775 958 1842 die
973 1779 998 1844 J
1000 1779 1068 1843 ovis
1084 1784 1196 1844 octavo

72 1887 190 1953 mensis
200 1885 356 1971 Augusti,
366 1886 400 1950 in
410 1892 519 1950 castro
530 1883 677 1968 Taurini,
688 1884 727 1949 de
738 1885 828 1969 cujus
840 1885 969 1970 quidem
979 1887 1067 1969 pacis
1078 1886 1196 1950 instru·
1277 1905 1279 1918 ·

71 1993 188 2060 mentis
198 1991 408 2060 conficiendis
417 1991 562 2076 ejusdem
571 1993 691 2057 tenoris
701 1992 834 2058 fuerunt
843 1993 1088 2076 rogatiNotarii
1099 1992 1197 2058 infra·

73 2102 194 2186 scripti,
204 2101 357 2172 videlicet
372 2100 397 2165 J
399 2100 543 2166 ohannes
559 2100 716 2184 Ravaysii
727 2101 929 2168 Secretarius
939 2100 1086 2168 Illustris
1097 2099 1199 2165 domi-

71 2207 606 2289 niComitisSabaudie,Antonius
616 2211 655 2274 de
666 2209 1198 2291 CredeneiathariusJanuensis,

72 2317 245 2384 Bandinus
260 2316 347 2382 filius
363 2314 485 2401 Angeli
502 2316 632 2383 Notarii
649 2317 690 2382 de
706 2318 993 2402 Bragichtarius
1013 2318 1198 2396 Paduanus,

73 2421 245 2490 Caluenus
262 2424 426 2507 quondam
442 2445 494 2488 ser
510 2423 733 2489 Bartholomei
751 2424 790 2489 de
808 2423 1025 2491 Castrobaldo
1041 2425 1200 2492 Notarius

72 2531 257 2599 Reverendi
272 2532 378 2615 patris
395 2531 518 2596 domini
534 2532 691 2616 Episcopi
718 2529 1110 2616 Quinque-Ecclesiarnm,
1129 2529 1198 2596 An-

72 2641 180 2705 tonius
198 2639 363 2720 quondam
379 2637 412 2703 N
415 2639 512 2704 icolai
528 2638 605 2704 olim
629 2659 680 2703 ser
708 2635 882 2704 Guarnerii
908 2638 947 2704 (16
973 2638 1197 2724 Sonumbergo

72 2745 234 2814 Notarius
251 2747 479 2830 Furlanorum,
495 2754 527 2813 et
543 2747 616 2813 Bon
631 2747 654 2813 J
658 2747 802 2813 ohannes
818 2747 1024 2814 deBrisariis
1041 2748 1200 2816 Notarius

73 2855 212 2922 Ducalis
228 2857 472 2924 Dominacionis
488 2853 715 2940 Veneciarum‚
726 2858 811 2923 inter
828 2863 936 2923 cetera
952 2860 985 2923 in
1002 2858 1117 2924 effectu
1127 2879 1201 2923 con·

72 2966 227 3046 lineatur,
238 2965 325 3050 quod
334 2987 445 3030 omnes
455 2965 565 3031 Duces
577 2966 803 3049 Veneciarum,
814 2967 870 3049 qui
879 2989 939 3051 pro
949 2975 1094 3052 tempore
1105 2972 1201 3033 erunt

73 3073 270 3161 cum'ecrum
281 3072 429 3140 Consilio
440 3073 579 3139 habente
589 3073 807 3140 omnimodam
816 3080 1022 3158 potestatem,
1028 3076 1061 3139 in
1071 3096 1135 3160 quo
1148 3073 1201 3140 de·

73 3181 175 3248 beant
192 3181 306 3247 adesse
322 3183 391 3266 ipse
402 3181 549 3247 dominus
561 3181 646 3263 Dux,
657 3205 712 3248 sex
723 3184 911 3250 Conciliarii
927 3184 987 3268 sui,
1002 3184 1068 3249 tria
1081 3182 1200 3266 Capita

73 3291 112 3356 de
129 3288 375 3374 Quadraginta,
392 3287 565 3373 Sapientes
581 3289 660 3356 dicti
677 3289 822 3374 Consilii,
833 3288 1020 3357 Consiliarii
1036 3292 1076 3355 de
1093 3289 1201 3375 Quad-

73 3399 218 3480 raginta,
234 3394 414 3464 Consilium
424 3397 680 3480 Rogatorum,et
695 3396 875 3463 Consilium
885 3395 1063 3483 Adjuncte,
1073 3399 1201 3464 nomine

74 3501 266 3572 Communis
284 3504 502 3572 Veneciarum
518 3527 643 3590 semper
654 3514 686 3570 et
697 3507 953 3590 quandocunque
964 3508 1006 3572 ad
1016 3507 1202 3590 requisioio-

73 3635 146 3678 nem
179 3612 391 3682 Serenissime
418 3611 604 3697 Majestatis
628 3614 810 3697 Hungarie,
836 3620 869 3680 et
894 3635 1099 3680 succesornm
1125 3616 1202 3699 ejus,

73 3727 247 3788 teneantur
264 3721 363 3792 semel
378 3727 506 3786 tantum
521 3744 581 3807 pro
599 3722 740 3805 quolibet
756 3723 847 3788 Duce
872 3730 1020 3807 prestere
1040 3723 1202 3807 juramen·

74 3836 142 3895 tum
159 3829 377 3912 corporaliter
394 3836 428 3894 et
443 3850 594 3913 expresse
610 3831 651 3896 de
668 3829 869 3896 observando
895 3852 1006 3914 pacem
1022 3830 1203 3915 predictam

74 3945 108 4003 et
121 3939 235 4004 omnia
251 3944 284 4004 et
300 3937 429 4020 singula
442 3939 475 4002 in
493 3939 715 4004 instrumentis
739 3938 840 4022 ipsius
866 3940 954 4022 pacis
979 3946 1147 4020 contenta3
1171 3946 1204 4004 et

75 4067 169 4112 versa
184 4046 255 4111 rice
271 4044 403 4130 prefata
418 4045 631 4112 Serenissime
644 4045 803 4130 Majestas
820 4044 999 4130 Hungarie,
1025 4053 1057 4112 et
1083 4046 1202 4131 singuli

76 4155 144 4239 ejus
154 4157 189 4220 in
199 4160 367 4240 posterum
377 4175 586 4235 successores,
597 4154 746 4220 similiter
756 4159 929 4220 teneantur
940 4154 979 4220 de
996 4156 1204 4222 observantia

76 4263 181 4330 tocius
198 4264 289 4346 pacis
300 4262 388 4328 dicte
399 4270 431 4327 et
441 4265 678 4328 transaccionis
690 4268 723 4327 et
733 4263 877 4329 omnium
887 4269 1112 4329 contentorum
1122 4265 1155 4329 in
1165 4285 1204 4328 ea

77 4372 291 4456 corporaliter
303 4372 416 4456 jurare
432 4392 491 4454 pro
509 4371 655 4453 quolibet
678 4371 770 4455 Rege
787 4373 886 4436 semel
912 4376 1048 4437 tantum.
1074 4372 1203 4439 Idcirco

76 4478 238 4547 Excelsus
254 4484 286 4544 et
302 4477 441 4546 Inclitus
457 4477 615 4548 Dominus
626 4478 775 4548 dominus
792 4477 957 4548 Antonius
969 4479 1111 4546 Venerio
1127 4470 1202 4554 Duo'
