3190 5252
617 345 711 410 1383.
1163 345 1228 407 495

97 525 129 586 et
143 521 343 604 gravissimis
358 523 509 607 expensis
523 523 654 588 nostris.
681 521 809 607 Quibus
836 522 985 588 omnibus
1014 523 1229 590 consideratis

98 651 160 696 uon
177 630 329 713 videmus,
339 631 427 714 quod
443 629 510 697 ullo
526 633 622 698 modo
639 633 798 716 possimus
808 651 867 698 nos
876 631 1032 716 impedire
1049 653 1108 698 nec
1124 639 1229 698 atten-

100 737 175 803 dere
192 738 235 805 ad
250 739 316 804 ista
331 739 429 823 facta,
446 740 501 806 sed
518 739 673 807 debemus
691 763 760 806 esse
777 742 864 825 apud
889 763 1000 808 omnes
1025 738 1226 807 rationabili-

95 853 147 912 ter
164 848 328 930 excusati;
345 848 524 916 lutauando
540 871 598 916 nos
609 872 629 916 a
640 849 728 916 sacto
745 873 817 917 cum
827 850 892 915 hiis
902 856 935 915 et
946 850 1020 916 aliis
1036 851 1153 930 verbis,
1164 868 1226 933 que

98 955 192 1021 utilia
211 954 418 1021 videbuntur.

96 1101 129 1163 (A
146 1103 258 1152 ›misti‹
285 1103 376 1152 czimtl
400 1103 537 1155 velenczei
561 1107 788 1172 dilamktinyvbtll
812 1105 971 1156 XXXVIII.
995 1103 1136 1156 kbtetebol
1164 1107 1187 1152 8.
1202 1104 1233 1165 l.)

584 1267 742 1276 ———-—

94 1573 168 1637 III.
197 1574 326 1660 Koroly
350 1574 477 1639 sicilici
507 1575 618 1661 kircly
646 1575 874 1660 pdroiudalra
905 1577 999 1662 biuja
1026 1576 1064 1640 kt
1095 1575 1234 1661 dejoco-i
1276 1635 1277 1640 ,

376 1683 648 1769 Lajosfraocar'a
665 1685 827 1771 herczepet.
851 1683 946 1748 1383.

202 1841 274 1909 Nos
290 1841 436 1909 Karalus
454 1841 586 1909 Tertius
602 1842 667 1909 Dei
682 1845 791 1927 gratia
806 1841 879 1908 Rex
895 1841 1084 1910 Jerusalem
1101 1850 1133 1908 et
1150 1842 1227 1910 Sici-

92 1949 144 2034 lie,
160 1949 337 2018 Prouincie
354 1958 388 2018 et
414 1951 640 2036 Forcalquerij
658 1973 698 2016 aa
713 1950 917 2018 Pedimontis
943 1949 1080 2036 Comesss
1103 1957 1230 2018 uotum-

93 2057 164 2143 flerj
183 2060 333 2126 volumus
357 2067 472 2126 tenore
497 2060 695 2144 presentium
716 2056 889 2140 uniuersis,
921 2060 1008 2144 quod
1025 2080 1082 2126 nos
1098 2081 1158 2144 pro
1174 2079 1230 2123 uo·

95 2165 145 2231 bis
162 2151 354 2250 nostrisque
373 2166 571 2251 proceribus,
597 2168 829 2253 stipendiorijs‚
854 2167 1013 2250 vassallis,
1029 2165 1180 2233 fidelibus
1197 2174 1232 2232 et

4 2276 11 2299 ¹
96 2273 237 2339 subditis
263 2276 385 2340 uostris
409 2295 600 2359 quocunque
625 2276 722 2341 titulo
738 2275 790 2340 uel
806 2275 935 2340 nomine
951 2273 1163 2358 fulgentibus
1179 2293 1229 2338 as-

94 2403 281 2449 securamus
306 2387 339 2446 et
364 2401 494 2449 securos
518 2383 683 2452 reddimus
700 2391 733 2448 et
759 2391 903 2450 tenemus
928 2383 1095 2448 illustrem
1126 2384 1230 2447 virum

95 2489 263 2555 dominum
287 2489 472 2556 Amadeum
498 2488 657 2557 Comitem
684 2491 850 2558 Sabaudie
884 2490 1080 2575 Principem,
1104 2489 1230 2556 Ducem

101 2597 281 2684 Thablaisy
299 2605 331 2664 et
347 2596 510 2683 Auguste,
527 2605 560 2664 et
583 2601 617 2664 iu
642 2599 744 2666 Italia
768 2599 995 2667 Marchionem
1012 2599 1231 2679 nominatum;

97 2728 154 2772 nec
172 2729 239 2773 non
256 2708 451 2793 Magnifi'cos
476 2710 563 2775 viros
588 2710 612 2776 J
615 2709 774 2776 ohannem
806 2710 970 2775 dominum
986 2708 1097 2794 Bullij,
1114 2714 1147 2774 et
1164 2707 1230 2773 Lu-

97 2814 251 2882 douicum
266 2816 443 2882 Dominum
459 2818 694 2903 Montisgaudij
713 2819 855 2901 Milites3
880 2825 914 2884 vt
930 2818 1038 2884 dictus
1055 2815 1181 2897 Comae,
1198 2823 1230 2880 et

93 2925 214 3006 prefati
231 2925 295 2990 duo
311 2926 438 2992 Milites
454 2948 527 2992 cum
545 2928 704 2992 sexcentis
720 2929 811 3011 equis
822 2926 1000 2992 ettotidem
1016 2926 1173 3010 personis
1190 2931 1224 2989 et

98 3031 205 3098 dictus
221 3029 339 3099 Comes
365 3035 434 3098 sine
459 3033 556 3099 dictis
583 3034 709 3138 duobus
720 3034 883 3100 Militibus
900 3055 971 3100 cum
988 3033 1084 3098 dictis
1100 3054 1228 3098 sexcen-

98 3145 165 3206 tum
181 3141 275 3224 equis
301 3163 356 3207 seu
385 3163 485 3225 vsque
511 3142 553 3208 ad
579 3164 748 3208 numerum
772 3151 996 3209 sexcentorum
1024 3163 1180 3226 equorum
1202 3146 1235 3204 et

95 3248 235 3314 totidem
252 3270 484 3333 personarum3
509 3252 561 3317 uel
586 3251 668 3317 dicti
693 3251 756 3318 duo
777 3253 913 3329 Milites,
931 3272 986 3316 seu
1003 3248 1228 3333 subrogandus

97 3358 150 3422 uel
165 3357 368 3441 subrogandi
394 3359 436 3425 ab
461 3361 508 3426 eis
525 3382 579 3426 seu
597 3381 707 3427 eorum
724 3362 829 3428 altero
846 3383 918 3427 cum
934 3359 1092 3426 trecentis
1109 3379 1167 3424 seu
1183 3380 1231 3422 vs·

100 3485 161 3546 que
188 3465 231 3532 ad
258 3489 427 3534 numerum
450 3474 672 3536 trecentorum
698 3491 856 3555 equorum
872 3476 905 3535 et
920 3467 1057 3535 totidem
1073 3487 1233 3551 persona·

99 3595 179 3658 rum,
197 3577 324 3660 possint
340 3583 373 3643 et
383 3578 514 3644 valeant
532 3577 630 3660 pedes
641 3584 674 3644 et
688 3600 793 3662 eques,
809 3579 930 3644 armati
946 3583 979 3642 et
995 3580 1141 3656 inermes,
1158 3597 1230 3640 cum

100 3681 205 3764 bonis,
231 3684 368 3768 valesijs,
393 3686 531 3770 aruesijs
556 3692 588 3752 et
613 3686 710 3751 rebus
726 3688 873 3771 ipsorum
890 3684 965 3770 alijs
982 3683 1228 3768 quibuscunque

101 3790 140 3855 de
157 3790 210 3856 die
226 3800 259 3857 et
274 3799 369 3858 nocte
386 3793 539 3860 accedere
564 3801 597 3861 et
622 3796 669 3860 ire
690 3795 729 3860 de
746 3793 992 3861 Montesarculo
1010 3794 1062 3859 uel
1077 3793 1148 3858 loco
1165 3792 1230 3858 alio

100 3897 153 3964 rbi
169 3900 303 3982 fuerint,
320 3900 362 3968 ad
378 3902 582 3968 Ludouicum
599 3903 764 3986 quondam
790 3903 894 3988 Regis
909 3902 1112 3968 Francorum
1128 3899 1229 3967 filium

99 4005 279 4093 vbicunque
296 4032 368 4074 eum
385 4032 455 4078 esse
470 4014 668 4094 contingerit
683 4034 756 4077 cum
774 4009 963 4094 subscriptis
977 4007 1228 4076 conductoribus

101 4118 228 4198 nostris,
245 4117 299 4182 uel
315 4117 419 4182 altero
436 4118 588 4203 ipsorum,
606 4125 638 4184 et
656 4119 725 4185 sine
741 4120 838 4203 ipsis;
856 4124 887 4184 et
902 4119 977 4183 inde
994 4119 1038 4183 ad
1053 4118 1160 4183 locum
1175 4115 1230 4180 In·

102 4223 168 4290 sule
184 4222 297 4308 Capua
313 4246 373 4310 pro
390 4226 496 4293 duello
513 4227 597 4291 inter
613 4249 670 4293 uos
687 4233 720 4292 et
736 4226 1126 4311 Ludouicumpredictum
1140 4244 1229 4288 exer-

100 4330 197 4396 cendo
213 4333 320 4417 ipsum
346 4333 451 4399 locum
476 4333 620 4414 uisitare,
645 4335 757 4400 uidere
774 4340 807 4399 et
823 4333 1038 4416 considerare,
1054 4333 1160 4417 ipsum
1176 4354 1227 4398 ac·

101 4443 229 4524 reptare
256 4441 309 4507 uel
325 4442 449 4524 reiicre,
466 4447 499 4507 et
522 4442 631 4528 alium,
650 4464 708 4508 seu
724 4443 791 4509 alia
806 4443 879 4509 loca
895 4443 1061 4508 nominata
1077 4442 1216 4509 uisitare
1230 4510 1238 4542 ν

94 4555 264 4632 acceptare
279 4551 332 4615 uel
347 4549 500 4631 refutare,
525 4550 634 4634 ibique
651 4557 749 4634 stare,
766 4552 881 4634 redire,
898 4552 1017 4634 mororj
1036 4558 1068 4616 et
1085 4571 1224 4616 conuer-
