<?xml version="1.0" encoding="UTF-8"?>
<!DOCTYPE html PUBLIC "-//W3C//DTD XHTML 1.0 Transitional//EN"
    "http://www.w3.org/TR/xhtml1/DTD/xhtml1-transitional.dtd">
<html xmlns="http://www.w3.org/1999/xhtml" xml:lang="en" lang="en">
 <head>
  <title>
</title>
<meta http-equiv="Content-Type" content="text/html;charset=utf-8" />
  <meta name='ocr-system' content='tesseract 3.04.00' />
  <meta name='ocr-capabilities' content='ocr_page ocr_carea ocr_par ocr_line ocrx_word'/>
</head>
<body>
  <div class='ocr_page' id='page_1' title='image "./magyardiplomacz00wenzgoog_0461.png"; bbox 0 0 3190 5252; ppageno 0'>
   <div class='ocr_carea' id='block_1_1' title="bbox 618 373 1227 436">
    <p class='ocr_par' dir='ltr' id='par_1_1' title="bbox 618 373 1227 436">
     <span class='ocr_line' id='line_1_1' title="bbox 618 373 1227 436; baseline -0.002 -2"><span class='ocrx_word' id='word_1_1' title='bbox 618 374 712 436; x_wconf 82' lang='lat'>1381.</span> <span class='ocrx_word' id='word_1_2' title='bbox 1165 373 1227 436; x_wconf 87' lang='lat'>441</span> 
     </span>
    </p>
   </div>
   <div class='ocr_carea' id='block_1_2' title="bbox 1 549 1231 4647">
    <p class='ocr_par' dir='ltr' id='par_1_2' title="bbox 1 549 1231 4647">
     <span class='ocr_line' id='line_1_2' title="bbox 91 549 1230 636; baseline 0.004 -23"><span class='ocrx_word' id='word_1_3' title='bbox 91 555 148 614; x_wconf 85' lang='lat' dir='ltr'>tos</span> <span class='ocrx_word' id='word_1_4' title='bbox 166 569 270 614; x_wconf 84' lang='lat' dir='ltr'>annos</span> <span class='ocrx_word' id='word_1_5' title='bbox 288 549 402 633; x_wconf 89' lang='lat' dir='ltr'>viginti</span> <span class='ocrx_word' id='word_1_6' title='bbox 415 551 549 633; x_wconf 88' lang='lat' dir='ltr'>singulis</span> <span class='ocrx_word' id='word_1_7' title='bbox 562 552 657 616; x_wconf 90' lang='lat' dir='ltr'>annis</span> <span class='ocrx_word' id='word_1_8' title='bbox 673 558 707 616; x_wconf 93' lang='lat' dir='ltr'>et</span> <span class='ocrx_word' id='word_1_9' title='bbox 724 551 870 632; x_wconf 87' lang='lat' dir='ltr'>quolibet</span> <span class='ocrx_word' id='word_1_10' title='bbox 883 574 978 636; x_wconf 88' lang='lat' dir='ltr'>anno,</span> <span class='ocrx_word' id='word_1_11' title='bbox 994 553 1119 636; x_wconf 85' lang='lat' dir='ltr'>possint</span> <span class='ocrx_word' id='word_1_12' title='bbox 1134 554 1169 617; x_wconf 83' lang='grc'>11</span> <span class='ocrx_word' id='word_1_13' title='bbox 1178 575 1230 617; x_wconf 88' lang='lat' dir='ltr'>va·</span> 
     </span>
     <span class='ocr_line' id='line_1_3' title="bbox 90 656 1231 744; baseline 0.005 -24"><span class='ocrx_word' id='word_1_14' title='bbox 90 656 195 737; x_wconf 88' lang='lat' dir='ltr'>leant,</span> <span class='ocrx_word' id='word_1_15' title='bbox 212 663 244 722; x_wconf 88' lang='lat' dir='ltr'>et</span> <span class='ocrx_word' id='word_1_16' title='bbox 262 659 309 723; x_wconf 89' lang='lat' dir='ltr'>eis</span> <span class='ocrx_word' id='word_1_17' title='bbox 325 659 515 724; x_wconf 81' lang='lat' dir='ltr'>conceditur</span> <span class='ocrx_word' id='word_1_18' title='bbox 533 665 566 723; x_wconf 88' lang='lat' dir='ltr'>et</span> <span class='ocrx_word' id='word_1_19' title='bbox 581 680 770 725; x_wconf 89' lang='lat' dir='ltr'>concessum</span> <span class='ocrx_word' id='word_1_20' title='bbox 787 680 856 724; x_wconf 90' lang='lat' dir='ltr'>esse</span> <span class='ocrx_word' id='word_1_21' title='bbox 872 660 1075 742; x_wconf 81' lang='lat' dir='ltr'><strong>intelligatur</strong></span> <span class='ocrx_word' id='word_1_22' title='bbox 1090 682 1149 744; x_wconf 89' lang='lat' dir='ltr'>per</span> <span class='ocrx_word' id='word_1_23' title='bbox 1166 659 1231 726; x_wconf 93' lang='lat' dir='ltr'>dic·</span> 
     </span>
     <span class='ocr_line' id='line_1_4' title="bbox 90 765 1230 851; baseline 0.005 -22"><span class='ocrx_word' id='word_1_24' title='bbox 90 772 163 830; x_wconf 91' lang='lat' dir='ltr'>tum</span> <span class='ocrx_word' id='word_1_25' title='bbox 179 765 360 832; x_wconf 83' lang='lat' dir='ltr'>Commune</span> <span class='ocrx_word' id='word_1_26' title='bbox 378 767 604 848; x_wconf 70' lang='lat' dir='ltr'>veneciarum,</span> <span class='ocrx_word' id='word_1_27' title='bbox 620 774 754 851; x_wconf 91' lang='lat' dir='ltr'>portare</span> <span class='ocrx_word' id='word_1_28' title='bbox 770 767 821 832; x_wconf 89' lang='lat' dir='ltr'>vel</span> <span class='ocrx_word' id='word_1_29' title='bbox 837 768 963 850; x_wconf 89' lang='lat' dir='ltr'>portari</span> <span class='ocrx_word' id='word_1_30' title='bbox 982 767 1088 834; x_wconf 89' lang='lat' dir='ltr'>facero</span> <span class='ocrx_word' id='word_1_31' title='bbox 1105 768 1147 834; x_wconf 89' lang='lat' dir='ltr'>ad</span> <span class='ocrx_word' id='word_1_32' title='bbox 1164 767 1230 835; x_wconf 88' lang='lat' dir='ltr'>dic·</span> 
     </span>
     <span class='ocr_line' id='line_1_5' title="bbox 91 871 1230 958; baseline 0.003 -20"><span class='ocrx_word' id='word_1_33' title='bbox 91 882 162 939; x_wconf 88' lang='lat' dir='ltr'>tam</span> <span class='ocrx_word' id='word_1_34' title='bbox 180 871 360 940; x_wconf 78' lang='lat' dir='ltr'>Civitatem</span> <span class='ocrx_word' id='word_1_35' title='bbox 376 871 595 944; x_wconf 86' lang='lat' dir='ltr'>Veneciarnm</span> <span class='ocrx_word' id='word_1_36' title='bbox 621 880 671 940; x_wconf 88' lang='lat' dir='ltr'>tot</span> <span class='ocrx_word' id='word_1_37' title='bbox 696 895 747 939; x_wconf 90' lang='lat' dir='ltr'>res</span> <span class='ocrx_word' id='word_1_38' title='bbox 774 895 830 941; x_wconf 91' lang='lat' dir='ltr'>seu</span> <span class='ocrx_word' id='word_1_39' title='bbox 855 895 977 940; x_wconf 89' lang='lat' dir='ltr'>merces</span> <span class='ocrx_word' id='word_1_40' title='bbox 1004 896 1042 939; x_wconf 90' lang='lat' dir='ltr'>ex</span> <span class='ocrx_word' id='word_1_41' title='bbox 1068 876 1144 956; x_wconf 86' lang='grc'><strong>11111,</strong></span> <span class='ocrx_word' id='word_1_42' title='bbox 1169 897 1230 958; x_wconf 91' lang='lat' dir='ltr'>que</span> 
     </span>
     <span class='ocr_line' id='line_1_6' title="bbox 90 985 1230 1070; baseline 0.004 -22"><span class='ocrx_word' id='word_1_43' title='bbox 90 989 277 1050; x_wconf 89' lang='lat' dir='ltr'>nascuntur</span> <span class='ocrx_word' id='word_1_44' title='bbox 293 986 342 1050; x_wconf 89' lang='lat' dir='ltr'>vel</span> <span class='ocrx_word' id='word_1_45' title='bbox 360 986 578 1051; x_wconf 86' lang='lat' dir='ltr'>extrahuntur</span> <span class='ocrx_word' id='word_1_46' title='bbox 604 985 644 1050; x_wconf 91' lang='lat' dir='ltr'>de</span> <span class='ocrx_word' id='word_1_47' title='bbox 669 985 839 1050; x_wconf 90' lang='lat' dir='ltr'>territorio</span> <span class='ocrx_word' id='word_1_48' title='bbox 865 985 943 1050; x_wconf 91' lang='lat' dir='ltr'>dicti</span> <span class='ocrx_word' id='word_1_49' title='bbox 970 985 1093 1051; x_wconf 88' lang='lat' dir='ltr'>domini</span> <span class='ocrx_word' id='word_1_50' title='bbox 1118 986 1230 1070; x_wconf 87' lang='lat' dir='ltr'>Regis,</span> 
     </span>
     <span class='ocr_line' id='line_1_7' title="bbox 90 1092 1228 1178; baseline 0.003 -20"><span class='ocrx_word' id='word_1_51' title='bbox 90 1115 158 1178; x_wconf 89' lang='lat' dir='ltr'>quc</span> <span class='ocrx_word' id='word_1_52' title='bbox 177 1092 311 1158; x_wconf 87' lang='lat' dir='ltr'>valeant</span> <span class='ocrx_word' id='word_1_53' title='bbox 328 1093 520 1159; x_wconf 80' lang='lat' dir='ltr'>ducatorum</span> <span class='ocrx_word' id='word_1_54' title='bbox 537 1094 675 1177; x_wconf 91' lang='lat' dir='ltr'>triginta</span> <span class='ocrx_word' id='word_1_55' title='bbox 701 1095 844 1176; x_wconf 89' lang='lat' dir='ltr'>quinque</span> <span class='ocrx_word' id='word_1_56' title='bbox 861 1093 964 1159; x_wconf 89' lang='lat' dir='ltr'>millia</span> <span class='ocrx_word' id='word_1_57' title='bbox 979 1094 1061 1175; x_wconf 92' lang='lat' dir='ltr'>auri,</span> <span class='ocrx_word' id='word_1_58' title='bbox 1076 1095 1228 1161; x_wconf 91' lang='lat' dir='ltr'>videlicet</span> 
     </span>
     <span class='ocr_line' id='line_1_8' title="bbox 89 1199 1227 1282; baseline 0.001 -16"><span class='ocrx_word' id='word_1_59' title='bbox 89 1201 175 1266; x_wconf 89' lang='lat' dir='ltr'>dicti</span> <span class='ocrx_word' id='word_1_60' title='bbox 191 1199 217 1268; x_wconf 83' lang='lat' dir='ltr'><strong>J</strong></span> <span class='ocrx_word' id='word_1_61' title='bbox 220 1201 363 1266; x_wconf 89' lang='lat' dir='ltr'>adratini</span> <span class='ocrx_word' id='word_1_62' title='bbox 380 1202 522 1266; x_wconf 88' lang='lat' dir='ltr'>valorem</span> <span class='ocrx_word' id='word_1_63' title='bbox 534 1200 727 1267; x_wconf 86' lang='lat' dir='ltr'>ducatorum</span> <span class='ocrx_word' id='word_1_64' title='bbox 738 1199 854 1282; x_wconf 90' lang='lat' dir='ltr'>viginti</span> <span class='ocrx_word' id='word_1_65' title='bbox 867 1200 1012 1280; x_wconf 91' lang='lat' dir='ltr'>millium,</span> <span class='ocrx_word' id='word_1_66' title='bbox 1029 1210 1062 1267; x_wconf 88' lang='lat' dir='ltr'>et</span> <span class='ocrx_word' id='word_1_67' title='bbox 1078 1202 1135 1268; x_wconf 88' lang='lat' dir='ltr'>alii</span> <span class='ocrx_word' id='word_1_68' title='bbox 1146 1202 1227 1267; x_wconf 88' lang='lat' dir='ltr'>Dal·</span> 
     </span>
     <span class='ocr_line' id='line_1_9' title="bbox 89 1308 1229 1395; baseline 0.003 -21"><span class='ocrx_word' id='word_1_69' title='bbox 89 1308 215 1374; x_wconf 87' lang='lat' dir='ltr'>matini</span> <span class='ocrx_word' id='word_1_70' title='bbox 232 1309 375 1374; x_wconf 89' lang='lat' dir='ltr'>valorem</span> <span class='ocrx_word' id='word_1_71' title='bbox 400 1310 592 1375; x_wconf 84' lang='lat' dir='ltr'>ducatorum</span> <span class='ocrx_word' id='word_1_72' title='bbox 618 1308 804 1392; x_wconf 91' lang='lat' dir='ltr'>quindecim</span> <span class='ocrx_word' id='word_1_73' title='bbox 829 1310 975 1376; x_wconf 92' lang='lat' dir='ltr'>millium.</span> <span class='ocrx_word' id='word_1_74' title='bbox 1002 1309 1094 1395; x_wconf 79' lang='lat' dir='ltr'>Quas</span> <span class='ocrx_word' id='word_1_75' title='bbox 1119 1333 1171 1377; x_wconf 90' lang='lat' dir='ltr'>res</span> <span class='ocrx_word' id='word_1_76' title='bbox 1197 1321 1229 1377; x_wconf 91' lang='lat' dir='ltr'>et</span> 
     </span>
     <span class='ocr_line' id='line_1_10' title="bbox 88 1415 1226 1502; baseline 0.003 -20"><span class='ocrx_word' id='word_1_77' title='bbox 88 1437 219 1482; x_wconf 88' lang='lat' dir='ltr'>merces</span> <span class='ocrx_word' id='word_1_78' title='bbox 236 1417 279 1482; x_wconf 84' lang='lat' dir='ltr'>ed</span> <span class='ocrx_word' id='word_1_79' title='bbox 296 1417 415 1482; x_wconf 88' lang='lat' dir='ltr'>dictam</span> <span class='ocrx_word' id='word_1_80' title='bbox 432 1417 609 1483; x_wconf 81' lang='lat' dir='ltr'>Civitatem</span> <span class='ocrx_word' id='word_1_81' title='bbox 618 1415 837 1485; x_wconf 86' lang='lat' dir='ltr'>Veneciarum</span> <span class='ocrx_word' id='word_1_82' title='bbox 848 1439 905 1502; x_wconf 90' lang='lat' dir='ltr'>per</span> <span class='ocrx_word' id='word_1_83' title='bbox 916 1417 1019 1484; x_wconf 91' lang='lat' dir='ltr'>dictos</span> <span class='ocrx_word' id='word_1_84' title='bbox 1029 1419 1055 1484; x_wconf 90' lang='lat' dir='ltr'><strong>J</strong></span> <span class='ocrx_word' id='word_1_85' title='bbox 1056 1418 1226 1485; x_wconf 89' lang='lat' dir='ltr'>adratinos</span> 
     </span>
     <span class='ocr_line' id='line_1_11' title="bbox 87 1524 1228 1610; baseline 0.003 -20"><span class='ocrx_word' id='word_1_86' title='bbox 87 1532 124 1590; x_wconf 89' lang='grc'>11</span> <span class='ocrx_word' id='word_1_87' title='bbox 140 1524 353 1590; x_wconf 85' lang='lat' dir='ltr'>Dalmatinos</span> <span class='ocrx_word' id='word_1_88' title='bbox 371 1524 496 1591; x_wconf 88' lang='lat' dir='ltr'>delatas</span> <span class='ocrx_word' id='word_1_89' title='bbox 515 1524 562 1590; x_wconf 91' lang='lat' dir='ltr'>vel</span> <span class='ocrx_word' id='word_1_90' title='bbox 579 1527 796 1608; x_wconf 87' lang='lat' dir='ltr'>transmissas,</span> <span class='ocrx_word' id='word_1_91' title='bbox 806 1527 944 1592; x_wconf 87' lang='lat' dir='ltr'>vendere</span> <span class='ocrx_word' id='word_1_92' title='bbox 960 1533 993 1591; x_wconf 90' lang='lat' dir='ltr'>et</span> <span class='ocrx_word' id='word_1_93' title='bbox 1008 1527 1103 1592; x_wconf 93' lang='lat' dir='ltr'>vendi</span> <span class='ocrx_word' id='word_1_94' title='bbox 1114 1527 1228 1610; x_wconf 84' lang='lat' dir='ltr'>lacere,</span> 
     </span>
     <span class='ocr_line' id='line_1_12' title="bbox 89 1630 1229 1717; baseline 0.002 -19"><span class='ocrx_word' id='word_1_95' title='bbox 89 1639 124 1698; x_wconf 89' lang='lat' dir='ltr'>et</span> <span class='ocrx_word' id='word_1_96' title='bbox 141 1633 212 1698; x_wconf 88' lang='lat' dir='ltr'>alio</span> <span class='ocrx_word' id='word_1_97' title='bbox 230 1654 421 1717; x_wconf 90' lang='lat' dir='ltr'>quocunque</span> <span class='ocrx_word' id='word_1_98' title='bbox 437 1631 535 1698; x_wconf 91' lang='lat' dir='ltr'>titulo</span> <span class='ocrx_word' id='word_1_99' title='bbox 552 1633 695 1699; x_wconf 87' lang='lat' dir='ltr'>alienare</span> <span class='ocrx_word' id='word_1_100' title='bbox 705 1634 832 1717; x_wconf 90' lang='lat' dir='ltr'>possint</span> <span class='ocrx_word' id='word_1_101' title='bbox 848 1634 881 1698; x_wconf 90' lang='lat' dir='ltr'>in</span> <span class='ocrx_word' id='word_1_102' title='bbox 898 1633 987 1698; x_wconf 86' lang='lat' dir='ltr'>dicta</span> <span class='ocrx_word' id='word_1_103' title='bbox 1003 1630 1148 1701; x_wconf 79' lang='lat' dir='ltr'>Ciuitate</span> <span class='ocrx_word' id='word_1_104' title='bbox 1166 1636 1229 1703; x_wconf 90' lang='lat' dir='ltr'>Ve-</span> 
     </span>
     <span class='ocr_line' id='line_1_13' title="bbox 92 1739 1229 1825; baseline 0.001 -18"><span class='ocrx_word' id='word_1_105' title='bbox 92 1743 268 1807; x_wconf 86' lang='lat' dir='ltr'>neciarum</span> <span class='ocrx_word' id='word_1_106' title='bbox 285 1739 530 1824; x_wconf 84' lang='lat' dir='ltr'>quibuscunque</span> <span class='ocrx_word' id='word_1_107' title='bbox 547 1743 695 1824; x_wconf 89' lang='lat' dir='ltr'>personis</span> <span class='ocrx_word' id='word_1_108' title='bbox 720 1742 765 1805; x_wconf 89' lang='lat' dir='ltr'>eis</span> <span class='ocrx_word' id='word_1_109' title='bbox 781 1741 948 1825; x_wconf 81' lang='lat' dir='ltr'>placuerit,</span> <span class='ocrx_word' id='word_1_110' title='bbox 964 1743 1066 1807; x_wconf 87' lang='lat' dir='ltr'>eciam</span> <span class='ocrx_word' id='word_1_111' title='bbox 1084 1763 1148 1807; x_wconf 91' lang='lat' dir='ltr'>non</span> <span class='ocrx_word' id='word_1_112' title='bbox 1165 1742 1229 1808; x_wconf 90' lang='lat' dir='ltr'>Ve-</span> 
     </span>
     <span class='ocr_line' id='line_1_14' title="bbox 86 1847 1227 1917; baseline 0.001 -1"><span class='ocrx_word' id='word_1_113' title='bbox 86 1851 189 1916; x_wconf 89' lang='lat' dir='ltr'>netis.</span> <span class='ocrx_word' id='word_1_114' title='bbox 205 1850 252 1915; x_wconf 81' lang='lat' dir='ltr'>Et</span> <span class='ocrx_word' id='word_1_115' title='bbox 267 1850 302 1913; x_wconf 90' lang='lat' dir='ltr'>in</span> <span class='ocrx_word' id='word_1_116' title='bbox 319 1849 407 1914; x_wconf 92' lang='lat' dir='ltr'>dicta</span> <span class='ocrx_word' id='word_1_117' title='bbox 423 1851 557 1916; x_wconf 86' lang='lat' dir='ltr'>civitate</span> <span class='ocrx_word' id='word_1_118' title='bbox 574 1847 795 1917; x_wconf 86' lang='lat' dir='ltr'>Veneciarum</span> <span class='ocrx_word' id='word_1_119' title='bbox 810 1849 890 1916; x_wconf 91' lang='lat' dir='ltr'>dicti</span> <span class='ocrx_word' id='word_1_120' title='bbox 915 1850 938 1914; x_wconf 83' lang='lat' dir='ltr'>J</span> <span class='ocrx_word' id='word_1_121' title='bbox 940 1849 1082 1916; x_wconf 87' lang='lat' dir='ltr'>adratini</span> <span class='ocrx_word' id='word_1_122' title='bbox 1099 1858 1132 1916; x_wconf 89' lang='lat' dir='ltr'>et</span> <span class='ocrx_word' id='word_1_123' title='bbox 1148 1849 1227 1917; x_wconf 92' lang='lat' dir='ltr'>Dal-</span> 
     </span>
     <span class='ocr_line' id='line_1_15' title="bbox 86 1956 1230 2042; baseline 0.001 -19"><span class='ocrx_word' id='word_1_124' title='bbox 86 1958 212 2024; x_wconf 85' lang='lat' dir='ltr'>matini</span> <span class='ocrx_word' id='word_1_125' title='bbox 222 1978 328 2022; x_wconf 89' lang='lat' dir='ltr'>emere</span> <span class='ocrx_word' id='word_1_126' title='bbox 339 1965 372 2022; x_wconf 90' lang='lat' dir='ltr'>ct</span> <span class='ocrx_word' id='word_1_127' title='bbox 383 1958 447 2022; x_wconf 88' lang='lat' dir='ltr'>alio</span> <span class='ocrx_word' id='word_1_128' title='bbox 459 1978 651 2041; x_wconf 91' lang='lat' dir='ltr'>quocunque</span> <span class='ocrx_word' id='word_1_129' title='bbox 663 1956 760 2023; x_wconf 92' lang='lat' dir='ltr'>titulo</span> <span class='ocrx_word' id='word_1_130' title='bbox 772 1958 942 2042; x_wconf 88' lang='lat' dir='ltr'>acquirere</span> <span class='ocrx_word' id='word_1_131' title='bbox 954 1958 1081 2041; x_wconf 86' lang='lat' dir='ltr'>possint</span> <span class='ocrx_word' id='word_1_132' title='bbox 1094 1959 1230 2041; x_wconf 92' lang='lat' dir='ltr'>singulis</span> 
     </span>
     <span class='ocr_line' id='line_1_16' title="bbox 88 2065 1227 2149; baseline 0 -19"><span class='ocrx_word' id='word_1_133' title='bbox 88 2070 193 2132; x_wconf 88' lang='lat' dir='ltr'>annis</span> <span class='ocrx_word' id='word_1_134' title='bbox 212 2072 246 2130; x_wconf 89' lang='lat' dir='ltr'>et</span> <span class='ocrx_word' id='word_1_135' title='bbox 263 2066 411 2148; x_wconf 89' lang='lat' dir='ltr'>quolibet</span> <span class='ocrx_word' id='word_1_136' title='bbox 427 2087 513 2131; x_wconf 90' lang='lat' dir='ltr'>anno</span> <span class='ocrx_word' id='word_1_137' title='bbox 524 2085 562 2130; x_wconf 86' lang='lat' dir='ltr'>cx</span> <span class='ocrx_word' id='word_1_138' title='bbox 579 2065 675 2130; x_wconf 87' lang='lat' dir='ltr'>dictis</span> <span class='ocrx_word' id='word_1_139' title='bbox 686 2065 904 2148; x_wconf 84' lang='lat' dir='ltr'>annisviginti</span> <span class='ocrx_word' id='word_1_140' title='bbox 919 2071 1046 2130; x_wconf 88' lang='lat' dir='ltr'>tantam</span> <span class='ocrx_word' id='word_1_141' title='bbox 1063 2067 1227 2149; x_wconf 88' lang='lat' dir='ltr'>quantita-</span> 
     </span>
     <span class='ocr_line' id='line_1_17' title="bbox 87 2173 1229 2257; baseline -0.002 -17"><span class='ocrx_word' id='word_1_142' title='bbox 87 2183 158 2241; x_wconf 90' lang='lat' dir='ltr'>tem</span> <span class='ocrx_word' id='word_1_143' title='bbox 186 2175 343 2240; x_wconf 86' lang='lat' dir='ltr'>mercium</span> <span class='ocrx_word' id='word_1_144' title='bbox 360 2174 535 2256; x_wconf 89' lang='lat' dir='ltr'>mobilium,</span> <span class='ocrx_word' id='word_1_145' title='bbox 563 2194 624 2255; x_wconf 91' lang='lat' dir='ltr'>que</span> <span class='ocrx_word' id='word_1_146' title='bbox 652 2173 784 2239; x_wconf 88' lang='lat' dir='ltr'>valcant</span> <span class='ocrx_word' id='word_1_147' title='bbox 808 2174 899 2238; x_wconf 92' lang='lat' dir='ltr'>dicta</span> <span class='ocrx_word' id='word_1_148' title='bbox 924 2173 1060 2256; x_wconf 84' lang='lat' dir='ltr'>triginta</span> <span class='ocrx_word' id='word_1_149' title='bbox 1085 2175 1229 2257; x_wconf 91' lang='lat' dir='ltr'>quinque</span> 
     </span>
     <span class='ocr_line' id='line_1_18' title="bbox 86 2280 1227 2364; baseline -0.003 -15"><span class='ocrx_word' id='word_1_150' title='bbox 86 2283 201 2349; x_wconf 83' lang='lat' dir='ltr'>millia</span> <span class='ocrx_word' id='word_1_151' title='bbox 218 2283 417 2364; x_wconf 88' lang='lat' dir='ltr'>ducatorum,</span> <span class='ocrx_word' id='word_1_152' title='bbox 429 2281 604 2348; x_wconf 87' lang='lat' dir='ltr'>dividenda</span> <span class='ocrx_word' id='word_1_153' title='bbox 615 2284 700 2347; x_wconf 88' lang='lat' dir='ltr'>inter</span> <span class='ocrx_word' id='word_1_154' title='bbox 711 2283 814 2348; x_wconf 91' lang='lat' dir='ltr'>dictos</span> <span class='ocrx_word' id='word_1_155' title='bbox 830 2283 1026 2349; x_wconf 88' lang='lat' dir='ltr'>Jadratinos</span> <span class='ocrx_word' id='word_1_156' title='bbox 1043 2289 1075 2346; x_wconf 92' lang='lat' dir='ltr'>et</span> <span class='ocrx_word' id='word_1_157' title='bbox 1091 2280 1227 2348; x_wconf 85' lang='lat' dir='ltr'>Dalma-</span> 
     </span>
     <span class='ocr_line' id='line_1_19' title="bbox 86 2390 1223 2476; baseline -0.003 -17"><span class='ocrx_word' id='word_1_158' title='bbox 86 2395 181 2459; x_wconf 89' lang='lat' dir='ltr'>tinos</span> <span class='ocrx_word' id='word_1_159' title='bbox 199 2412 261 2475; x_wconf 90' lang='lat' dir='ltr'>pro</span> <span class='ocrx_word' id='word_1_160' title='bbox 279 2398 354 2456; x_wconf 88' lang='lat' dir='ltr'>rata</span> <span class='ocrx_word' id='word_1_161' title='bbox 370 2390 565 2474; x_wconf 65' lang='lat' dir='ltr'>predictae</span> <span class='ocrx_word' id='word_1_162' title='bbox 590 2390 837 2474; x_wconf 87' lang='lat' dir='ltr'>quibuscunque</span> <span class='ocrx_word' id='word_1_163' title='bbox 861 2392 1009 2475; x_wconf 87' lang='lat' dir='ltr'>personis</span> <span class='ocrx_word' id='word_1_164' title='bbox 1035 2391 1134 2456; x_wconf 91' lang='lat' dir='ltr'>etiam</span> <span class='ocrx_word' id='word_1_165' title='bbox 1159 2412 1223 2476; x_wconf 90' lang='lat' dir='ltr'>non</span> 
     </span>
     <span class='ocr_line' id='line_1_20' title="bbox 85 2497 1228 2584; baseline -0.005 -14"><span class='ocrx_word' id='word_1_166' title='bbox 85 2500 241 2570; x_wconf 88' lang='lat' dir='ltr'>Venetis.</span> <span class='ocrx_word' id='word_1_167' title='bbox 253 2501 297 2565; x_wconf 83' lang='lat' dir='ltr'>Et</span> <span class='ocrx_word' id='word_1_168' title='bbox 307 2502 525 2584; x_wconf 89' lang='lat' dir='ltr'>ipsasmercos</span> <span class='ocrx_word' id='word_1_169' title='bbox 535 2505 666 2582; x_wconf 87' lang='lat' dir='ltr'>portare</span> <span class='ocrx_word' id='word_1_170' title='bbox 675 2500 801 2583; x_wconf 88' lang='lat' dir='ltr'>possint</span> <span class='ocrx_word' id='word_1_171' title='bbox 811 2497 953 2564; x_wconf 80' lang='lat' dir='ltr'>dadram</span> <span class='ocrx_word' id='word_1_172' title='bbox 963 2505 995 2563; x_wconf 92' lang='lat' dir='ltr'>et</span> <span class='ocrx_word' id='word_1_173' title='bbox 1006 2498 1228 2579; x_wconf 86' lang='lat' dir='ltr'>Dalmaciarn,</span> 
     </span>
     <span class='ocr_line' id='line_1_21' title="bbox 84 2607 1227 2690; baseline -0.005 -15"><span class='ocrx_word' id='word_1_174' title='bbox 84 2619 118 2675; x_wconf 92' lang='lat' dir='ltr'>et</span> <span class='ocrx_word' id='word_1_175' title='bbox 137 2608 184 2674; x_wconf 88' lang='lat' dir='ltr'>ad</span> <span class='ocrx_word' id='word_1_176' title='bbox 201 2607 283 2672; x_wconf 86' lang='lat' dir='ltr'>alias</span> <span class='ocrx_word' id='word_1_177' title='bbox 301 2613 411 2690; x_wconf 88' lang='lat' dir='ltr'>partes</span> <span class='ocrx_word' id='word_1_178' title='bbox 429 2607 576 2672; x_wconf 88' lang='lat' dir='ltr'>subditas</span> <span class='ocrx_word' id='word_1_179' title='bbox 589 2607 675 2673; x_wconf 91' lang='lat' dir='ltr'>dicto</span> <span class='ocrx_word' id='word_1_180' title='bbox 692 2607 1227 2690; x_wconf 69' lang='grc' dir='ltr'><strong>(1111111111ςὶ,1111111111111111</strong></span> 
     </span>
     <span class='ocr_line' id='line_1_22' title="bbox 86 2716 1227 2801; baseline -0.004 -15"><span class='ocrx_word' id='word_1_181' title='bbox 86 2727 121 2786; x_wconf 92' lang='lat' dir='ltr'>et</span> <span class='ocrx_word' id='word_1_182' title='bbox 141 2717 346 2782; x_wconf 88' lang='lat' dir='ltr'>Dalmatinis</span> <span class='ocrx_word' id='word_1_183' title='bbox 364 2716 566 2782; x_wconf 86' lang='lat' dir='ltr'>solventibus</span> <span class='ocrx_word' id='word_1_184' title='bbox 582 2723 650 2781; x_wconf 90' lang='lat' dir='ltr'>tam</span> <span class='ocrx_word' id='word_1_185' title='bbox 665 2716 829 2801; x_wconf 90' lang='lat' dir='ltr'>portando</span> <span class='ocrx_word' id='word_1_186' title='bbox 847 2737 946 2798; x_wconf 86' lang='lat' dir='ltr'>qnam</span> <span class='ocrx_word' id='word_1_187' title='bbox 965 2716 1176 2798; x_wconf 89' lang='lat' dir='ltr'>extrahendo,</span> <span class='ocrx_word' id='word_1_188' title='bbox 1193 2723 1227 2781; x_wconf 90' lang='lat' dir='ltr'>ct</span> 
     </span>
     <span class='ocr_line' id='line_1_23' title="bbox 84 2823 1226 2909; baseline -0.004 -15"><span class='ocrx_word' id='word_1_189' title='bbox 84 2835 161 2894; x_wconf 87' lang='lat' dir='ltr'>tam</span> <span class='ocrx_word' id='word_1_190' title='bbox 178 2824 359 2891; x_wconf 89' lang='lat' dir='ltr'>ementibus</span> <span class='ocrx_word' id='word_1_191' title='bbox 377 2847 475 2909; x_wconf 88' lang='lat' dir='ltr'>quam</span> <span class='ocrx_word' id='word_1_192' title='bbox 492 2824 703 2889; x_wconf 87' lang='lat' dir='ltr'>vendentibus</span> <span class='ocrx_word' id='word_1_193' title='bbox 729 2824 885 2908; x_wconf 89' lang='lat' dir='ltr'>gabellas,</span> <span class='ocrx_word' id='word_1_194' title='bbox 902 2824 1008 2908; x_wconf 88' lang='lat' dir='ltr'>dacia,</span> <span class='ocrx_word' id='word_1_195' title='bbox 1022 2823 1175 2908; x_wconf 88' lang='lat' dir='ltr'>pedagia,</span> <span class='ocrx_word' id='word_1_196' title='bbox 1192 2831 1226 2889; x_wconf 89' lang='lat' dir='ltr'>et</span> 
     </span>
     <span class='ocr_line' id='line_1_24' title="bbox 1 2930 1227 3016; baseline -0.002 -18"><span class='ocrx_word' id='word_1_197' title='bbox 1 2995 2 2998; x_wconf 74' lang='grc'>,</span> <span class='ocrx_word' id='word_1_198' title='bbox 86 2935 160 3000; x_wconf 87' lang='lat' dir='ltr'>alia</span> <span class='ocrx_word' id='word_1_199' title='bbox 178 2954 279 2998; x_wconf 88' lang='lat' dir='ltr'>onera</span> <span class='ocrx_word' id='word_1_200' title='bbox 295 2937 458 3010; x_wconf 85' lang='lat' dir='ltr'>consuete,</span> <span class='ocrx_word' id='word_1_201' title='bbox 480 2954 542 3016; x_wconf 91' lang='lat' dir='ltr'>que</span> <span class='ocrx_word' id='word_1_202' title='bbox 559 2954 618 3016; x_wconf 90' lang='lat' dir='ltr'>per</span> <span class='ocrx_word' id='word_1_203' title='bbox 645 2930 792 2998; x_wconf 88' lang='lat' dir='ltr'>Venetos</span> <span class='ocrx_word' id='word_1_204' title='bbox 818 2937 948 2998; x_wconf 88' lang='lat' dir='ltr'>tantum</span> <span class='ocrx_word' id='word_1_205' title='bbox 974 2934 1153 2997; x_wconf 89' lang='lat' dir='ltr'>solvuntur.</span> <span class='ocrx_word' id='word_1_206' title='bbox 1181 2931 1227 2996; x_wconf 84' lang='lat' dir='ltr'>Et</span> 
     </span>
     <span class='ocr_line' id='line_1_25' title="bbox 86 3037 1225 3128; baseline -0.004 -20"><span class='ocrx_word' id='word_1_207' title='bbox 86 3041 181 3128; x_wconf 91' lang='lat' dir='ltr'>quod</span> <span class='ocrx_word' id='word_1_208' title='bbox 198 3063 256 3124; x_wconf 90' lang='lat' dir='ltr'>per</span> <span class='ocrx_word' id='word_1_209' title='bbox 274 3041 397 3105; x_wconf 89' lang='lat' dir='ltr'>dictnm</span> <span class='ocrx_word' id='word_1_210' title='bbox 416 3039 595 3106; x_wconf 87' lang='lat' dir='ltr'>Commune</span> <span class='ocrx_word' id='word_1_211' title='bbox 620 3037 841 3107; x_wconf 86' lang='lat' dir='ltr'>Veneciarum</span> <span class='ocrx_word' id='word_1_212' title='bbox 866 3039 1000 3104; x_wconf 89' lang='lat' dir='ltr'>licencia</span> <span class='ocrx_word' id='word_1_213' title='bbox 1028 3038 1225 3104; x_wconf 80' lang='lat' dir='ltr'>concedattn·</span> 
     </span>
     <span class='ocr_line' id='line_1_26' title="bbox 86 3145 1228 3235; baseline -0.004 -20"><span class='ocrx_word' id='word_1_214' title='bbox 86 3151 341 3235; x_wconf 87' lang='lat' dir='ltr'>quibuscunque</span> <span class='ocrx_word' id='word_1_215' title='bbox 359 3171 423 3214; x_wconf 95' lang='lat' dir='ltr'>non</span> <span class='ocrx_word' id='word_1_216' title='bbox 442 3149 578 3217; x_wconf 89' lang='lat' dir='ltr'>Venetis</span> <span class='ocrx_word' id='word_1_217' title='bbox 602 3148 730 3212; x_wconf 89' lang='lat' dir='ltr'>emendi</span> <span class='ocrx_word' id='word_1_218' title='bbox 746 3168 766 3212; x_wconf 91' lang='grc'>1</span> <span class='ocrx_word' id='word_1_219' title='bbox 783 3149 878 3213; x_wconf 91' lang='lat' dir='ltr'>dictis</span> <span class='ocrx_word' id='word_1_220' title='bbox 894 3145 1082 3213; x_wconf 84' lang='lat' dir='ltr'>Jadratinis</span> <span class='ocrx_word' id='word_1_221' title='bbox 1100 3146 1228 3211; x_wconf 83' lang='grc'><strong>111111-</strong></span> 
     </span>
     <span class='ocr_line' id='line_1_27' title="bbox 85 3254 1226 3340; baseline -0.006 -16"><span class='ocrx_word' id='word_1_222' title='bbox 85 3257 238 3338; x_wconf 87' lang='lat' dir='ltr'>matinis,</span> <span class='ocrx_word' id='word_1_223' title='bbox 255 3262 292 3321; x_wconf 93' lang='lat' dir='ltr'>ut</span> <span class='ocrx_word' id='word_1_224' title='bbox 308 3279 415 3340; x_wconf 87' lang='lat' dir='ltr'>supra,</span> <span class='ocrx_word' id='word_1_225' title='bbox 431 3262 464 3321; x_wconf 88' lang='lat' dir='ltr'>et</span> <span class='ocrx_word' id='word_1_226' title='bbox 480 3255 632 3322; x_wconf 90' lang='lat' dir='ltr'>similiter</span> <span class='ocrx_word' id='word_1_227' title='bbox 649 3255 771 3320; x_wconf 91' lang='lat' dir='ltr'>eisdem</span> <span class='ocrx_word' id='word_1_228' title='bbox 797 3255 958 3321; x_wconf 91' lang='lat' dir='ltr'>vendendi</span> <span class='ocrx_word' id='word_1_229' title='bbox 975 3254 1099 3337; x_wconf 88' lang='lat' dir='ltr'>absque</span> <span class='ocrx_word' id='word_1_230' title='bbox 1115 3254 1226 3336; x_wconf 87' lang='lat' dir='ltr'>aliquo</span> 
     </span>
     <span class='ocr_line' id='line_1_28' title="bbox 85 3361 1227 3448; baseline -0.007 -13"><span class='ocrx_word' id='word_1_231' title='bbox 85 3369 205 3435; x_wconf 89' lang='lat' dir='ltr'>banno</span> <span class='ocrx_word' id='word_1_232' title='bbox 223 3365 290 3429; x_wconf 89' lang='lat' dir='ltr'>sive</span> <span class='ocrx_word' id='word_1_233' title='bbox 306 3387 399 3448; x_wconf 89' lang='lat' dir='ltr'>pena.</span> <span class='ocrx_word' id='word_1_234' title='bbox 423 3367 469 3431; x_wconf 85' lang='lat' dir='ltr'>Et</span> <span class='ocrx_word' id='word_1_235' title='bbox 485 3365 547 3430; x_wconf 92' lang='lat' dir='ltr'>hoc</span> <span class='ocrx_word' id='word_1_236' title='bbox 564 3364 702 3446; x_wconf 87' lang='lat' dir='ltr'>singulis</span> <span class='ocrx_word' id='word_1_237' title='bbox 728 3365 821 3429; x_wconf 87' lang='lat' dir='ltr'>aunis</span> <span class='ocrx_word' id='word_1_238' title='bbox 847 3385 907 3447; x_wconf 91' lang='lat' dir='ltr'>pro</span> <span class='ocrx_word' id='word_1_239' title='bbox 934 3361 1174 3446; x_wconf 89' lang='lat' dir='ltr'>quantitatibus</span> <span class='ocrx_word' id='word_1_240' title='bbox 1194 3370 1227 3427; x_wconf 89' lang='lat' dir='ltr'>ot</span> 
     </span>
     <span class='ocr_line' id='line_1_29' title="bbox 85 3470 1227 3557; baseline -0.005 -17"><span class='ocrx_word' id='word_1_241' title='bbox 85 3473 247 3557; x_wconf 91' lang='lat' dir='ltr'>usquein</span> <span class='ocrx_word' id='word_1_242' title='bbox 264 3473 465 3555; x_wconf 88' lang='lat' dir='ltr'>quantitates</span> <span class='ocrx_word' id='word_1_243' title='bbox 483 3477 654 3538; x_wconf 88' lang='lat' dir='ltr'>contentas</span> <span class='ocrx_word' id='word_1_244' title='bbox 663 3473 698 3535; x_wconf 93' lang='lat' dir='ltr'>in</span> <span class='ocrx_word' id='word_1_245' title='bbox 715 3473 856 3554; x_wconf 91' lang='lat' dir='ltr'>presenti</span> <span class='ocrx_word' id='word_1_246' title='bbox 874 3471 1035 3554; x_wconf 75' lang='lat' dir='ltr'>capitulo,</span> <span class='ocrx_word' id='word_1_247' title='bbox 1052 3470 1227 3535; x_wconf 90' lang='lat' dir='ltr'>dummodo</span> 
     </span>
     <span class='ocr_line' id='line_1_30' title="bbox 85 3578 1228 3668; baseline -0.006 -20"><span class='ocrx_word' id='word_1_248' title='bbox 85 3605 150 3668; x_wconf 93' lang='lat' dir='ltr'>per</span> <span class='ocrx_word' id='word_1_249' title='bbox 165 3579 318 3666; x_wconf 90' lang='lat' dir='ltr'>predicta</span> <span class='ocrx_word' id='word_1_250' title='bbox 335 3601 399 3646; x_wconf 92' lang='lat' dir='ltr'>non</span> <span class='ocrx_word' id='word_1_251' title='bbox 416 3579 629 3664; x_wconf 82' lang='lat' dir='ltr'>intelligatur,</span> <span class='ocrx_word' id='word_1_252' title='bbox 657 3578 744 3663; x_wconf 91' lang='lat' dir='ltr'>quod</span> <span class='ocrx_word' id='word_1_253' title='bbox 761 3579 840 3643; x_wconf 91' lang='lat' dir='ltr'>dicti</span> <span class='ocrx_word' id='word_1_254' title='bbox 856 3579 1027 3645; x_wconf 84' lang='lat' dir='ltr'>Jadretini</span> <span class='ocrx_word' id='word_1_255' title='bbox 1045 3585 1077 3644; x_wconf 89' lang='lat' dir='ltr'>et</span> <span class='ocrx_word' id='word_1_256' title='bbox 1093 3578 1228 3643; x_wconf 88' lang='lat' dir='ltr'>Dalma-</span> 
     </span>
     <span class='ocr_line' id='line_1_31' title="bbox 85 3687 1228 3773; baseline -0.007 -15"><span class='ocrx_word' id='word_1_257' title='bbox 85 3692 151 3758; x_wconf 91' lang='lat' dir='ltr'>tini</span> <span class='ocrx_word' id='word_1_258' title='bbox 171 3691 301 3773; x_wconf 87' lang='lat' dir='ltr'>possint</span> <span class='ocrx_word' id='word_1_259' title='bbox 320 3689 481 3756; x_wconf 89' lang='lat' dir='ltr'>Venecias</span> <span class='ocrx_word' id='word_1_260' title='bbox 498 3695 630 3772; x_wconf 89' lang='lat' dir='ltr'>portare</span> <span class='ocrx_word' id='word_1_261' title='bbox 648 3687 758 3766; x_wconf 89' lang='lat' dir='ltr'>salem,</span> <span class='ocrx_word' id='word_1_262' title='bbox 784 3708 843 3751; x_wconf 90' lang='lat' dir='ltr'>nec</span> <span class='ocrx_word' id='word_1_263' title='bbox 859 3687 1034 3752; x_wconf 88' lang='lat' dir='ltr'>immittere</span> <span class='ocrx_word' id='word_1_264' title='bbox 1052 3687 1102 3751; x_wconf 87' lang='lat' dir='ltr'>vel</span> <span class='ocrx_word' id='word_1_265' title='bbox 1120 3691 1228 3751; x_wconf 85' lang='lat' dir='ltr'>extra·</span> 
     </span>
     <span class='ocr_line' id='line_1_32' title="bbox 86 3793 1228 3880; baseline -0.008 -14"><span class='ocrx_word' id='word_1_266' title='bbox 86 3803 170 3866; x_wconf 88' lang='lat' dir='ltr'>here</span> <span class='ocrx_word' id='word_1_267' title='bbox 187 3798 228 3862; x_wconf 89' lang='lat' dir='ltr'>de</span> <span class='ocrx_word' id='word_1_268' title='bbox 245 3793 395 3866; x_wconf 90' lang='lat' dir='ltr'>Veneciis</span> <span class='ocrx_word' id='word_1_269' title='bbox 414 3818 461 3877; x_wconf 88' lang='lat' dir='ltr'>ea,</span> <span class='ocrx_word' id='word_1_270' title='bbox 481 3818 543 3880; x_wconf 91' lang='lat' dir='ltr'>que</span> <span class='ocrx_word' id='word_1_271' title='bbox 568 3794 690 3863; x_wconf 87' lang='lat' dir='ltr'>Veneti</span> <span class='ocrx_word' id='word_1_272' title='bbox 706 3797 832 3879; x_wconf 92' lang='lat' dir='ltr'>proprii</span> <span class='ocrx_word' id='word_1_273' title='bbox 862 3795 1036 3860; x_wconf 89' lang='lat' dir='ltr'>immittere</span> <span class='ocrx_word' id='word_1_274' title='bbox 1056 3795 1228 3860; x_wconf 80' lang='grc'><strong>111111111-</strong></span> 
     </span>
     <span class='ocr_line' id='line_1_33' title="bbox 86 3903 1228 3989; baseline -0.007 -15"><span class='ocrx_word' id='word_1_275' title='bbox 86 3910 167 3975; x_wconf 90' lang='lat' dir='ltr'>here</span> <span class='ocrx_word' id='word_1_276' title='bbox 185 3926 251 3970; x_wconf 90' lang='lat' dir='ltr'>non</span> <span class='ocrx_word' id='word_1_277' title='bbox 266 3911 411 3989; x_wconf 89' lang='lat' dir='ltr'>possunt.</span> <span class='ocrx_word' id='word_1_278' title='bbox 427 3906 471 3970; x_wconf 87' lang='lat' dir='ltr'>Et</span> <span class='ocrx_word' id='word_1_279' title='bbox 488 3905 534 3969; x_wconf 95' lang='grc'>111</span> <span class='ocrx_word' id='word_1_280' title='bbox 550 3904 702 3988; x_wconf 90' lang='lat' dir='ltr'>predicta</span> <span class='ocrx_word' id='word_1_281' title='bbox 728 3903 809 3968; x_wconf 87' lang='lat' dir='ltr'>fiant</span> <span class='ocrx_word' id='word_1_282' title='bbox 835 3904 904 3968; x_wconf 90' lang='lat' dir='ltr'>sine</span> <span class='ocrx_word' id='word_1_283' title='bbox 923 3904 1006 3984; x_wconf 91' lang='lat' dir='ltr'>dolo,</span> <span class='ocrx_word' id='word_1_284' title='bbox 1025 3910 1058 3968; x_wconf 90' lang='lat' dir='ltr'>et</span> <span class='ocrx_word' id='word_1_285' title='bbox 1073 3903 1136 3968; x_wconf 89' lang='grc'><strong>1111</strong></span> <span class='ocrx_word' id='word_1_286' title='bbox 1155 3923 1228 3966; x_wconf 64' lang='lat' dir='ltr'>cau⁴</span> 
     </span>
     <span class='ocr_line' id='line_1_34' title="bbox 85 3997 1227 4095; baseline -0.006 -14"><span class='ocrx_word' id='word_1_287' title='bbox 85 4016 158 4081; x_wconf 86' lang='lat' dir='ltr'>tela</span> <span class='ocrx_word' id='word_1_288' title='bbox 184 4010 342 4095; x_wconf 87' lang='lat' dir='ltr'>adhibita,</span> <span class='ocrx_word' id='word_1_289' title='bbox 368 4011 456 4094; x_wconf 93' lang='lat' dir='ltr'>quod</span> <span class='ocrx_word' id='word_1_290' title='bbox 482 4011 579 4077; x_wconf 89' lang='lat' dir='ltr'>salvis</span> <span class='ocrx_word' id='word_1_291' title='bbox 604 4012 759 4094; x_wconf 85' lang='lat' dir='ltr'>predictis</span> <span class='ocrx_word' id='word_1_292' title='bbox 787 4018 820 4076; x_wconf 85' lang='lat' dir='ltr'>et</span> <span class='ocrx_word' id='word_1_293' title='bbox 845 4011 1051 4077; x_wconf 89' lang='lat' dir='ltr'>concessione</span> <span class='ocrx_word' id='word_1_294' title='bbox 1077 3997 1227 4094; x_wconf 81' lang='lat' dir='ltr'>predicta</span> 
     </span>
     <span class='ocr_line' id='line_1_35' title="bbox 86 4117 1228 4205; baseline -0.007 -15"><span class='ocrx_word' id='word_1_295' title='bbox 86 4124 271 4190; x_wconf 87' lang='lat' dir='ltr'>Commune</span> <span class='ocrx_word' id='word_1_296' title='bbox 287 4119 507 4189; x_wconf 88' lang='lat' dir='ltr'>Veneciarum</span> <span class='ocrx_word' id='word_1_297' title='bbox 525 4119 715 4186; x_wconf 83' lang='lat' dir='ltr'>defraudari</span> <span class='ocrx_word' id='word_1_298' title='bbox 734 4142 798 4186; x_wconf 92' lang='lat' dir='ltr'>non</span> <span class='ocrx_word' id='word_1_299' title='bbox 809 4121 924 4205; x_wconf 89' lang='lat' dir='ltr'>possit.</span> <span class='ocrx_word' id='word_1_300' title='bbox 936 4120 1021 4185; x_wconf 89' lang='lat' dir='ltr'>Item</span> <span class='ocrx_word' id='word_1_301' title='bbox 1036 4141 1094 4203; x_wconf 91' lang='lat' dir='ltr'>per</span> <span class='ocrx_word' id='word_1_302' title='bbox 1104 4117 1228 4184; x_wconf 90' lang='lat' dir='ltr'>dictum</span> 
     </span>
     <span class='ocr_line' id='line_1_36' title="bbox 86 4227 1226 4310; baseline -0.004 -14"><span class='ocrx_word' id='word_1_303' title='bbox 86 4231 271 4298; x_wconf 89' lang='lat' dir='ltr'>Commune</span> <span class='ocrx_word' id='word_1_304' title='bbox 287 4227 507 4297; x_wconf 88' lang='lat' dir='ltr'>Veneciarum</span> <span class='ocrx_word' id='word_1_305' title='bbox 525 4228 714 4294; x_wconf 89' lang='lat' dir='ltr'>conceditur</span> <span class='ocrx_word' id='word_1_306' title='bbox 732 4236 765 4293; x_wconf 89' lang='lat' dir='ltr'>et</span> <span class='ocrx_word' id='word_1_307' title='bbox 777 4249 965 4293; x_wconf 88' lang='lat' dir='ltr'>concessum</span> <span class='ocrx_word' id='word_1_308' title='bbox 981 4227 1184 4310; x_wconf 83' lang='lat' dir='ltr'>intelligatur</span> <span class='ocrx_word' id='word_1_309' title='bbox 1194 4229 1226 4291; x_wconf 92' lang='lat' dir='ltr'>in</span> 
     </span>
     <span class='ocr_line' id='line_1_37' title="bbox 86 4331 1226 4423; baseline -0.004 -19"><span class='ocrx_word' id='word_1_310' title='bbox 86 4345 282 4423; x_wconf 89' lang='lat' dir='ltr'>perpetuum</span> <span class='ocrx_word' id='word_1_311' title='bbox 302 4334 396 4401; x_wconf 86' lang='lat' dir='ltr'>dictis</span> <span class='ocrx_word' id='word_1_312' title='bbox 413 4334 609 4418; x_wconf 87' lang='lat' dir='ltr'>Jadratinis,</span> <span class='ocrx_word' id='word_1_313' title='bbox 627 4336 713 4419; x_wconf 88' lang='lat' dir='ltr'>quod</span> <span class='ocrx_word' id='word_1_314' title='bbox 730 4335 851 4403; x_wconf 88' lang='lat' dir='ltr'>eisdem</span> <span class='ocrx_word' id='word_1_315' title='bbox 869 4336 969 4400; x_wconf 88' lang='lat' dir='ltr'>liceat</span> <span class='ocrx_word' id='word_1_316' title='bbox 988 4355 1095 4399; x_wconf 89' lang='lat' dir='ltr'>emere</span> <span class='ocrx_word' id='word_1_317' title='bbox 1112 4335 1145 4397; x_wconf 91' lang='lat' dir='ltr'>in</span> <span class='ocrx_word' id='word_1_318' title='bbox 1162 4331 1226 4400; x_wconf 82' lang='lat' dir='ltr'>Vc·</span> 
     </span>
     <span class='ocr_line' id='line_1_38' title="bbox 87 4446 1226 4530; baseline -0.004 -17"><span class='ocrx_word' id='word_1_319' title='bbox 87 4449 189 4517; x_wconf 88' lang='lat' dir='ltr'>neciis</span> <span class='ocrx_word' id='word_1_320' title='bbox 206 4453 239 4513; x_wconf 89' lang='lat' dir='ltr'>et</span> <span class='ocrx_word' id='word_1_321' title='bbox 254 4446 330 4511; x_wconf 90' lang='lat' dir='ltr'>inde</span> <span class='ocrx_word' id='word_1_322' title='bbox 347 4446 518 4512; x_wconf 83' lang='lat' dir='ltr'>extrahere</span> <span class='ocrx_word' id='word_1_323' title='bbox 530 4467 637 4529; x_wconf 90' lang='lat' dir='ltr'>cupos,</span> <span class='ocrx_word' id='word_1_324' title='bbox 657 4467 713 4511; x_wconf 91' lang='lat' dir='ltr'>seu</span> <span class='ocrx_word' id='word_1_325' title='bbox 724 4446 854 4530; x_wconf 89' lang='lat' dir='ltr'>tegulas</span> <span class='ocrx_word' id='word_1_326' title='bbox 872 4451 904 4510; x_wconf 89' lang='lat' dir='ltr'>et</span> <span class='ocrx_word' id='word_1_327' title='bbox 915 4451 1080 4510; x_wconf 86' lang='lat' dir='ltr'>matrones</span> <span class='ocrx_word' id='word_1_328' title='bbox 1098 4449 1226 4508; x_wconf 88' lang='lat' dir='ltr'>tantum</span> 
     </span>
     <span class='ocr_line' id='line_1_39' title="bbox 89 4552 1230 4647; baseline -0.004 -27"><span class='ocrx_word' id='word_1_329' title='bbox 89 4578 151 4647; x_wconf 89' lang='lat' dir='ltr'>pro</span> <span class='ocrx_word' id='word_1_330' title='bbox 172 4555 416 4624; x_wconf 86' lang='lat' dir='ltr'>construccioue</span> <span class='ocrx_word' id='word_1_331' title='bbox 435 4562 467 4620; x_wconf 90' lang='lat' dir='ltr'>et</span> <span class='ocrx_word' id='word_1_332' title='bbox 494 4555 706 4643; x_wconf 88' lang='lat' dir='ltr'>reparacicne</span> <span class='ocrx_word' id='word_1_333' title='bbox 734 4553 945 4620; x_wconf 87' lang='lat' dir='ltr'>edificiorum</span> <span class='ocrx_word' id='word_1_334' title='bbox 962 4575 1095 4618; x_wconf 86' lang='lat' dir='ltr'>snorum</span> <span class='ocrx_word' id='word_1_335' title='bbox 1130 4552 1160 4616; x_wconf 81' lang='lat' dir='ltr'>al</span> <span class='ocrx_word' id='word_1_336' title='bbox 1174 4573 1230 4636; x_wconf 76' lang='lat' dir='ltr'>sqe</span> 
     </span>
    </p>
   </div>
   <div class='ocr_carea' id='block_1_3' title="bbox 0 0 1600 5252">
    <p class='ocr_par' dir='ltr' id='par_1_3' title="bbox 0 0 1600 5252">
     <span class='ocr_line' id='line_1_40' title="bbox 0 0 1600 5252; baseline 0 1"><span class='ocrx_word' id='word_1_337' title='bbox 0 0 1600 5252; x_wconf 95' lang='lat' dir='ltr'> </span> 
     </span>
    </p>
   </div>
  </div>
 </body>
</html>
