3172 5254
393 368 456 436 130
746 381 977 436 rrrncouucamr
995 367 1163 437 antisse.

389 550 507 614 slaumo
525 549 763 614 territoriorum
781 557 812 613 et
831 551 1009 616 iutirleliuru
1031 556 1228 634 nostrorum,
1250 553 1512 636 sprernadmudum

388 663 573 722 coristanter
590 657 705 721 seimus
723 679 791 722 esse
809 658 999 722 intensionis
1016 659 1120 740 Regio
1137 661 1331 726 Maiestatis.

451 803 487 857 (A
503 803 610 853 »uisne
627 805 716 853 ezinu'l
731 805 871 854 velunczei
883 804 1110 868 alramkunyvuo]
1126 805 1239 856 XXXV.
1255 807 1331 857 rotet
1349 813 1406 857 185.
1422 811 1449 862 l.,r

914 1095 986 1156 115.

388 1257 418 1318 A
436 1255 586 1317 celeianae-l
597 1255 870 1340 lomuduyturuira
885 1256 999 1340 palpat
1015 1257 1125 1320 raudai
1143 1258 1253 1320 Istud-u
1272 1258 1397 1343 erdely-i
1414 1257 1510 1342 sajus

485 1368 651 1442 sacraturo,
671 1363 787 1448 melyeu
806 1387 825 1423 u
844 1361 1292 1448 328116]δίᾱείἰιίίοφιέήαεεα.
1320 1367 1415 1428 1376.

495 1522 593 1586 Anno
611 1517 908 1587 MOOCLXXVI.
925 1521 1102 1586 indictione
1120 1520 1199 1586 XV.
1216 1523 1269 1587 uie
1288 1525 1401 1589 ultima
1415 1524 1512 1589 Iunii.

388 1625 556 1712 Capta:
575 1626 656 1692 Cum
673 1627 870 1710 Magnificus
885 1628 1033 1692 domiuus
1044 1627 1231 1710 Stephanus
1243 1628 1405 1713 Vayuoda
1417 1631 1515 1696 Tran-

388 1737 533 1802 siluauus
550 1758 606 1819 per
623 1735 692 1799 eius
709 1735 838 1799 litteras
855 1742 888 1800 et
905 1735 1059 1800 nuncium
1076 1734 1293 1801 amicabiliter
1309 1759 1369 1802 nos
1385 1759 1515 1822 rogaue-

387 1847 439 1926 rit,
456 1844 543 1928 quod
560 1844 814 1927 complacemus
841 1845 900 1910 sibi
919 1843 958 1908 de
976 1866 1037 1908 rna
1064 1844 1170 1926 galea,
1187 1866 1259 1909 cum
1277 1867 1342 1928 qua
1358 1847 1407 1910 ire
1424 1854 1455 1911 et
1471 1869 1515 1911 re·

388 1952 457 2017 (lire
473 1953 574 2034 possit
600 1951 643 2016 ael
670 1949 825 2014 Sanctum
854 1949 1046 2032 Sepulcrum
1073 1973 1145 2014 cum
1161 1952 1309 2033 persouis
1325 1953 1440 2017 XIIII
1466 1954 1510 2017 rel

388 2061 492 2140 circ-a,
518 2065 549 2124 et
567 2059 715 2124 omnibus
742 2059 956 2122 consideratis
982 2057 1082 2123 faciat
1100 2081 1158 2141 pro
1177 2055 1299 2124 honore
1316 2067 1429 2124 nostro
1447 2083 1516 2126 cou-

389 2189 520 2232 seruarc
547 2174 578 2230 ct
606 2187 726 2248 augere
752 2167 933 2230 amiciciam
951 2188 1050 2246 surani,
1068 2171 1100 2230 et
1116 2166 1178 2230 sibi
1195 2167 1406 2249 complacere,
1422 2171 1516 2234 maui-

388 2299 438 2340 me
472 2277 549 2358 quia
575 2278 658 2343 benc
686 2278 849 2359 reperitur
876 2275 989 2338 modus
1015 2275 1136 2338 babilis
1162 2275 1193 2338 iu
1220 2277 1279 2340 boe
1297 2301 1303 2339 :
1321 2277 1414 2342 radit
1434 2300 1516 2360 pars,

389 2383 476 2466 quod
495 2385 731 2466 respondeatur
748 2385 786 2464 ei,
802 2384 888 2466 quod
905 2384 1013 2466 parati
1032 2405 1141 2446 sumus
1161 2383 1298 2448 libenter
1316 2389 1350 2446 ct
1366 2385 1516 2449 amicabi-

388 2492 465 2558 liter
482 2495 683 2575 complacere
711 2493 773 2556 sibi
799 2493 833 2556 iu
861 2491 1008 2557 iaciendo
1033 2494 1138 2574 ipsum
1166 2492 1303 2556 conduc-i
1330 2493 1432 2556 libere
1448 2515 1515 2557 cunr

390 2622 451 2666 rna
477 2609 591 2666 nostra
617 2601 712 2684 galea
740 2599 908 2679 Barutum,
925 2601 964 2664 (le
983 2621 1046 2682 quo
1064 2598 1133 2662 loeo
1150 2601 1270 2682 poterit
1288 2601 1455 2666 corruuorle
1471 2603 1516 2664 ire

387 2711 430 2774 ad
447 2707 606 2775 Sanctum
624 2707 825 2793 Sepulcrum,
842 2720 962 2773 etcum
979 2707 1091 2772 cadem
1109 2707 1205 2790 galea.
1221 2708 1330 2772 rodhe
1348 2707 1516 2775 VenecIas.

388 2815 512 2884 Verum
530 2819 668 2900 expedit,
685 2819 770 2902 quod
787 2818 859 2901 ipse
870 2816 1072 2882 sitVonetiis
1089 2838 1161 2880 eum
1173 2817 1325 2880 comitiua
1346 2840 1405 2882 sua
1423 2838 1517 2900 esque

388 2925 472 2991 diem
491 2927 569 2992 XV.
587 2928 705 2991 mensis
721 2925 866 3006 Augusti
884 2926 1032 3008 proximi.

459 3071 493 3130 [A
510 3070 619 3118 »Miser«
635 3070 723 3118 ezimti
738 3072 878 3118 relenczei
892 3071 1118 3132 ellamkbup'vbol
1133 3069 1246 3118 XXXV.
1262 3070 1317 3118 kbt.
1334 3071 1440 3125 2221.)

916 3359 986 3419 llo.

386 3520 411 3582 I.
431 3519 530 3604 Layos
546 3542 686 3606 nuupyur
713 3521 744 3582 e's
771 3517 892 3604 lenpyol
918 3517 1101 3604 unapars
1113 3541 1285 3602 percursa
1305 3542 1324 3580 u
1343 3519 1456 3581 tborui
1472 3517 1520 3581 lea

475 3629 627 3692 sabatur
644 3628 1092 3712 ozubudaluun'ferireturtusa
1111 3627 1307 3712 trirpyrlbuo.
1333 3629 1430 3690 1376.

493 3789 676 3854 liodovicus
701 3788 764 3852 Dei
791 3790 904 3870 gracia
923 3787 995 3852 Rex
1013 3785 1169 3871 Vagarie,
1186 3787 1332 3865 Polonie,
1349 3787 1522 3851 Dalmaeie

385 3904 445 3962 etc.
471 3898 630 3962 uniuersis
656 3907 687 3960 et
712 3896 848 3978 singulis
875 3895 1026 3975 Prolatis,
1058 3893 1267 3976 castellanis,
1291 3897 1460 3961 Palatinis
1486 3915 1521 3959 uc

386 4005 532 4088 personis
549 4005 788 4086 ecclesiasticis,
805 4001 1004 4086 Capitonem,
1020 4001 1217 4081 Barouibus,
1234 4001 1420 4084 Nobilibus,
1438 4004 1522 4068 Bur·

385 4113 548 4194 gonsibus,
574 4113 777 4201 BurgrabiiS,
803 4112 1092 4190 tlreloneatorilurs,
1118 4130 1242 4176 necnon
1261 4108 1475 4177 Officialibus
1491 4111 1522 4175 iu

385 4223 500 4304 Regno
527 4229 641 4287 nostro
668 4221 804 4285 Polonie
830 4219 979 4284 omnibus
996 4219 1192 4300 constitutis,
1209 4223 1327 4284 uostris
1357 4218 1523 4297 fidelibus,

384 4331 530 4410 graciam
555 4330 697 4412 Regiam
722 4336 752 4392 et
779 4350 872 4392 omne
889 4328 1018 4392 bonnm.
1039 4325 1217 4404 Noveritis,
1234 4326 1337 4391 nostri
1353 4324 1475 4391 fideles
1491 4335 1521 4391 ct

385 4437 505 4516 dilecti,
531 4435 693 4520 quomodo
719 4435 915 4500 venerabilis
941 4433 1183 4498 abdominum
1209 4433 1337 4500 Winric
1353 4430 1394 4496 de
1411 4431 1523 4500 Domo

389 4543 595 4608 Therrtorrica
611 4543 775 4626 Magister
802 4541 1044 4607 Crucifemrum
1062 4539 1236 4606 Generalis
1253 4540 1345 4605 nobis
1362 4561 1425 4622 per
1445 4541 1524 4606 Am-
