3134 5254
575 373 667 430 rara.
877 432 879 440 ,
980 345 984 354 ’
1110 375 1173 432 aar

1 524 3 546 i
61 546 223 624 archavel
241 568 312 611 cum
329 547 459 611 domino
477 546 568 632 Rege
587 557 620 612 11
636 547 775 612 Domino
788 548 1094 632 Padue,secundum
1113 549 1175 612 lor-

1 653 2 734 }
60 675 134 719 mam
161 655 333 735 libertatis,
358 677 456 739 quam
481 657 554 740 ipsa
579 656 771 723 Dominatio
798 653 922 723 Vestra
946 657 1040 722 nobis
1068 657 1175 736 misit3

58 764 128 828 estis
152 765 316 843 contenti,
340 767 525 848 apparendo
551 762 645 831 nobis
671 768 751 832 utile
776 773 810 830 01
836 767 963 846 bonurn,
990 767 1076 850 qnod
1102 787 1174 830 curn

58 871 113 936 Dei
142 875 251 956 gratia
283 871 462 938 habeamus
489 872 674 939 libertatem
708 873 920 940 concludendi
948 896 1020 938 cum
1045 875 1176 939 domino

1 1037 2 1068 2
56 981 138 1064 Rege
162 982 242 1060 solo,
268 989 302 1046 et
327 1003 399 1046 oum
426 980 555 1047 domino
580 982 670 1065 Rege
697 991 730 1048 et
754 982 864 1065 aliquo
891 983 941 1048 rel
956 983 1121 1066 aliquibus
1137 1003 1176 1048 ox

1 1132 2 1176 3
55 1091 220 1172 colligatis,
244 1091 329 1154 sicut
353 1089 447 1154 nobis
474 1089 585 1154 utilius
611 1096 643 1153 et
668 1090 783 1156 melius
800 1088 975 1175 apparebit
1000 1091 1174 1156 secundum

1 1182 2 1222 ³
54 1197 234 1263 libertatem
252 1196 347 1262 nobis
363 1219 466 1281 nuper
483 1199 624 1263 missam.
641 1196 697 1264 Ad
714 1200 800 1282 quod
812 1221 883 1264 curn
895 1198 981 1262 omni
993 1200 1175 1265 reverentia

54 1305 254 1384 dedicimus
280 1304 366 1388 quod
392 1305 583 1371 Dominatio
609 1303 731 1372 Vestra
756 1307 837 1372 bene
862 1314 912 1372 est
937 1305 1111 1373 informata
1135 1307 1175 1372 de

55 1415 202 1495 omnibus
219 1413 306 1478 sicut
323 1434 382 1478 nos
398 1435 457 1497 per
475 1413 603 1478 litteras
614 1421 752 1494 nostrae,
770 1435 852 1497 quas
868 1415 971 1480 eidem
989 1414 1027 1480 (10
1043 1415 1126 1480 hora
1141 1415 1174 1480 in

55 1523 160 1588 boram
183 1523 448 1588 transmissimus.
475 1523 521 1587 Et
546 1530 718 1606 propterea
744 1543 808 1588 non
834 1525 999 1589 videretur
1024 1525 1118 1590 nobis
1135 1524 1175 1588 de
1233 1597 1238 1606 ,

54 1631 235 1715 accipiendo
263 1631 351 1696 istud
377 1651 458 1697 onus
484 1652 583 1715 supra
609 1653 684 1712 nos;
709 1631 765 1696 sed
792 1632 817 1696 si
837 1653 909 1696 cum
927 1631 1058 1698 domino
1074 1630 1175 1714 Rege,

54 1737 176 1803 domiuo
202 1738 398 1804 Patriarcha
425 1745 459 1805 01
484 1738 624 1804 Domino
650 1737 763 1804 Padue
781 1740 958 1821 poterimus
974 1737 1176 1820 concludere,

55 1847 99 1911 rol
116 1869 187 1912 cum
204 1848 335 1913 domino
359 1848 450 1930 Rege
477 1856 509 1913 et
525 1847 667 1913 Domino
684 1846 807 1929 Padue‚
824 1848 1051 1914 concludemus
1067 1867 1175 1912 secun·

52 1955 122 2019 dum
138 1956 323 2022 libertatem
350 1957 442 2021 nobis
467 1956 596 2036 datam3
620 1956 660 2020 de
677 1979 741 2040 quo
757 1963 867 2022 tamen
882 1977 985 2038 nsque
1003 1957 1086 2023 diem
1104 1978 1174 2038 pre-

51 2071 168 2128 sentem
184 2085 321 2147 parvam
339 2085 426 2148 spem
444 2064 609 2130 habenula.
626 2065 672 2128 Et
688 2066 714 2129 si
732 2085 971 2148 nonposecmus
982 2065 1173 2130 concludere

50 2193 103 2254 pei·
128 2173 273 2255 aliquem
305 2173 463 2238 dictorum
495 2172 674 2254 modorum,
698 2173 910 2238 tractabimus
943 2193 1014 2236 cum
1045 2171 1175 2236 domino

50 2279 138 2365 Rege
156 2281 246 2362 solo;
271 2288 305 2346 et
320 2281 399 2364 quia
415 2282 608 2347 extimemus
624 2283 656 2345 in
673 2281 759 2346 dicto
777 2301 853 2346 casu
864 2281 958 2346 valde
968 2282 1047 2346 utile
1057 2282 1174 2346 ducere

50 2393 223 2454 tractatum
240 2391 330 2472 pacis
346 2391 380 2454 in
395 2391 537 2472 longum,
555 2390 581 2454 si
598 2390 658 2454 hoo
675 2389 977 2473 1000100010111110,
988 2389 1175 2454 curabimus

49 2518 245 2579 peromnem
264 2498 393 2564 modurn
410 2519 570 2582 sagacem,
587 2506 619 2564 et
635 2498 720 2563 viam
736 2498 869 2563 trahere
881 2507 1038 2581 qnantum
1055 2499 1174 2581 poteri·

50 2627 114 2670 mus
130 2605 172 2670 (10
188 2607 368 2671 intentione
386 2607 530 2686 istorum,
546 2629 644 2690 quam
660 2627 718 2690 pei·
735 2629 833 2672 uinum
850 2613 997 2672 nostrum
1009 2607 1058 2671 vel
1069 2605 1172 2682 011101,

49 2715 125 2780 sicin
153 2715 247 2781 nobis
275 2716 387 2779 utilius
412 2715 584 2796 videbitur,
617 2725 728 2782 uotam
760 2715 916 2781 faciemus
948 2715 1174 2782 Dominationi

50 2821 174 2902 vestre,
191 2844 255 2904 que
271 2823 421 2907 disponet
437 2831 470 2888 01
486 2825 583 2889 faciet
600 2824 684 2888 sicut
700 2824 761 2888 sibi
779 2822 942 2889 videbitur
958 2823 1028 2888 1010
1049 2821 1174 2888 melius,

48 2927 150 2996 Breve
166 2931 408 2998 Dominationis
426 2933 553 3014 Vestro,
570 2933 648 3015 quid
666 2934 736 3017 ipsa
752 2933 852 2997 mittit
868 2932 999 2998 domino
1015 2931 1174 2997 Fedorico

1 3049 2 3062 ¹
48 3037 205 3104 cni-nario
223 3038 404 3123 alligatum,
422 3062 494 3106 cum
506 3041 581 3124 alijs
592 3039 718 3104 duobus
729 3040 882 3105 brevibus
893 3041 979 3105 dotis
991 3040 1042 3104 die
1053 3041 1173 3122 quinto,

47 3167 105 3211 uno
121 3148 293 3231 replicato,
319 3156 353 3214 et
376 3149 481 3214 altero
508 3149 705 3214 declarativo
732 3149 866 3214 duorum
885 3155 1075 3232 punctorum
1093 3147 1174 3211 bone

48 3255 235 3338 recepimus,
262 3262 293 3320 01
319 3259 423 3340 ipsum
449 3279 507 3342 pei·
533 3258 612 3324 satis
629 3257 745 3322 bonam
763 3258 847 3322 viam
865 3257 967 3321 eidem
984 3255 1173 3320 transmitti-

46 3383 119 3428 mus.
140 3363 283 3449 'l'arvisij
302 3362 382 3430 VII.
400 3362 601 3448 Septembris
619 3364 701 3429 bora
716 3363 803 3428 IIII.
821 3365 894 3428 diei.

152 3562 293 3648 ·25)A
318 3565 547 3630 velenozei
573 3563 771 3648 dogenek
796 3588 815 3630 a
839 3564 1037 3630 lrlivetelr.

151 3689 432 3755 Excellentissime
449 3691 588 3756 Domine
600 3696 719 3756 noster.
731 3691 796 3756 Per
807 3713 904 3755 unum
915 3689 1011 3755 breve
1021 3692 1174 3774 presenti-

44 3795 1173 3884 liusalligatumExcellentieVest1·escribimus,quodusqneadboram

43 3907 117 3973 (1010
133 3909 249 3992 ipsius,
265 3909 319 3973 isti
336 3909 483 3976 Berones
499 3909 593 3994 Regij
611 3933 675 3976 uon
693 3911 866 3975 misserunt
882 3932 942 3994 pro
958 3909 1061 3974 nobis.
1078 3907 1110 3972 N
1113 3932 1174 3974 um

43 4023 150 4082 011011
166 4017 375 4083 notificamus
391 4017 505 4098 eidem,
522 4018 607 4100 quod
632 4018 714 4084 hora
732 4025 824 4083 sexta
841 4017 905 4084 (1101
932 4019 992 4101 ipsi
1018 4018 1174 4082 miseruut

43 4145 99 4206 pro
115 4126 221 4200 nobis,
238 4131 272 4190 et
292 4127 444 4191 euntibus
460 4125 554 4192 nobis
570 4127 612 4192 ad
628 4149 788 4211 campum,
804 4127 866 4210 ipsi
891 4126 1039 4192 lecerunt
1055 4147 1111 4190 nos
1129 4122 1174 4188 ibi

43 4239 128 4298 stare.
145 4234 228 4300 bene
246 4233 352 4298 tribus
369 4234 466 4314 horis,
483 4239 658 4316 antequam
675 4255 734 4299 nos
750 4233 897 4298 facerent
913 4253 981 4300 esse
993 4231 1034 4297 ad
1044 4251 1173 4316 presen-

42 4340 120 4404 tiam
140 4363 241 4406 suam.
259 4341 381 4406 Postea
399 4342 516 4406 ivimus
532 4341 574 4408 ad
593 4363 657 4423 eoa,
674 4349 708 4407 et
723 4341 874 4407 dominus
899 4339 1046 4405 Karolus
1073 4339 1174 4404 dixit:

48 4447 211 4530 »Domini,
226 4448 308 4533 quid
334 4451 537 4535 cogitavistis
564 4473 660 4533 snper
676 4451 822 4516 terminis
839 4451 871 4512 in
889 4447 1003 4531 quibus
1022 4448 1174 4512 remansi-

1 4565 2 4620 l
46 4579 115 4620 mim
133 4559 247 4640 pridie,
280 4559 411 4642 qiimido
437 4559 555 4623 suimus
581 4560 703 4624 sinuit«
723 4559 794 4624 Nos
819 4566 926 4623 011011
951 4556 1174 4641 rospondiuus.

1 4679 2 4686 ¹
1011 4663 1067 4730 in*
1162 4646 1167 4663 ¹
