3210 5252
590 389 683 450 1374.
1005 343 1011 352 ι
1148 393 1197 454 =9l
1244 433 1245 438 κ

2 596 9 611 v
87 585 202 649 quoqne
217 567 329 632 iecerit
343 565 447 631 felicis
463 565 682 632 reordstionis
700 565 855 633 Vrbenus
865 567 959 649 Papa
975 567 1015 636 V.
1032 567 1200 652 predeces-

2 664 3 681 ’
87 695 133 740 sor
156 681 278 755 noster;
302 680 336 739 et
361 672 496 739 tandem
520 673 658 739 dilectus
684 672 770 740 filius
794 673 960 756 Magister
985 671 1144 740 Nicolaus
1159 675 1200 742 de

2 853 3 858 ἵ
87 779 205 847 Auxino
229 783 389 850 Notarius
414 789 448 846 et
472 781 674 849 secretarius
699 786 812 848 noster
830 789 969 864 tuusque
986 775 1129 866 devotus,
1145 784 1201 868 qui

87 889 192 958 dictam
214 891 431 957 intentionem
458 911 497 956 ex
523 895 618 974 parte
643 895 758 955 nostra
782 889 968 956 sciscitatus
995 891 1201 974 estanchia,

2 986 17 1048 '-
86 996 165 1061 illam
180 1019 236 1082 per
251 1019 327 1064 suas
344 998 482 1080 litteras,
499 1019 581 1083 quas
606 995 752 1080 vidimus,
767 1017 826 1081 per
842 1017 925 1079 eum,
941 1003 978 1063 ut
994 996 1086 1079 dixit,
1101 998 1201 1064 tradi·

2 1182 5 1199 k
85 1111 129 1170 tes
143 1104 259 1172 dudum
276 1107 399 1172 dilecto
425 1106 492 1172 lilio
518 1104 652 1191 Symoni
668 1105 807 1172 Notario
824 1110 880 1170 tuo
898 1104 940 1171 ad
957 1103 1074 1172 Sedent
1094 1104 1202 1190 Apos-

15 1259 18 1264 -
90 1212 209 1278 tolioam
227 1214 395 1280 destinato
411 1214 509 1280 etiam
519 1213 802 1282 intimari2tamen
814 1213 892 1297 qnia
900 1212 1017 1298 prefati
1026 1211 1203 1280 Ambaxia·

85 1324 160 1384 tores
174 1343 273 1406 super
288 1321 509 1388 declaratione
525 1342 583 1406 per
600 1342 659 1387 nos
675 1321 876 1405 simpliciter,
890 1342 955 1386 non
971 1327 1090 1387 vocata
1105 1329 1199 1406 parte

85 1430 245 1508 nostratia,
265 1430 300 1495 in
316 1449 381 1514 qua
397 1449 534 1513 persone
552 1434 627 1495 sunt
645 1430 763 1515 plnres,
781 1427 821 1494 de
837 1430 917 1511 inre,
930 1429 1021 1514 quod
1036 1429 1097 1496 tibi
1115 1452 1199 1498 com·

11 1591 15 1598 .
84 1543 181 1619 pctore
196 1539 318 1604 asseris
343 1559 440 1622 super
464 1537 601 1623 prelatis
626 1536 742 1622 Regno
769 1543 803 1603 et
828 1536 1023 1622 Principatu
1041 1537 1199 1622 facienda,

2 1667 3 1732 ἦ
83 1643 158 1728 apud
172 1666 230 1712 nos
256 1643 399 1711 fideliter
423 1646 620 1728 institerunt,
635 1645 707 1726 tibi,
723 1645 779 1729 qui
796 1665 829 1710 es
846 1649 973 1712 amator
989 1651 1023 1710 et
1036 1646 1199 1712 ministra-

2 1735 3 1798 ἶ
82 1757 126 1817 tor
137 1753 285 1837 justitae,
312 1759 411 1837 prout
435 1753 557 1820 eisdem
583 1751 886 1835 Ambaxiatoribns
910 1755 1008 1820 etiam
1025 1754 1200 1820 eommuni-

82 1866 145 1926 cato
169 1859 310 1928 fratrum
337 1867 522 1927 nostrorum
547 1863 693 1945 consilio,
709 1860 807 1927 verbo
832 1859 1066 1947 respondimus,
1081 1863 1199 1928 iterum

82 1965 181 2033 harum
199 1969 287 2035 serie
312 1968 569 2052 respondemus:
587 1968 683 2054 Quod
709 1974 807 2054 prout
823 1969 898 2036 'ilua
912 1969 1056 2054 prudens
1072 1965 1200 2036 Sereni-

80 2081 132 2160 tas,
153 2083 184 2142 et
208 2077 258 2143 tni
285 2072 518 2142 Consiliatores
543 2078 577 2142 in
601 2075 684 2143 Jure
708 2077 806 2162 periti
821 2077 972 2162 ignorare
988 2097 1053 2144 non
1070 2075 1198 2159 debent,

83 2183 135 2248 nisi
148 2191 262 2252 vocata
278 2183 369 2250 diota
383 2189 488 2269 parte,
503 2191 537 2250 et
552 2184 728 2254 secundum
738 2187 763 2254 J
764 2206 813 2270 us,
822 2185 866 2252 ad
878 2183 967 2268 qnod
976 2185 1198 2270 astringimur,

83 2288 191 2358 dictam
216 2292 476 2360 declarationem
500 2291 610 2367 iacere
635 2314 700 2360 non
724 2293 877 2361 valemus.
905 2293 951 2358 nt
969 2292 1096 2378 quidem
1113 2293 1142 2358 si
1158 2293 1199 2361 de

79 2405 128 2466 tuo
141 2399 234 2469 leudo
262 2402 401 2470 similem
426 2422 535 2468 casum
563 2402 710 2486 haberes,
739 2402 889 2468 similitor
904 2408 937 2468 te
953 2400 1117 2469 iacturum
1133 2423 1197 2468 non

80 2509 282 2594 ambigimns3
307 2510 385 2594 quia
410 2509 560 2575 similiter
586 2509 692 2576 facere
709 2511 840 2576 teneris.
858 2508 952 2594 Quod
969 2509 997 2575 si
1011 2509 1096 2576 hanc
1112 2510 1198 2574 viam

74 2615 146 2699 juris
160 2619 240 2684 velis
258 2619 424 2702 prosequi,
441 2617 613 2698 offerimus,
629 2626 786 2704 qnantum
804 2620 888 2685 iuste
903 2619 1090 2703 poterimus,
1103 2639 1199 2702 expe-

78 2722 169 2791 ditam
190 2726 361 2812 justiciam
387 2725 583 2793 ministrare.
608 2725 654 2792 Et
678 2727 733 2794 ubi
759 2747 857 2811 snper
873 2724 936 2791 hoe
950 2746 1008 2810 per
1023 2725 1107 2791 viam
1126 2746 1199 2791 con-

78 2831 184 2914 cordie,
200 2837 228 2901 si
244 2834 385 2902 forsitan
401 2834 474 2900 Deo
490 2833 619 2900 favente
635 2835 831 2902 intervenire
847 2840 967 2919 posset,
977 2833 1077 2901 velles
1087 2855 1198 2919 prooe-

77 2939 151 3023 dere,
166 2942 267 3009 etiam
282 2945 316 3007 in
333 2942 396 3008 hac
412 2949 517 3027 parte,
532 2945 559 3008 si
577 2965 635 3010 nos
651 2942 850 3026 requisieris,
866 2941 1029 3008 offerimus
1039 2939 1198 3007 noslabo·

76 3055 194 3118 raturos
210 3051 323 3116 animo
339 3050 532 3134 gratulanti,
549 3055 581 3115 et
596 3051 630 3114 in
647 3051 781 3132 eunctis,
797 3071 859 3132 que
876 3049 1008 3115 honeste
1027 3049 1197 3133 possimus,

76 3157 131 3223 tuis
145 3157 319 3224 desideriis
335 3157 544 3242 complacere.
561 3157 607 3223 Et
623 3163 807 3243 propterea,
824 3179 897 3222 oum
907 3156 948 3223 de
958 3157 1052 3221 iustis
1065 3176 1197 3239 respon-

76 3265 210 3334 sionibus
227 3267 354 3332 nostris
369 3265 508 3350 Regalis
527 3263 721 3333 Sublimitas
738 3264 856 3333 debeat
873 3265 1073 3346 contentari;
1097 3265 1198 3346 piete-

75 3379 131 3438 tem
145 3381 236 3440 tuam
254 3379 288 3441 et
303 3373 517 3457 devotionem,
535 3395 634 3459 quam
645 3375 746 3440 habes
757 3375 800 3440 ad
810 3373 996 3439 Romanam
1006 3371 1197 3457 Ecclesiam,

74 3478 277 3564 deprecamur
294 3483 422 3564 obnixe,
437 3487 597 3566 quatenus
607 3480 742 3548 eandem
753 3481 933 3548 Ecclesiam
951 3502 1014 3547 non
1024 3481 1199 3566 relinquas,

74 3587 121 3654 sed
136 3588 178 3655 ad
194 3589 386 3657 firmitatem
412 3589 460 3654 sui
485 3595 593 3656 slatus
618 3589 697 3656 velis
725 3590 786 3656 sibi
812 3596 927 3656 eontra
941 3610 1016 3655 snos
1032 3589 1141 3655 hostes
1158 3587 1198 3656 do

74 3703 123 3766 tuo
138 3699 312 3784 magnifico
328 3699 461 3782 auxilio,
485 3701 598 3783 ulique
623 3698 684 3765 tibi
709 3698 866 3784 possibili,
879 3697 1075 3780 honorabili,
1091 3698 1198 3763 multi·

73 3806 192 3890 pliciter
217 3807 302 3888 utili,
330 3811 363 3872 et
388 3809 486 3874 etiam
503 3807 592 3891 apud
606 3806 714 3872 Deum
730 3807 910 3888 meritorio,
925 3805 1107 3870 liberaliter
1125 3803 1197 3870 sub-

73 3915 190 3998 renire3
215 3916 358 3981 maxime
376 3937 449 3981 enm
464 3915 577 3981 hostes
593 3915 655 3999 ipsi
667 3919 732 3980 sint
741 3913 904 3982 debilitati
914 3913 1197 3998 quamplurimum,

73 4029 101 4084 et
122 4022 339 4105 probabiliter
363 4022 405 4088 de
431 4023 511 4107 ipsis
538 4024 612 4104 cito,
637 4022 737 4088 dante
762 4020 914 4102 Domino,
938 4022 1062 4104 poteris
1087 4019 1198 4084 trium-

73 4128 188 4214 phare;
213 4137 313 4214 prout
329 4129 389 4197 hee
405 4131 515 4198 omnia
531 4129 629 4196 dictis
648 4128 939 4196 Ambaxiatoribus
955 4128 1083 4212 plenius
1099 4125 1198 4192 verbo

76 4242 294 4324 expressimus,
311 4246 344 4305 et
361 4243 423 4325 ipsi
433 4263 472 4308 ea
481 4241 585 4326 Regia
597 4238 792 4306 Oelsitudini
805 4239 955 4305 seriosius
971 4237 1092 4304 referre
1108 4243 1199 4321 pote-

71 4351 140 4411 runt
158 4348 291 4416 oraculo
317 4349 388 4412 rire
414 4348 512 4414 vocis.
539 4345 692 4414 Ceterum
718 4347 795 4430 quis
821 4346 918 4410 iidem
934 4343 1199 4426 Ambaxiatores‚

74 4455 179 4523 audita
195 4463 309 4524 nostra
324 4456 534 4539 responsione
561 4455 701 4540 prefata,
717 4455 855 4539 quedam
874 4454 912 4519 de
929 4450 1123 4534 Principatu
1140 4451 1199 4518 Sa·

72 4559 146 4630 lsrui
163 4571 197 4628 et
213 4563 349 4632 Honore
366 4563 490 4630 Montis
507 4561 621 4634 Sancti
638 4559 769 4648 Angeli‚
780 4583 904 4629 necnon
921 4559 960 4626 de
978 4559 1198 4626 comitatibus
