3210 5252
610 675 661 734 97.

9 803 11 826 l
91 828 211 914 llppelni
239 831 361 909 Leiezlo',
381 833 406 894 I.
425 833 526 916 Lojoe
542 857 683 920 mappae
708 836 740 897 e's
766 836 889 922 lenpyel
907 837 1019 923 lrirdly
1043 837 1202 923 pellexi-oi

90 935 369 1019 lormdnyzo'jrinol·v
395 940 575 1023 opportuni
600 941 713 1004 lrdbrsri
737 941 873 1006 birtelot
890 947 1045 1028 trirppozo'
1069 945 1201 1007 nddmu'-

541 1071 614 1134 uyo.
640 1052 727 1112 1375

177 1203 214 1268 ln
230 1205 360 1270 nomine
377 1203 509 1270 Domini
523 1204 639 1272 Amen.
650 1209 752 1273 Decet
766 1210 985 1275 Euellendum
996 1211 1197 1293 Principum,

88 1329 196 1376 suornm
230 1311 435 1379 subditorum
468 1316 647 1382 commodis
678 1325 710 1382 et
737 1319 935 1384 utilitatibus
962 1319 1139 1398 intendere,
1165 1323 1201 1380 ut

9 1489 10 1494 ἵ
86 1417 148 1483 dum
161 1440 268 1486 eorum
285 1423 485 1505 profectibus
503 1425 684 1508 inuigilant,
702 1427 788 1510 ipsos
807 1428 838 1491 in
855 1428 988 1492 bonor-is
1005 1427 1053 1490 sui
1071 1445 1197 1509 promo·

9 1557 10 1610 3
85 1526 159 1591 sione
174 1537 204 1594 et
230 1531 375 1614 seruitijs
393 1533 536 1598 sentient
557 1534 785 1616 promptiores.
802 1535 871 1599 Nos
888 1535 989 1618 igilur
1007 1533 1199 1600 vladislaus

9 1619 10 1690 ζ
85 1631 135 1699 Dei
149 1639 256 1717 gretie
271 1637 349 1703 Dux
366 1637 582 1723 Oppoliensis,
595 1640 755 1706 Dominus
767 1643 1006 1724 Wyeluniensis
1025 1651 1058 1706 ot
1075 1641 1195 1706 Russie

9 1735 11 1800 ἓ
84 1747 132 1805 etc.
145 1741 196 1810 Ad
214 1753 407 1829 perpetuum
433 1750 479 1811 rei
496 1750 686 1813 memorium
703 1749 848 1813 volumus
866 1757 978 1814 tenore
994 1750 1196 1832 presentium

9 1837 11 1892 ἶ
83 1849 229 1935 denenire,
240 1854 328 1938 quod
339 1855 493 1938 inspectis
504 1854 652 1922 fidelibus
662 1861 695 1920 et
705 1857 1015 1922 commendabilibus
1032 1856 1195 1938 obsequiis

9 1997 11 2010 ›
84 1957 261 2025 Wasulronis
287 1961 568 2045 Tbeptbuoouir·n,
595 1963 700 2028 lidelis
724 1966 827 2029 nostri
857 1965 978 2046 dilecti,
1011 1963 1105 2029 nobis
1130 1963 1200 2046 plu-

9 2049 10 2054 *
83 2067 181 2132 rimum
207 2069 371 2149 exhibitio,
396 2079 430 2134 et
455 2072 560 2136 adhue
587 2078 682 2136 arieto
708 2073 877 2138 fidelitatis
903 2073 1011 2138 studio
1047 2073 1141 2138 nobis
1167 2079 1198 2135 et

82 2179 184 2242 nostris
201 2178 441 2245 successoribus
463 2179 582 2244 futuris
602 2182 803 2264 temporibus
830 2181 973 2247 erebrius
1000 2181 1198 2248 exhibendis,

82 2291 192 2352 maturo
207 2295 397 2352 nostrorum
408 2287 579 2352 Seniorum
595 2287 769 2371 prehabito
787 2289 932 2370 consilio,
949 2289 989 2354 de
1010 2296 1119 2354 nostre.
1135 2290 1200 2354 ler-

81 2392 178 2472 gitelis
202 2396 432 2462 munificencia
459 2398 591 2480 speciali
608 2398 712 2463 eidem
740 2399 917 2462 Weszlroni
935 2406 965 2461 et
985 2400 1050 2462 suis
1072 2398 1199 2462 heredi-

82 2497 130 2563 bus
152 2503 304 2587 legitimis
329 2510 363 2569 et
388 2506 627 2571 successoribus
654 2505 745 2571 villus
763 2513 904 2584 nostres,
921 2506 1073 2571 uidelicet
1091 2505 1198 2570 Strue-

80 2605 146 2673 lirze
170 2614 200 2676 in
229 2613 392 2680 Districtu
418 2622 527 2680 nostro
548 2615 817 2696 anaenouiensi,
837 2617 1008 2682 Wirnbnsn
1026 2622 1060 2680 et
1077 2614 1199 2681 Mikei-

9 2705 11 2726 *
80 2723 177 2796 tpnene
201 2721 235 2783 in
262 2717 426 2785 Ilistrioln
457 2717 674 2801 Coloniensi,
709 2743 781 2787 cum
815 2721 963 2786 omnibus
995 2729 1028 2786 et
1060 2721 1197 2802 singulis

80 2827 253 2893 eenrmdem
278 2829 499 2912 pertinentijs,
519 2829 648 2911 juribus
675 2835 707 2894 et
736 2829 899 2913 dominijs.
925 2829 1139 2911 proruentibus
1165 2836 1198 2892 et

9 2981 11 2996 ι
80 2932 326 3018 obreptionibus,
357 2935 511 3018 censibus,
555 2935 734 3001 redditibus
767 2945 798 3002 et
832 2937 1068 3016 emolumentis,
1102 2943 1199 3020 prout

78 3038 151 3106 dicte
176 3044 252 3109 rille
278 3050 312 3108 et
337 3065 449 3110 esrum
467 3043 611 3126 quelibet
628 3046 661 3109 in
677 3046 742 3109 suis
761 3047 854 3110 metis
882 3055 913 3109 et
940 3045 1092 3128 grenitijs
1117 3044 1200 3108 limi·

78 3153 135 3216 tote
153 3159 228 3217 sunt
254 3151 594 3218 circumferentieliter
610 3160 642 3218 et
660 3153 822 3234 distincte,
846 3175 918 3218 curn
935 3153 1024 3234 egris
1051 3151 1147 3215 cultis
1164 3158 1197 3215 et

77 3256 204 3342 incultis,
220 3268 253 3326 et
270 3261 311 3324 de
327 3282 411 3326 nouo
428 3259 639 3344 extirpandis,
656 3262 770 3348 protis,
788 3263 925 3344 pesouiS,
937 3260 1048 3344 syluis,
1064 3257 1198 3336 rubetis,

9 3411 11 3428 .
75 3368 200 3452 noricis,
225 3371 420 3449 nemoribus,
443 3369 680 3449 venationibus,
712 3370 991 3454 unerrpetionibus,
1021 3365 1196 3446 montibus,

76 3473 211 3558 collibus,
237 3475 386 3558 uallibus,
412 3477 623 3562 planiciebus,
655 3478 757 3560 rrqrris,
783 3497 984 3561 aquarumve
1001 3473 1199 3554 decursibus,

75 3585 248 3668 ceterisque
280 3586 429 3651 omnibns
456 3593 489 3651 et
521 3583 657 3670 singulis
689 3585 905 3669 pertinentijs,
938 3581 1135 3649 utilitatibus
1167 3589 1197 3646 et

76 3691 297 3775 usulrnetibus,
324 3715 384 3777 pro
410 3696 543 3760 nuncin
560 3695 680 3761 eisdem
697 3693 916 3773 existentibus,
949 3697 1046 3776 prout
1061 3713 1120 3758 nos
1136 3691 1211 3755 soli‘

76 3802 198 3868 eosdem
226 3803 322 3868 rilles
347 3805 509 3869 tenuimus
526 3803 623 3869 etesi
649 3825 769 3884 sumus,
785 3803 884 3868 nullis
901 3801 1029 3885 penitus
1046 3797 1197 3878 exclusis,

75 3907 191 3993 domus,
218 3909 445 3978 confirmamus
472 3917 504 3976 ot
530 3910 688 3976 donemus
714 3910 940 3993 prenominato
965 3906 1144 3972 Weszlroni
1161 3912 1194 3970 ct

74 4019 134 4084 suis
149 4019 325 4087 heredibus
341 4019 496 4100 legitimis
512 4027 545 4083 et
561 4018 803 4085 successoribus
820 4017 1028 4097 hereditarie,
1042 4017 1114 4099 jure
1130 4015 1197 4078 len*

9 4185 11 4198 2
72 4124 140 4207 deli,
166 4151 205 4194 ee
229 4128 385 4194 libertate
411 4133 444 4192 el:
468 4127 707 4207 consuetudine,
735 4149 799 4210 que
825 4126 924 4192 ceteri
951 4125 1056 4190 nostri
1072 4122 1199 4188 rrcsolli

71 4233 149 4300 bona
164 4259 225 4302 sue
240 4239 418 4321 possident,
443 4236 644 4321 temporibus
661 4236 827 4320 perpetuis
844 4233 1069 4320 possidendos,
1085 4236 1195 4295 tenen·

9 4349 10 4352 ’
72 4342 134 4422 des,
150 4343 327 4424 habendes,
338 4344 537 4427 vendendos,
550 4343 751 4426 obligandus,
767 4341 1025 4420 commutandos,
1037 4338 1113 4403 etin
1123 4359 1201 4402 usus

74 4469 142 4516 suos
166 4452 390 4538 beneplacitos
416 4452 661 4520 conuertendes.
697 4451 770 4515 Hoe-
802 4459 911 4517 temen
943 4448 1084 4527 excluso,
1115 4444 1199 4528 quod

9 4625 11 4662 ἦ
71 4560 186 4644 singuli
213 4564 401 4630 cmetbones
426 4561 586 4628 dietarnm
612 4562 762 4627 villorum
782 4560 874 4628 nobis
893 4565 924 4627 ct
941 4560 1062 4623 nostris
1079 4573 1201 4620 succes.

9 4667 11 4674 ,
1053 4665 1092 4726 8,
