3214 5250
638 304 731 365 1386.
1187 306 1250 369 599

112 481 244 546 tatione
262 480 385 564 repleti,
401 487 556 564 quautam
574 501 631 544 nec
657 485 764 544 mente
790 481 966 564 concipere,
991 502 1051 545 nec
1078 481 1249 566 designare

112 587 244 653 calamo
259 588 458 669 valeremus3
473 593 578 653 totum
595 593 743 653 nostrum
759 587 916 671 populum
936 589 1044 652 missis
1071 587 1148 654 hinc
1173 590 1250 655 inde
1351 629 1354 634 ·

21 777 23 798 Ι
112 696 277 780 preconiis
292 695 425 761 fecimus
440 697 657 779 congregrari.
676 694 794 778 Sisque
804 699 947 761 maxima
958 717 1031 761 cum
1043 695 1250 764 solemnitate

20 801 23 862 ἑ
113 805 283 871 celebrato
299 805 428 888 publico
445 806 659 889 parlamento,
677 826 749 870 cum
770 805 901 870 silentio
912 810 945 869 et
955 806 1138 870 attentione
1155 827 1249 873 eune

110 917 225 978 torum
242 912 312 998 fuit,
328 915 486 998 quicquid
503 913 634 997 scripsit
650 910 773 980 Vestra
790 911 965 996 serenitas,
981 915 1163 979 recitatum.
1175 911 1247 998 Que

18 1001 21 1076 l
111 1018 249 1103 quidem
264 1037 373 1087 omnes
389 1029 457 1087 tam
473 1021 625 1087 alacriter
642 1025 847 1104 acceperunt,
861 1020 946 1105 quod
958 1025 1028 1087 toto
1041 1022 1160 1106 populo
1178 1023 1248 1088 sine

110 1128 302 1195 differentia
319 1131 384 1196 suis
401 1151 421 1196 a
436 1131 627 1196 ministeriis
644 1133 859 1215 sequestrato,
887 1127 986 1194 festos
1013 1130 1139 1212 agendo
1168 1127 1246 1214 dies,

110 1239 237 1304 crebris
262 1239 398 1322 ignibus,
423 1237 645 1323 frequentibus
663 1237 860 1324 hastiludiis,
884 1242 918 1302 et
942 1237 1029 1303 omni
1055 1237 1245 1303 celebritate

109 1347 448 1432 triumplri,quantum
460 1347 576 1413 exinde
595 1347 1013 1430 iocunditatisacceperint,
1025 1346 1247 1413 ostenderunt.

108 1453 185 1519 Nec
202 1457 326 1522 mirum.
338 1456 430 1522 'Punc
446 1458 533 1522 enim
549 1457 682 1539 agnovit
698 1455 845 1539 Populus
862 1455 1072 1521 Florentinus
1090 1453 1245 1540 Majesta·

108 1571 181 1628 tem
198 1562 351 1631 Vestram
368 1567 401 1630 in
416 1566 567 1649 Regnum
584 1565 755 1648 Hungarie
777 1583 841 1628 uon
857 1561 1045 1629 dominandi
1063 1561 1244 1647 cupiditate

109 1673 305 1758 profectum,
323 1673 379 1740 sed
394 1681 462 1740 tam
474 1674 676 1759 Reginarum
693 1673 776 1738 votis
795 1679 826 1738 et
843 1672 1002 1756 precibus
1022 1693 1119 1756 quarn
1131 1671 1244 1739 nobili·

107 1803 168 1846 um
200 1782 459 1866 populorumque
495 1779 788 1866 supplicationibus
814 1787 989 1846 evocatum.
1020 1779 1114 1845 Tunc
1138 1780 1243 1864 patuit

108 1890 282 1971 universis,
298 1890 545 1957 Illustrissimas
560 1891 634 1955 illas
651 1888 798 1973 Reginae
814 1907 879 1953 una
895 1910 967 1954 cum
978 1887 1244 1973 RegniProceri·

107 1999 173 2064 bus
191 2004 224 2063 et
240 1999 394 2082 Prelatis,
410 2021 472 2063 non
488 2004 557 2064 tam
574 1997 784 2064 exaltationis
813 2003 919 2061 vestre
944 1998 1061 2080 gratia,
1088 2017 1184 2080 quam
1202 1997 1243 2062 ob

107 2107 326 2172 directionem
343 2112 393 2172 tot
407 2106 607 2189 Regnorum,
624 2105 741 2189 quibus
767 2105 947 2189 fragilitate
972 2110 1090 2170 nature
1118 2103 1243 2171 satisfa-

107 2236 186 2280 cere
202 2234 266 2279 non
282 2215 444 2295 valebant,
461 2217 594 2280 summis
604 2215 670 2280 suis
681 2213 932 2280 necessitatibus
943 2213 1156 2293 consulentes,
1173 2211 1242 2281 Vos

107 2323 155 2389 ad
174 2322 407 2388 exaltationem
425 2324 565 2408 Regiam
582 2324 782 2390 sublimasse.
801 2323 893 2389 Tunc
910 2344 1020 2389 omnes
1048 2323 1242 2389 manifestis-

106 2431 192 2497 sime
209 2439 433 2516 perceperunt,
449 2431 667 2499 Serenitatem
684 2430 840 2499 Vestram
857 2451 921 2496 non
931 2432 1105 2498 contrariis
1126 2431 1242 2498 studiis

106 2541 291 2608 amicornm
308 2543 496 2625 prevalente
512 2543 669 2625 potentia,
687 2541 742 2606 sed
760 2543 793 2606 in
812 2545 1001 2607 cunctorum
1029 2539 1194 2625 suffragiis
1211 2547 1243 2605 et

105 2671 251 2716 assensu·
264 2671 358 2733 super
375 2651 527 2716 thronum
544 2650 693 2734 Regium,
710 2647 799 2733 quod
815 2656 866 2716 tot
886 2649 1068 2716 Provinciis
1085 2651 1242 2732 imminet,

4 2815 6 2820 ,
104 2757 303 2825 ascendisse.
321 2754 351 2822 Ο
367 2758 444 2824 felix
460 2759 621 2842 Regnum,
638 2779 657 2822 o
675 2779 771 2841 super
788 2759 891 2825 omnis
907 2759 1017 2823 mundi
1034 2759 1149 2842 plagas
1165 2757 1241 2824 felix

107 2871 143 2932 et
160 2867 304 2950 gloriosa
321 2865 500 2949 Pannonia,
517 2867 603 2950 quod
620 2867 719 2950 paulo
736 2874 811 2932 ante
827 2867 1022 2932 dissentiens
1043 2874 1076 2931 et
1092 2867 1242 2949 divisum,

101 2977 178 3061 jam
196 2995 297 3059 usque
314 2975 356 3040 ad
373 2975 529 3041 bellorum
547 2975 736 3040 discrimina
760 2973 950 3058 fluctuabat,
977 2997 1063 3039 nune
1079 2976 1241 3056 unanime,

104 3105 196 3148 nunc
211 3085 345 3166 unitum,
363 3084 421 3150 sub
439 3085 511 3149 novi
530 3083 633 3167 Regis
648 3083 818 3149 clementia
837 3084 1020 3166 requiescit.
1046 3080 1118 3167 Que
1145 3083 1241 3149 modo

104 3193 274 3277 peregrini
295 3193 461 3277 sanguinis
483 3192 597 3277 jugum
623 3191 803 3259 formidans
829 3199 862 3257 et
887 3193 1016 3275 trepida
1042 3191 1240 3273 morabatur,

104 3321 196 3366 nunc
211 3299 335 3383 Regem
353 3299 393 3364 de
410 3300 501 3384 Rege
518 3321 584 3384 suo,
600 3300 788 3384 Principem
806 3300 846 3364 de
863 3299 1024 3383 Principe,
1049 3300 1175 3384 Regem
1191 3321 1241 3366 ve·

103 3429 182 3474 rum
199 3408 237 3473 de
252 3408 345 3492 Rege
359 3429 435 3473 vero
451 3409 569 3480 meruit
585 3410 759 3493 accepisse,
777 3407 854 3472 felix
872 3416 904 3474 et
920 3408 1063 3491 gloriosa
1082 3408 1240 3493 profecto.

105 3515 198 3602 Quid
215 3517 300 3580 enim
320 3515 360 3582 de
376 3517 540 3599 preteritis
567 3523 655 3582 rotro
681 3516 888 3600 Principibus
914 3517 946 3584 in
962 3515 1023 3582 hoc
1039 3537 1096 3582 suo
1113 3517 1239 3584 Karolo

104 3625 224 3691 Tertio
240 3624 422 3690 desiderare
438 3627 571 3709 poterit,
588 3625 675 3708 quod
692 3623 752 3692 sibi
772 3645 835 3691 non
852 3625 947 3690 detur
958 3624 1237 3692 abundantissime

103 3731 279 3816 reperire?
295 3735 413 3800 Nonne
431 3736 458 3798 si
475 3734 591 3798 Karoli
610 3733 756 3799 Martelli
773 3734 1159 3818 magnanimitatem,=qui
1175 3737 1239 3817 pri-

102 3863 180 3909 mus
197 3861 235 3906 ex
251 3842 393 3924 glorioso
411 3843 566 3926 sanguine
593 3843 625 3907 in
650 3842 777 3924 Regem
804 3842 976 3927 Hungarie
1004 3845 1124 3910 meruit
1149 3865 1239 3910 coro·

102 3950 191 4030 nari,
206 3949 292 4015 forte
309 3952 468 4033 requirat,
484 3952 516 4014 in
533 3972 616 4016 novo
636 3950 728 4032 Rege
748 3952 909 4035 specimen
929 3950 1017 4016 illius
1034 3951 1167 4017 dabitur
1193 3953 1239 4017 in·

102 4059 202 4125 tueri.
220 4063 274 4124 An
292 4059 413 4143 optime
429 4060 582 4124 memorie
599 4059 719 4126 Karoli
730 4057 880 4126 [imberti
897 4059 1122 4142 tolerantiam;
1139 4059 1239 4125 felici-

100 4175 209 4233 tatem
226 4173 323 4251 atque
341 4167 543 4233 clementiam
561 4167 717 4235 Ludovici
736 4169 819 4234 forte
839 4190 901 4235 non
928 4167 1092 4233 invenient
1117 4170 1149 4234 in
1178 4169 1237 4234 hoo

105 4297 167 4340 sun
184 4274 326 4358 glorioso
344 4274 498 4360 Principe
515 4275 701 4360 refulgere?
718 4277 765 4342 t‘t
781 4277 870 4343 ultra
882 4275 1004 4342 Ducem
1017 4283 1050 4341 et
1060 4276 1234 4342 Dominum

104 4403 201 4452 suum
218 4381 265 4447 nil
281 4383 370 4448 aliud
388 4384 421 4447 in
438 4383 500 4449 hac
517 4385 673 4450 socictate
691 4385 879 4451 mortalium
897 4386 1022 4468 possint
1039 4384 1234 4468 suspirando

101 4491 284 4575 requirere,
296 4489 344 4556 vel
356 4513 415 4576 pro
428 4512 484 4556 siro
496 4490 581 4557 felici
600 4494 768 4575 regimine,
780 4493 805 4558 si
818 4499 905 4558 recte
915 4493 1052 4577 sapiant,
1070 4499 1234 4577 exoptare.
