3182 5252
735 401 971 450 ornuouaozmr
987 389 1155 450 sunnon.

912 695 985 755 320.

383 853 412 920 A
429 856 584 919 velenczei
609 853 890 939 ktiztcr'rrosciynuk
916 853 1048 939 Gytirqy
1072 852 1241 917 corbaoiai
1254 852 1344 938 galf,
1361 878 1383 916 a
1400 853 1512 916 Maria

381 985 521 1050 moyyar
546 963 698 1048 kirctlyne'
723 964 756 1026 e'e
782 961 937 1028 Orleanri
970 961 1070 1046 quor
1086 960 1251 1046 franczia
1277 963 1405 1046 loerczeq
1429 960 1512 1025 lutati

782 1069 1002 1154 hdzassuqrot.
1022 1071 1117 1134 1385.

442 1253 447 1262 ·
489 1229 716 1296 illustrissime
726 1227 882 1312 Prineeps
899 1234 932 1293 et
948 1227 1099 1293 Domine.
1111 1226 1236 1292 Notum
1247 1228 1383 1294 facimus
1394 1225 1513 1297 vestm

386 1337 618 1417 Dominetioni,
635 1336 721 1420 quod
740 1335 883 1401 Domine
910 1343 1022 1402 nostra
1047 1333 1158 1400 Maria
1184 1332 1314 1419 Regina
1340 1336 1514 1419 Hungarie

380 1469 454 1512 cum
471 1445 605 1511 consilio
622 1445 723 1510 totius
753 1443 857 1526 Regni
884 1443 1010 1526 aceepit
1034 1443 1068 1506 in
1099 1441 1273 1507 Dominum
1298 1451 1333 1508 et
1358 1444 1513 1509 maritum

382 1555 548 1619 dominnm
566 1551 766 1618 Ludoriourn
784 1550 918 1616 fratrem
935 1550 1037 1633 Regis
1048 1550 1198 1634 Franoie,
1214 1572 1273 1634 pro
1291 1573 1356 1634 quo
1369 1551 1513 1636 Domino

381 1662 471 1726 missi
488 1666 562 1726 sunt
578 1666 647 1724 tres
664 1657 928 1740 Ambariatores‚
945 1656 1121 1722 Ladislans
1142 1656 1301 1742 Voyroda
1326 1657 1515 1725 'frausino-

380 1792 449 1848 nuS,
466 1767 582 1834 Comes
593 1768 616 1833 J
619 1765 762 1833 ohannes
778 1767 818 1830 (le
829 1765 945 1850 Vegla,
962 1775 996 1831 et
1012 1787 1072 1850 ego
1083 1765 1201 1832 Comes
1215 1761 1378 1850 Georgius
1390 1767 1512 1834 Gorba-

384 1880 443 1959 vie,
458 1878 501 1944 ad
518 1876 763 1944 conducendum
780 1876 886 1959 ipsum
902 1877 936 1939 in
953 1876 1104 1958 Regnum
1116 1875 1300 1959 Hungarie.
1310 1877 1357 1941 Et
1374 1899 1448 1942 ecee
1465 1899 1516 1942 sn·

382 2009 455 2052 mus
472 1987 505 2050 in
522 1985 581 2065 via,
598 1991 631 2050 et
647 1984 767 2049 erimus
778 1983 842 2048 oito
858 1984 892 2048 in
910 1982 1033 2048 Padus.
1050 1980 1162 2047 Offero
1173 2003 1223 2046 me
1234 1981 1277 2047 ad
1288 1983 1516 2049 omniavestra

384 2092 518 2158 servitia
534 2099 568 2157 et
584 2089 747 2156 mandute.
764 2089 889 2155 Dolum
907 2091 939 2154 in
956 2089 1078 2173 Brigne
1096 2087 1148 2153 die
1166 2087 1323 2158 XXVII.
1339 2089 1444 2156 Junii.

924 2195 1089 2280 Georgius
1106 2197 1223 2262 Comes
1244 2195 1418 2280 Conbarie,
1435 2198 1517 2264 Con-

819 2305 963 2370 siliarius
989 2305 1092 2388 Regie
1117 2303 1315 2388 Maiestatis
1341 2305 1517 2371 Ambaxin·

815 2419 867 2479 tor
885 2415 918 2478 in
934 2413 1085 2496 Regnum
1102 2413 1251 2495 Frannie,
1277 2415 1518 2481 recommendat

815 2546 848 2590 se
864 2519 984 2592 Vestro
1001 2521 1234 2588 Dominetioui.
1250 2521 1287 2589 Si
1303 2522 1517 2590 Desideratus

814 2632 857 2696 ad
871 2652 930 2698 nos
946 2630 1071 2695 veniret
1081 2629 1243 2711 Paduam,
1253 2630 1361 2713 ipsum
1378 2630 1517 2696 libenter

814 2738 1006 2803 rideremus.

384 2885 419 2944 (A
440 2884 580 2934 velenezet
602 2883 895 2948 lrormrinytanecsnak
919 2883 1021 2935 »Liber
1045 2881 1322 2933 Secretorumc-eool
1348 2887 1406 2934 110.
1427 2899 1465 2933 ss.
1490 2883 1518 2942 l.)

870 3045 1029 3055 ὐ---ῇ

913 3173 987 3235 321.

385 3333 414 3400 A
431 3336 583 3400 oelenczei
599 3335 942 3421 kormdnytandcennlc
960 3333 1157 3400 intozkedeee
1185 3335 1330 3411 Quirino
1346 3336 1459 3402 Jalrob
1474 3337 1514 3400 el·

559 3443 667 3529 foyott
685 3444 789 3507 ktioete
805 3443 1062 3507 kiazabodoldsu
1079 3442 1224 3529 iiyye'ben.
1245 3446 1341 3508 1385.

493 3603 590 3668 Anno
608 3600 1115 3670 MOCOLXXXV..indiotione
1132 3609 1257 3684 octava,
1274 3603 1327 3669 die
1354 3602 1395 3670 V.
1420 3602 1514 3669 Julii.

387 3713 532 3795 Capta
563 3712 605 3775 in
639 3709 858 3795 Collegio.
887 3709 1091 3778 Desiderato.
1117 3710 1338 3777 Informamns
1363 3731 1404 3792 re,
1430 3712 1519 3794 quod

386 3820 503 3886 nobilis
520 3821 568 3885 vir
585 3842 636 3885 ser
661 3818 809 3886 Jacobus
836 3801 981 3905 Quirino
1006 3821 1085 3885 einis
1110 3825 1220 3885 noster
1245 3801 1517 3886 lnitdestinatns

385 3949 445 4012 per
463 3949 521 3994 nos
538 3927 711 4012 adportes
738 3927 910 4011 Hungarie
936 3949 996 4012 pro
1022 3928 1160 4012 negotiis
1187 3928 1290 3993 nostri
1317 3925 1515 4010 Communis,

387 4036 443 4118 qui
461 4036 615 4101 alacriter
632 4043 664 4101 et
680 4036 766 4101 bono
783 4035 878 4102 eorde
894 4037 953 4101 ivit
970 4034 1013 4100 ud
1038 4036 1205 4102 servitium
1231 4041 1388 4115 nostrum,
1411 4043 1445 4100 et
1470 4059 1518 4101 re·

386 4142 515 4209 deundo
531 4143 689 4214 Venetiae
706 4145 767 4209 fnit
784 4151 898 4229 celitus
915 4166 973 4228 per
990 4150 1102 4229 gentes
1130 4143 1288 4226 Voivode,
1312 4151 1345 4211 et
1362 4145 1446 4209 sient
1463 4146 1519 4210 ha-

387 4250 498 4316 bemus
515 4259 565 4316 est
581 4253 614 4316 in
630 4251 732 4317 fortia
748 4259 780 4317 et
797 4252 946 4318 munibus
964 4253 1040 4316 suis.
1059 4253 1103 4318 Et
1120 4252 1197 4333 quia
1221 4252 1303 4318 feeit
1319 4275 1376 4336 pro
1393 4251 1515 4318 honore

388 4360 492 4424 nostri
508 4357 654 4424 Dominii
671 4381 849 4443 procurare
866 4361 1101 4425 relaxationem
1128 4367 1161 4425 et
1186 4360 1409 4428 liberationem
1435 4361 1514 4424 dicti

390 4466 466 4531 civis
482 4469 602 4549 nostri;
619 4467 850 4533 committimus
867 4466 927 4532 tibi
943 4489 1001 4552 per
1027 4489 1085 4533 nos
1110 4475 1142 4533 et
1157 4473 1306 4533 nostrum
1324 4466 1517 4548 Collegium,

390 4573 549 4643 hebentes
566 4575 607 4642 ed
625 4577 687 4642 hoo
705 4577 926 4662 plenissimam
940 4575 1137 4658 libertatem,
1154 4575 1331 4660 quodcum
1347 4577 1468 4643 nostris
1484 4576 1519 4641 li·
