3172 5254
569 332 680 416 rare.¹
1118 335 1181 396 rrs

1 579 2 600 ,
158 503 367 589 Infrascripti
393 513 467 571 suut
495 507 636 587 articuli,
663 505 703 572 de
733 506 850 589 quibus
867 528 963 591 super
988 507 1026 572 fit
1051 511 1181 590 mentio,

66 613 193 694 porrecti
209 635 268 698 per
285 614 452 680 dominum
468 613 666 681 Generalem
684 641 690 680 :

1 788 2 812 3
157 719 207 786 In
230 723 392 806 primis
409 749 415 788 :
432 721 530 806 Quod
546 726 579 789 in
596 724 683 790 facto
699 745 814 808 guerre
831 733 917 792 mote
935 732 1051 792 contra
1068 726 1182 790 Domi·

1 821 2 870 l
65 851 126 894 num
150 828 268 897 Padus
293 853 356 897 non
379 831 441 897 fuit
457 839 588 898 servata
603 831 710 898 forma
734 835 824 916 pacis
840 835 873 898 in
889 855 937 916 eo,
953 833 1041 916 quod
1060 833 1178 902 Veneti

64 937 230 1019 noluerunt,
246 939 336 1024 quod
352 938 513 1006 Dominus
529 941 625 1026 Papa
640 941 681 1006 de
697 941 756 1006 ills
772 962 871 1007 causa
886 947 1106 1024 cognosceret.

155 1045 265 1113 Item:
283 1045 380 1132 Quod
405 1047 554 1114 dominus
580 1049 653 1115 Rex
674 1050 820 1133 Vngsrie
846 1052 878 1115 in
900 1050 1045 1135 juvando
1072 1051 1177 1133 ipsum

63 1152 221 1220 Dominum
238 1155 355 1223 Padue
371 1179 522 1240 magnam
539 1159 756 1240 quantitatem
772 1159 936 1242 expendit,
947 1165 979 1224 et
990 1160 1040 1224 sui
1059 1179 1179 1241 magna

64 1261 169 1328 danna
185 1265 421 1330 sustinuerunt.
665 1265 670 1276 '

1 1392 4 1432 r
153 1372 239 1438 Item
256 1397 263 1436 :
280 1371 379 1457 Quod
396 1372 560 1455 predictus
585 1371 748 1439 Dominus
770 1372 884 1440 Padus
900 1393 940 1438 ex
956 1372 1044 1439 dicta
1058 1394 1177 1456 guerra

61 1500 167 1562 magna
182 1481 304 1546 damna
319 1501 436 1565 passus
451 1486 510 1545 est.

153 1589 239 1654 Item
256 1613 262 1650 ε
280 1586 377 1672 Quod
404 1589 551 1654 dominus
567 1590 641 1656 Rex
656 1590 690 1654 iu
705 1609 826 1674 magns
841 1588 961 1654 damna
986 1589 1123 1655 incurrit
1138 1611 1176 1654 ex

60 1717 97 1776 eo,
120 1698 206 1779 quod
231 1699 281 1764 sal
306 1719 398 1764 suum
424 1695 510 1780 Pagi
528 1696 649 1764 Veneti
666 1719 730 1762 non
745 1699 984 1781 permisseruut
998 1699 1124 1779 portari
1142 1702 1176 1762 et

60 1807 185 1872 transire
200 1827 260 1889 per
277 1812 391 1888 portus
408 1827 493 1872 suos.

153 1913 238 1978 Item
263 1915 350 1997 petit
374 1913 492 1980 damna
509 1913 602 1978 illata
620 1915 687 1980 suis
704 1913 842 1978 subditis
859 1912 899 1978 de
915 1911 1062 1978 Cathsro
1078 1922 1111 1980 et
1127 1913 1176 1980 Si·

58 2016 158 2084 benico
174 2022 207 2084 in
224 2021 373 2106 partibus
391 2020 569 2088 Solaronie.

150 2129 235 2194 Item
251 2131 335 2213 petit
350 2149 518 2214 expensas,
534 2149 615 2210 eluas
631 2128 709 2193 lecit
725 2129 756 2193 in
773 2130 919 2211 presenti
936 2149 1066 2211 guerra.

151 2237 237 2302 Item
265 2237 388 2320 allegat
412 2239 549 2323 injurias
579 2239 742 2320 irrogatas
768 2236 830 2301 sibi
854 2239 886 2301 iu
912 2235 1174 2319 responsionibus

55 2339 137 2407 laetis
152 2367 212 2428 per
228 2343 376 2410 Venetos
393 2344 682 2410 Ambasiatoribus
700 2345 775 2409 suris.

148 2451 240 2518 Data
266 2452 361 2519 Budc
388 2453 507 2520 XVII.
533 2453 626 2537 Junij
653 2453 738 2517 hora
763 2453 867 2517 noctis
892 2460 1013 2536 quarta
1034 2452 1173 2518 secunde

53 2555 246 2627 Indictionis.
264 2560 431 2628 Credatur
455 2561 506 2626 his
532 2583 594 2645 que
610 2561 733 2644 scripta
751 2567 827 2625 sunt
844 2563 878 2627 in
894 2561 955 2626 hae
970 2560 1077 2642 breve,
1094 2561 1173 2642 quis

1 2670 3 2826 ,
53 2687 117 2733 vers
132 2674 227 2748 sunt;
255 2676 289 2734 et
319 2691 383 2733 non
409 2669 563 2735 credatur
595 2669 691 2734 alteri
722 2668 821 2748 brevi,
853 2689 913 2734 nec
943 2670 1053 2735 littere
1086 2667 1173 2733 bom·

53 2771 143 2841 birine
162 2777 241 2842 date
259 2784 292 2842 et
308 2778 406 2842 misse
424 2776 483 2842 sub
500 2778 718 2842 ostentatione
745 2783 778 2840 et
800 2776 941 2842 cautella
957 2777 1086 2843 celandi
1102 2797 1174 2859 pre·

50 2899 113 2946 sens
128 2885 237 2950 breve.

145 2991 323 3077 Replicsts
340 2992 392 3056 die
409 2990 549 3059 XVIII.
566 2991 661 3076 Junij
680 2993 761 3058 hors.
778 2997 871 3058 sexta
888 2994 1000 3058 noetis.

182 3190 219 3275 9)
246 3188 280 3254 A
305 3190 535 3255 velencrei
559 3188 762 3270 dogenelr
786 3211 806 3254 a
828 3185 1031 3256 kdvetek.

141 3317 362 3385 Sereniesime
378 3319 518 3384 Domine
530 3325 650 3383 noster.
682 3318 861 3383 Lieenciati
878 3338 935 3400 per
951 3317 1090 3395 modum,
1106 3336 1171 3398 quo

45 3428 141 3492 omnia
158 3434 193 3493 et
212 3428 346 3511 singula
370 3429 404 3493 in
429 3427 627 3493 tractatibus
653 3433 727 3492 acta
743 3427 837 3510 plena
855 3427 1041 3509 scripsimus
1059 3422 1172 3488 Domi·

44 3534 157 3601 nationi
183 3535 309 3606 Vestre
334 3557 391 3620 per
418 3536 499 3602 duos
515 3555 665 3602 cursores
681 3535 842 3619 proprios,
858 3533 1106 3618 diligentissime
1123 3533 1169 3596 in-

9 3658 14 3667 ·
42 3643 195 3710 tendimus
223 3644 268 3711 ad
294 3643 489 3724 faciendum,
515 3644 602 3728 quod
627 3649 791 3710 tractatus
822 3644 912 3727 pacis
945 3648 977 3708 et
1007 3643 1171 3708 conclusio

41 3747 132 3830 Ipsius
150 3760 243 3820 esset
259 3761 292 3849 et
308 3751 401 3818 fieret
417 3753 479 3834 hic,
495 3753 677 3818 rationibus
693 3752 813 3834 multis,
823 3759 891 3817 tam
902 3751 990 3834 apud
1007 3751 1169 3816 dominnm

40 3853 193 3942 Reginam
211 3864 375 3928 seniorem
400 3869 432 3928 et
454 3863 626 3946 juniorem,
643 3881 742 3943 quam
758 3882 868 3926 omnes
884 3860 975 3942 alios,
992 3879 1072 3942 quos
1085 3856 1171 3943 judi-

1 4003 3 4084 s
39 3973 171 4037 cavimus
187 3993 290 4056 posse
305 3972 462 4056 proficere
477 3974 512 4038 in
529 3971 591 4036 hoc
607 3970 703 4036 facto.
731 3968 847 4053 Sisque
864 3992 903 4035 ex
920 3970 1032 4035 studio
1049 3975 1083 4033 et
1098 3967 1171 4032 dili·

1 4087 2 4162 l
39 4081 141 4157 gentis
165 4083 202 4148 in
230 4081 295 4146 hoc
321 4079 435 4146 habita
460 4079 609 4144 dominus
626 4078 699 4142 Rex
715 4077 768 4142 die
784 4077 875 4158 XX,
893 4085 929 4142 ut
945 4078 1113 4156 sensimus,
1130 4076 1169 4142 de

1 4166 2 4208 l
39 4181 229 4274 Visegrado,
258 4189 313 4254 ubi
339 4194 419 4269 erat,
446 4187 583 4270 scripsit,
610 4186 699 4270 quod
715 4191 885 4252 contentus
901 4193 981 4266 erat,
998 4183 1085 4267 quod
1102 4186 1169 4267 ipse

38 4294 192 4364 tantus
211 4299 316 4382 pacis,
333 4303 367 4362 et
385 4299 455 4380 ipsa
471 4316 536 4379 pax
551 4299 751 4361 tractaretur
767 4301 801 4360 et
816 4293 910 4359 fieret
928 4294 1002 4374 hic;
1026 4299 1170 4358 tractan-

5 4428 10 4437 ·
39 4401 75 4468 do
89 4415 120 4472 et
137 4408 345 4492 disponendo
372 4408 469 4473 istam
485 4429 598 4492 paoem
614 4428 684 4472 cnm
711 4406 852 4472 Baronis
869 4407 935 4471 suis
951 4425 1011 4490 pro
1028 4405 1099 4486 ipso
1116 4402 1172 4468 do·

37 4515 117 4581 mino
134 4517 241 4602 Rege,
259 4522 293 4581 eb
309 4537 383 4580 curn
399 4516 474 4600 alijs
491 4516 654 4599 colligatis
671 4515 747 4596 suis,
762 4514 958 4580 habentibus
978 4513 1171 4579 mandatum

1003 4618 1063 4688 12*
