3190 5252
457 428 523 514 dol
811 449 1044 509 armonicam
1063 431 1229 508 aurdanu.

458 625 684 691 victualiorum
698 622 782 708 (igy)
798 628 830 688 et
846 628 1045 688 commeatus
1060 622 1180 705 inopia,
1190 620 1256 686 sive
1266 625 1303 684 ut
1313 617 1460 684 liberiore
1470 635 1575 698 campo

458 740 591 817 possent
606 733 807 798 territorium
816 739 963 798 nostrum
980 730 1142 812 invadere,
1154 729 1311 812 Princeps
1326 725 1497 808 antefatus,
1512 745 1576 788 eum

457 841 606 907 omnibus
632 841 776 924 gentium
803 841 914 925 copiis,
940 839 1130 906 Senensium
1154 838 1234 903 fines
1254 834 1390 917 invadit,
1406 839 1437 898 et
1453 833 1577 898 afflictis

458 948 616 1014 tratribus
633 950 754 1014 nostris
771 947 976 1030 Senensibus,
987 947 1227 1032 compulsisque
1238 943 1280 1010 ad
1291 945 1482 1010 solutionem
1498 947 1578 1005 certe

458 1057 654 1140 quantitatis
671 1057 805 1146 pecunie
830 1056 1021 1122 Reverendo
1041 1055 1137 1122 Patri
1154 1055 1283 1120 domino
1298 1053 1325 1120 J
1326 1053 1468 1119 auriensi
1491 1050 1580 1115 certis

458 1165 498 1231 de
514 1167 621 1232 causis
637 1164 828 1246 faciendam,
844 1187 878 1231 se
894 1166 1013 1230 iterum
1030 1167 1062 1229 in
1079 1171 1223 1232 nostrum
1240 1161 1443 1230 territorium
1459 1179 1580 1226 conser-

458 1279 579 1354 terunt‚
607 1278 638 1338 et
665 1296 737 1339 cnm
762 1271 866 1357 regali
892 1272 1010 1338 vexillo
1032 1279 1122 1338 totus
1138 1271 1307 1352 exercitus,
1324 1276 1358 1336 et
1372 1267 1581 1354 personaliter

457 1380 607 1448 dominus
624 1380 781 1464 Karalus,
798 1380 831 1444 in
857 1382 979 1446 nostris
1004 1379 1123 1444 finibus
1148 1385 1257 1444 castra
1282 1383 1418 1462 ponunt,
1444 1383 1477 1442 et
1498 1377 1582 1440 iusta

458 1487 715 1569 Podibonizium,
739 1493 839 1570 atque
866 1486 1047 1571 Staggiam,
1073 1487 1137 1553 duo
1154 1493 1270 1552 nostra
1284 1485 1396 1551 valida
1411 1483 1539 1571 oppida,
1552 1485 1581 1547 in

457 1596 571 1662 limine
587 1603 697 1661 nostre
714 1594 851 1660 dicionis
878 1595 994 1679 posita,
1020 1600 1238 1678 campestrem
1262 1593 1390 1676 eligunt
1406 1595 1581 1659 stationem.

456 1702 550 1768 Tunc
584 1702 722 1782 demum,
738 1701 985 1767 clementissime
1000 1701 1165 1785 Princeps
1190 1700 1233 1766 ad
1257 1721 1364 1765 veram
1391 1706 1424 1766 et
1443 1706 1581 1783 apertam

456 1809 538 1876 belli
555 1809 670 1876 faciem
696 1815 745 1875 est
769 1815 967 1893 perventum,
984 1831 1049 1875 non
1066 1808 1170 1874 solum
1185 1808 1229 1874 ad
1244 1807 1371 1892 predaS,
1397 1809 1502 1890 cedes,
1517 1828 1580 1890 cap

458 1925 551 1984 turas
578 1925 611 1984 et
637 1918 827 2001 sanguinem
855 1915 1077 2000 procedendo;
1094 1917 1151 1984 sed
1168 1918 1265 1982 etiam
1282 1923 1393 1982 castra
1409 1923 1520 1982 nostra
1533 1921 1579 1997 op'-

458 2026 658 2109 pugnatione
682 2022 851 2090 tentando,
878 2024 944 2090 Sed
960 2025 1039 2108 quia
1054 2023 1164 2090 valida
1179 2046 1277 2090 manu
1293 2031 1424 2109 gentem
1441 2030 1576 2090 nostram

457 2133 637 2198 feceramus
663 2133 696 2196 in
721 2132 789 2198 illis
814 2132 965 2216 partibus
991 2133 1193 2216 congregari,
1209 2139 1242 2198 et
1258 2132 1376 2198 nedum
1403 2154 1463 2218 pro
1482 2130 1578 2197 delen-

459 2243 549 2307 sione
565 2246 729 2306 terrarum
755 2240 956 2324 pugnabant,
982 2241 1038 2306 sed
1064 2241 1161 2306 etiam
1188 2241 1357 2324 eruptione
1373 2239 1471 2321 facta,
1486 2237 1576 2304 sicubi

458 2349 543 2415 foret
559 2371 640 2433 opus
657 2351 692 2414 in
707 2351 810 2415 aciem
827 2349 1055 2434 procedebant,
1071 2355 1103 2414 et
1120 2349 1196 2433 quia
1206 2351 1386 2415 amicorum
1402 2355 1575 2414 nostrornm

459 2457 591 2522 auxiliis
616 2458 761 2540 quotidie
787 2463 966 2543 apparatus
1002 2463 1187 2523 nostrarum
1220 2458 1364 2542 gentium
1390 2456 1574 2541 augebatur3

459 2562 707 2647 desperantibus
721 2565 790 2649 jam
801 2563 997 2630 adversariis
1013 2584 1072 2629 nos
1083 2585 1177 2648 posse
1188 2563 1227 2629 de
1243 2563 1333 2629 facili
1344 2563 1499 2648 superari,
1508 2571 1574 2627 tnnc

458 2671 587 2737 demum
603 2672 752 2739 dominus
767 2673 964 2754 Jauriensis,
980 2674 1129 2740 dominus
1149 2673 1324 2739 Ladislaus
1350 2673 1472 2754 Bonus,
1483 2671 1574 2736 Fran·

458 2778 728 2846 cischusDentici
746 2782 785 2846 de
802 2780 953 2864 Neapoli,
969 2788 1002 2846 et
1019 2781 1168 2847 dominus
1188 2781 1367 2849 Baldassar
1386 2781 1426 2847 de
1444 2778 1574 2865 Spinolis

460 2887 554 2973 (igy),
565 2909 637 2954 cnm
648 2891 872 2954 commissione
889 2889 1010 2973 prefati
1023 2889 1196 2973 Principis,
1213 2890 1255 2956 ad
1271 2897 1418 2956 nostram
1434 2887 1589 2973 presenti-t

460 3017 513 3061 am
528 3005 750 3079 accesserunt,
775 2998 988 3081 pluribusque
1000 2998 1113 3064 diebus
1134 2997 1260 3081 digesto
1271 3003 1427 3078 tractatu,
1437 2999 1468 3062 in
1480 3003 1576 3062 certas

462 3087 691 3169 conventiones
711 3103 852 3169 finaliter
868 3111 916 3169 est
934 3126 1135 3170 consensum
1153 3101 1300 3188 Quarum
1316 3105 1446 3189 quidem
1461 3125 1576 3170 summ*

461 3209 533 3294 fuit,
549 3211 635 3293 quod
651 3212 727 3277 hinc
742 3212 818 3277 inde
828 3211 962 3277 deberet
972 3211 1203 3278 offensionibus
1213 3212 1370 3278 abstineri
1383 3239 1390 3296 ;
1406 3211 1574 3298 qucum

461 3317 649 3402 Princepsa
666 3339 700 3384 se
715 3323 843 3385 nostros
861 3318 1040 3385 dimitteret
1065 3321 1265 3404 exbannitos,
1291 3343 1350 3387 nec
1366 3323 1453 3405 ipsos
1469 3321 1571 3386 debes

461 3447 576 3510 secum,
587 3432 644 3492 ant
664 3429 696 3491 in
707 3427 774 3492 suis
791 3430 888 3493 terris
904 3429 1039 3495 ulterius
1055 3437 1244 3513 receptare;
1270 3431 1355 3514 quod
1372 3452 1407 3495 se
1422 3431 1459 3496 de
1475 3430 1561 3512 aliqu

459 3539 547 3598 terra
559 3532 686 3616 Tuscis,
697 3535 747 3600 vel
764 3541 875 3602 nostro
885 3537 1050 3603 territorio
1061 3535 1252 3620 confluente,
1262 3538 1445 3604 nullatenus
1453 3533 1559 3620 impedi

461 3646 521 3704 ret.
537 3641 583 3705 Et
593 3661 632 3706 ex
642 3660 765 3722 averso,
785 3642 871 3726 quod
888 3644 986 3727 ligem
1003 3652 1117 3711 contra
1134 3645 1288 3714 Vestram
1305 3645 1508 3730 Majestatem
1522 3667 1555 3708 nn

462 3755 577 3814 contra
596 3747 763 3817 Summum
779 3751 985 3838 Pontificem,
1001 3753 1050 3818 vel
1066 3759 1179 3819 contra
1196 3755 1313 3838 ipsum,
1330 3754 1418 3821 nullo
1442 3761 1539 3836 tempo
1559 3782 1561 3801 ι

460 3876 534 3920 cum
544 3853 1016 3943 dominaReginaJerusalem,
1026 3867 1084 3924 aut
1094 3859 1159 3925 alio
1170 3882 1363 3946 quocunque
1373 3861 1516 3946 Principe
1530 3859 1543 3923 s

460 3985 616 4030 caremus
634 3965 672 4030 In
684 3988 747 4049 quo
763 3967 916 4052 capitulo,
933 3968 1194 4035 Clementissime
1204 3970 1372 4055 Princeps,
1382 3971 1455 4053 quia
1464 3977 1523 4036 ten
1549 3965 1555 3979 '

459 4079 511 4136 ter
527 4072 589 4138 hoc
598 4077 761 4158 petebant,
772 4099 830 4142 nos
841 4079 989 4160 oportuit
998 4077 1191 4144 consentire.
1201 4077 1272 4145 Nec
1282 4078 1405 4164 profuit
1421 4079 1496 4163 repli
1518 4105 1523 4133 τ
1550 4122 1554 4131 =

460 4180 546 4262 quod
557 4179 647 4246 facta
656 4183 830 4248 concordia
840 4206 904 4249 non
915 4193 988 4250 erat
997 4170 1225 4266 necessarium,
1235 4208 1294 4251 nos
1310 4187 1351 4254 ad
1370 4185 1549 4252 renuendas·

459 4286 541 4354 dera
556 4309 614 4372 per
624 4292 854 4357 conventiones
870 4291 1083 4377 adstringere,
1093 4315 1156 4379 que
1167 4295 1288 4378 plurios
1299 4297 1455 4379 requisiti,
1471 4295 1550 4361 ode

459 4403 490 4459 et
501 4394 588 4460 bello
598 4399 727 4481 tentati,
743 4399 904 4466 noluimus
920 4401 1021 4466 etiam
1037 4401 1170 4484 optimis
1188 4401 1426 4468 conditionibus
1439 4423 1525 4485 accep

460 4525 511 4582 re3
536 4503 592 4568 sed
603 4508 785 4586 cogitantes
802 4529 861 4572 nos
878 4507 919 4571 ob
935 4515 1119 4590 presentem
1134 4509 1287 4593 injuriam
1305 4514 1490 4578 necessitate
1503 4535 1537 4596 qn

460 4612 534 4678 dam
545 4614 670 4696 debere,
687 4625 719 4681 et
726 4618 907 4701 justissime
917 4640 1011 4701 posse
1022 4639 1041 4681 a
1052 4617 1145 4682 solite
1156 4618 1335 4686 devotionis
1346 4622 1456 4688 habitu
1477 4623 1533 4687 der‘
