3248 5242
398 341 462 408 ’104
751 360 985 411 0000000001
1003 347 1168 410 aurnuns.

396 523 532 589 candem
548 529 692 588 nostram
711 522 845 589 Curiam
861 529 949 588 tonte
967 532 999 588 ot
1016 547 1161 608 possesso
1178 543 1363 605 currensque
1380 523 1530 600 fuenmt,

397 631 536 697 decerta
549 639 662 698 nostra
672 635 808 698 seientia
818 639 851 697 et
861 655 931 699 eum
949 657 1104 699 consensu
1114 639 1144 698 el
1157 633 1332 699 autoritate
1344 632 1404 698 stb.
1414 640 1531 697 nostre

397 763 480 806 none
496 749 526 806 et
539 742 764 808 irrenocabilis
780 742 966 806 ‹lanationis
983 743 1087 824 titulo,
1102 744 1195 806 iuxta
1210 764 1303 806 usum
1315 746 1347 807 et
1358 747 1527 806 consuetu·

398 849 505 913 (linoln
522 849 629 933 Regni
656 853 757 915 nostri
775 852 946 934 Hungarie
974 858 1086 916 tenore
1103 851 1300 934 presentium
1319 850 1530 916 concedimus

398 963 431 1023 et
447 957 614 1040 donamus,
631 981 689 1044 por
715 960 852 1025 eundem
878 959 1070 1042 Dragissam
1096 965 1128 1023 et
1154 959 1258 1023 dictos
1284 979 1359 1024 suos
1391 958 1532 1025 heredes

398 1065 575 1132 inmediate
602 1074 633 1132 et
659 1068 692 1131 in
718 1069 824 1151 capite
851 1093 870 1132 a
897 1069 987 1134 nobis
1013 1074 1046 1131 et
1078 1067 1199 1132 nostris
1229 1069 1261 1131 in
1291 1067 1379 1133 dicto
1410 1065 1532 1150 Regno

399 1183 511 1241 nostro
527 1177 701 1258 Hungarie
728 1176 903 1241 heredibus
929 1185 961 1240 et
985 1175 1232 1255 successoribus,
1249 1175 1307 1241 sub
1333 1174 1482 1258 seruitijs
1499 1183 1532 1239 et

399 1282 681 1366 recognotionibus
699 1283 759 1347 stb.
776 1284 865 1348 Data
891 1282 1009 1349 Gaiete
1034 1285 1068 1347 in
1094 1282 1244 1348 absentia
1263 1282 1447 1366 Logothete
1468 1287 1529 1346 etc.

399 1413 459 1476 per
484 1392 589 1456 virum
620 1391 760 1456 nobilem
789 1391 957 1456 Donatum
989 1391 1029 1456 de
1054 1391 1171 1457 Aratio
1189 1397 1248 1457 etc.
1278 1413 1363 1455 anno
1388 1390 1529 1455 Domini

400 1497 742 1565 MOOCLXXXXI.
767 1497 819 1564 die
844 1501 981 1583 septimo
1007 1500 1125 1566 mensis
1157 1499 1253 1584 Jullij
1286 1499 1532 1584 quartedecime

405 1608 602 1688 indictionis
618 1606 809 1691 Regnorum
826 1614 1011 1673 nostrorum
1027 1630 1112 1673 anno
1128 1607 1170 1674 V.

401 1756 436 1816 (Α
451 1756 588 1819 ›Registri
603 1754 751 1818 Angioini«
765 1758 824 1803 362.
838 1770 874 1804 sz.
889 1769 914 1803 0.
928 1754 958 1803 Β.
973 1753 1116 1803 ktltetebol
1128 1754 1196 1817 Reg.
1208 1751 1329 1802 Lauislai
1340 1752 1424 1817 Regia
1438 1751 1535 1814 65.1.;
1605 1771 1606 1784 2

664 1859 696 1894 az
710 1845 784 1894 olasz
797 1845 849 1894 tir.
863 1844 976 1909 napolyi
989 1859 1061 1909 nagy
1076 1843 1268 1906 levtlta'rbon.)

880 2150 883 2156 ’
931 2177 1006 2238 40.

404 2341 434 2404 A
451 2299 604 2404 001000κεί
620 2338 849 2426 kormaetayaalc
872 2338 1118 2422 pondoslcoddea
1136 2361 1157 2402 0
1175 2359 1317 2422 moqyor
1336 2335 1531 2400 koroactonl:

688 2447 836 2524 finetendb'
852 2451 941 2512 7000
957 2447 1126 2534 araayrdl.
1152 2447 1248 2510 1391.

514 2607 612 2673 Anno
637 2605 973 2674 MOOOLXXXXI.
1000 2607 1051 2671 die
1077 2608 1178 2672 tercio
1196 2605 1347 2690 Augusti.
1365 2603 1533 2688 Capta:

407 2716 492 2802 Quia
509 2740 567 2801 per
584 2718 721 2783 sormam
748 2719 837 2801 pacis
864 2716 990 2784 firmate
1009 2738 1080 2782 cum
1099 2717 1228 2782 domino
1244 2715 1338 2799 Rege
1356 2721 1387 2779 et
1403 2713 1535 2778 Corona

406 2827 579 2909 Hungarie
596 2849 653 2891 nos
671 2824 730 2891 sub
747 2847 830 2909 pena
847 2826 878 2890 in
896 2824 955 2890 illa
970 2846 1049 2909 pace
1069 2830 1225 2890 contenta
1240 2831 1387 2888 tenemur
1404 2829 1438 2887 et
1453 2822 1535 2887 obli-

407 2935 477 3019 gati
494 2956 604 3000 sumus
621 2933 749 2998 mittere
777 2935 863 2999 omni
890 2955 974 2998 anno
994 2933 1135 3000 Jadram
1151 2931 1284 2999 infesto
1302 2929 1414 2996 Sancti
1432 2930 1535 3014 Regis

408 3041 567 3126 Stephani
584 3040 666 3108 XX.
684 3041 736 3106 die
752 3043 871 3107 mensis
887 3040 1031 3124 Augusti
1057 3042 1191 3108 ducatos
1208 3047 1331 3125 septem
1346 3040 1436 3106 mille
1452 3042 1537 3118 auri,

408 3152 463 3234 qui
479 3152 635 3216 terminus
661 3157 710 3215 est
736 3150 828 3215 valde
853 3171 964 3234 prope,
986 3152 1033 3215 ita
1049 3149 1135 3235 quod
1152 3156 1200 3215 est
1217 3150 1346 3215 omnino
1362 3148 1538 3232 prouiden-

324 3311 325 3314 ,
409 3259 485 3324 (lum
512 3259 552 3323 de
578 3259 736 3323 mittendo
763 3258 884 3322 dictam
910 3259 1082 3342 pecuniam
1098 3259 1141 3325 ad
1157 3260 1262 3343 ipsum
1279 3259 1451 3324 terminum
1469 3265 1537 3324 tam

410 3389 472 3450 pro
497 3365 619 3432 honore
645 3374 766 3449 nostre,
793 3389 887 3450 quam
913 3389 973 3451 pro
999 3387 1062 3432 non
1088 3365 1350 3433 contrafaciendo
1375 3368 1448 3449 paci
1466 3388 1537 3450 pre·

409 3473 503 3540 dicte.
520 3475 564 3540 Et
583 3477 665 3539 sicut
682 3483 732 3541 est
749 3481 861 3540 notum
879 3476 961 3541 alias
977 3475 1088 3560 vigore
1107 3475 1270 3542 libertatis
1285 3475 1398 3540 habite
1414 3475 1455 3541 ab
1473 3477 1537 3548 isto

411 3582 557 3649 Consilio
584 3581 767 3668 Collegium
793 3584 935 3668 Domini,
961 3581 1537 3668 000011000000,0000000180·
1605 3581 1606 3584 '

411 3693 555 3775 pientnm
573 3691 744 3756 ambarum
755 3714 908 3758 manuum
925 3693 1198 3773 determinaverit=
1214 3693 1301 3776 quod
1316 3694 1357 3759 de
1374 3693 1469 3758 certis
1485 3693 1537 3758 de

386 3835 390 3848 ·
411 3801 512 3864 nariis
528 3800 614 3884 apud
631 3800 823 3867 Pronieores
851 3802 952 3866 nostri
979 3799 1171 3866 Communis
1188 3807 1277 3866 certa
1293 3822 1391 3866 causa
1407 3803 1469 3866 emi
1486 3802 1536 3866 de-

411 3905 525 3974 berent
550 3909 742 3993 imprestita,
767 3932 830 3993 que
855 3911 961 3975 adhuc
979 3917 1065 3976 emta
1082 3932 1145 3976 non
1163 3916 1237 3977 snnt
1252 3936 1258 3994 3
1282 3912 1330 3975 ita
1347 3910 1433 3994 quod
1448 3909 1536 3994 apud
1605 3935 1606 4018 l

411 4016 500 4099 ipsos
517 4017 709 4086 Prouisores
736 4024 811 4084 sunt
838 4019 947 4085 ducati
965 4021 1110 4103 quinque
1126 4020 1216 4085 mille
1233 4020 1273 4085 de
1289 4019 1376 4085 dicta
1390 4021 1534 4098 ratione3
1605 4027 1606 4052 ¹

411 4124 502 4188 vadit
517 4147 605 4207 pars,
623 4127 709 4209 quod
735 4151 799 4193 non
825 4129 992 4211 granando
1021 4134 1143 4193 terram
1161 4128 1235 4193 aliis
1253 4129 1344 4194 nouis
1358 4129 1534 4212 imposicio-

413 4231 517 4316 nibus,
534 4235 620 4316 quod
635 4243 768 4318 propter
793 4237 890 4301 istam
917 4259 1046 4302 cansam
1071 4235 1149 4300 dicti
1168 4237 1309 4319 quinque
1325 4237 1412 4302 mille
1429 4235 1532 4301 ducati

415 4340 517 4422 accipi
542 4343 669 4424 possint
694 4365 754 4426 pro
781 4365 872 4427 nnnc,
890 4353 922 4410 et
949 4345 1004 4409 alii
1032 4341 1140 4408 ducati
1157 4343 1221 4408 duo
1237 4343 1326 4408 mille
1341 4343 1379 4408 de
1396 4343 1531 4408 denariis
1605 4415 1606 4428 χ

417 4445 616 4513 additionum
634 4448 796 4515 datiarum
813 4452 875 4534 ipsi
893 4449 1010 4518 Officio
1026 4451 1276 4517 commissorum.
1302 4449 1388 4534 Quia
1403 4452 1468 4516 alia
1486 4452 1530 4514 sio
1605 4445 1606 4470 ³

1578 4847 1607 5202 j
