3172 5254
1471 27 1583 298 κ.

422 301 485 360 192
651 377 654 384 .
777 311 1010 356 nrvnouacarsr
1028 299 1194 357 1111111111.

416 483 494 555 tam,
509 473 599 538 illam
610 470 1102 550 lacere1·ecurarunt;dicentes,
1119 473 1206 555 quod
1223 471 1284 538 hoc
1301 495 1366 539 non
1383 473 1533 538 habebant

418 584 450 646 in
472 580 633 646 mandatis
658 601 678 644 a
706 577 881 662 Magnifico
908 576 1038 643 domino
1064 577 1244 646 Benedicto
1271 580 1453 665 Capitoneo
1477 603 1535 646 suo.

417 687 576 755 Similiter
592 689 716 771 requiri
740 687 875 752 fecimus
901 685 1066 753 dominum
1089 685 1213 770 thus,
1230 691 1286 773 qui
1302 690 1414 755 dicens
1430 690 1469 755 ad
1485 689 1534 755 hoc

417 818 482 862 non
498 796 596 862 luisse
614 795 816 880 deputatum,
833 800 975 861 scortam
991 796 1094 860 noluit
1115 818 1280 881 nunqnam
1297 795 1386 863 dare.
1413 799 1535 883 Requiri

415 907 514 972 etiam
531 903 664 970 fecimus
676 900 895 987 Capitoneum
912 902 1009 987 hujus
1025 903 1097 986 loci,
1114 905 1170 988 qui
1186 905 1278 972 nobis
1288 904 1353 971 dici
1365 904 1450 988 lecit,
1461 904 1533 989 quod

416 1015 443 1080 si
459 1014 613 1080 vellemus
639 1014 688 1076 ire
713 1008 859 1096 Utinum,
886 1012 979 1078 nobis
995 1011 1078 1077 bene
1095 1018 1237 1079 scortam
1252 1012 1383 1094 faceret,
1399 1035 1470 1080 oum
1486 1015 1533 1078 hoc

416 1121 538 1187 habeat
554 1122 587 1186 in
603 1118 767 1184 mandatis
783 1139 803 1183 a
819 1119 950 1185 domino
982 1118 1199 1200 Patriarcha;
1223 1119 1266 1184 ad
1278 1120 1345 1186 alia
1356 1127 1464 1186 autem
1474 1123 1533 1187 loca

416 1231 554 1311 minime,
580 1229 657 1311 quia
681 1227 742 1292 hoc
766 1227 874 1292 facere
892 1250 955 1292 non
972 1235 1081 1310 posset
1098 1249 1171 1293 cum
1187 1227 1309 1295 honore
1326 1251 1393 1295 suo.
1410 1229 1534 1314 Propter

414 1337 494 1420 quid
508 1335 709 1401 tardavimus
725 1337 812 1400 viam
829 1343 984 1417 nostram,
1000 1335 1179 1401 scribentes
1195 1336 1384 1402 immediate
1400 1337 1533 1422 predicta

416 1445 550 1510 domino
566 1443 764 1524 Benedicto;
781 1450 815 1509 et
840 1451 1003 1528 rogantes,
1019 1451 1056 1510 ut
1072 1444 1163 1512 illam
1179 1451 1319 1512 scortam
1335 1446 1430 1512 nobis
1446 1447 1533 1524 daret,

414 1559 450 1619 ut
463 1574 632 1637 possemus
657 1554 705 1618 110
731 1552 774 1617 ad
798 1553 905 1618 locum
922 1559 1066 1618 nostrum
1083 1554 1283 1636 predictum;
1309 1556 1401 1640 cujus
1417 1576 1531 1639 respon-

414 1666 534 1729 sionem
552 1659 799 1745 expeotebimus.
831 1661 988 1727 Predicta
1003 1667 1113 1727 autem
1140 1661 1340 1728 Excellentie
1357 1660 1472 1731 Vestra
1486 1684 1531 1726 no·

413 1777 448 1836 ta
465 1769 612 1852 facimus,
629 1775 665 1834 ut
681 1771 752 1853 ipsa
770 1771 901 1850 sentiat,
919 1791 981 1853 que
997 1792 1055 1853 per
1071 1791 1131 1836 nos
1147 1777 1221 1836 acta
1242 1777 1327 1853 sunt,
1344 1778 1378 1837 et
1392 1771 1475 1856 quod
1489 1793 1531 1835 or·

414 1879 504 1945 diuet
520 1879 605 1945 sicut
620 1878 725 1943 eidem
742 1877 906 1944 videbitur
924 1884 958 1944 et
975 1880 1127 1962 placebit.
1148 1877 1250 1945 Sacili
1266 1878 1373 1945 XIII.
1391 1879 1529 1964 Augusti.

546 2077 601 2162 10)
629 2076 657 2140 Α
684 2074 1414 2158 1010111101(1030101111101011.
1516 2031 1520 2036 =

522 2201 733 2268 serenissime
757 2201 898 2267 Domine
924 2209 1035 2268 noster
1053 2228 1059 2266 :
1076 2203 1140 2269 Die
1165 2204 1335 2269 undecimo
1364 2205 1529 2289 recepimus

412 2311 542 2377 litteras
559 2333 579 2376 a
596 2311 727 2377 domino
743 2311 883 2392 Karolo,
901 2313 957 2393 qui
973 2311 1131 2395 applicuit
1147 2309 1283 2378 Utinam
1294 2313 1347 2378 die
1357 2321 1467 2378 octavo
1480 2311 1527 2374 hu·

408 2420 462 2503 jus
477 2421 595 2485 mensis
612 2421 646 2486 in
663 2421 814 2504 vesperis
838 2421 1044 2503 responsivas
1067 2421 1110 2486 ad
1126 2428 1275 2503 nostras,
1300 2444 1436 2506 quarum
1452 2420 1526 2502 copi·

412 2549 464 2592 am
488 2528 713 2594 Dominationi
737 2526 858 2596 Vestro
882 2529 1041 2594 mittimus
1072 2531 1280 2612 presentibus
1320 2529 1526 2595 introclusam.

412 2635 538 2720 Quibus
553 2637 675 2704 litteris
691 2637 767 2702 visis
786 2635 1035 2702 deliberavimus
1046 2637 1199 2705 reducere
1216 2658 1274 2702 nos
1292 2639 1325 2702 in
1343 2635 1528 2714 Seravalum,

410 2747 461 2812 vel
478 2745 713 2830 Coneglanum,
738 2752 806 2811 tam
824 2747 902 2828 quia
918 2748 1053 2830 propius
1071 2769 1214 2813 essemus
1232 2748 1303 2812 istis
1320 2747 1472 2831 partibus,
1488 2764 1527 2806 se·

410 2855 552 2921 cundum
568 2853 708 2920 formam
724 2854 909 2919 litterarum
925 2855 1026 2940 ipsius
1037 2855 1160 2920 domini
1172 2855 1309 2936 Karoli;
1325 2877 1422 2938 quam
1433 2852 1527 2928 etiam,

410 2963 497 3048 quod
522 2966 548 3029 si
565 2964 735 3030 ivisscmus
767 2961 959 3044 Tarvisium,
977 2963 1091 3028 fuisset
1107 2965 1249 3029 maxima
1269 2964 1449 3030 dehortatio
1465 2959 1523 3026 sub

410 3072 488 3138 ditis
520 3073 644 3153 vestris,
670 3074 725 3155 qui
752 3071 836 3136 torte
862 3071 928 3137 alia
953 3093 1051 3136 causa
1076 3071 1298 3140 oredidcssent
1318 3095 1379 3137 nos
1394 3088 1526 3136 reversos

410 3177 518 3246 fuisse.
534 3181 581 3245 Et
597 3181 708 3245 statim
725 3180 914 3263 scripsimus
931 3180 1061 3246 litteras
1073 3179 1221 3264 Collegio
1237 3187 1345 3247 vestro
1362 3177 1527 3262 Ooneglani

411 3295 443 3353 et
459 3287 643 3371 Capitanoo
670 3286 829 3354 Seravalli
855 3310 913 3371 pro
941 3287 1091 3354 habendo
1114 3288 1369 3355 declarationem
1383 3288 1425 3354 ab
1440 3289 1491 3366 eis,
1504 3284 1527 3346 si

408 3398 442 3462 in
458 3398 570 3480 aliquo
597 3394 817 3478 predictorum
843 3395 987 3461 locorum
1016 3417 1185 3480 possemus
1201 3396 1368 3462 commode
1385 3403 1478 3462 stare.
1501 3391 1527 3456 A

408 3504 525 3589 quibus
552 3505 723 3570 habuimus
748 3505 999 3589 responsionem,
1026 3505 1114 3586 quod
1140 3506 1205 3587 sio,
1230 3511 1262 3569 01
1288 3503 1528 3572 deliberavimus

407 3615 455 3679 ire
473 3611 686 3695 Seravallum,
719 3613 795 3696 quia
823 3609 1024 3694 Capitoneus
1040 3611 1141 3695 ipsius
1157 3611 1219 3676 looi
1237 3633 1296 3678 nos
1313 3614 1416 3694 magis
1431 3607 1528 3691 ample

407 3721 558 3788 hortatus
584 3729 634 3788 est
659 3721 703 3787 ad
729 3721 868 3787 eundum
885 3719 927 3784 ad
942 3718 1047 3785 locum
1063 3719 1252 3801 predictum.
1280 3719 1528 3805 Scripsimusquc

405 3829 535 3895 litteras
551 3830 683 3896 domino
700 3827 836 3908 Karolo,
854 3828 997 3911 qualiter
1013 3827 1189 3893 secundum
1200 3825 1338 3894 formam
1353 3829 1528 3893 litterarum

405 3960 536 4006 suarum
553 3939 848 4005 deliberaveramus
866 3939 912 4002 ire
935 3935 1157 4019 Seravallum3
1173 3943 1207 4002 01
1224 3938 1313 4020 quod
1330 3939 1526 4022 dignaretur,

406 4047 536 4132 quando
562 4053 646 4113 esset
670 4049 704 4113 in
730 4048 846 4114 ordine
875 4047 1003 4114 essendi
1028 4067 1125 4130 super
1150 4052 1296 4112 tractatu
1320 4048 1420 4132 pacis,
1446 4044 1530 4111 nobis

406 4156 582 4236 notificare,
608 4161 641 4221 et
666 4155 707 4221 ad
733 4176 830 4239 quem
847 4157 954 4222 locum
970 4154 1100 4221 volebat
1115 4176 1176 4220 nos
1192 4155 1367 4236 accedere3
1392 4155 1467 4239 quia
1482 4173 1529 4236 pn·

405 4265 471 4330 rati
487 4283 612 4332 eramus
639 4265 686 4329 ire
713 4263 888 4331 secundum
904 4265 992 4348 quod
1009 4263 1188 4329 ordinaret.
1220 4261 1307 4328 Heri
1321 4285 1399 4329 vero
1414 4259 1527 4345 requiri

405 4371 537 4438 fecimus
561 4374 643 4438 istos
668 4370 831 4456 Vngaros,
849 4376 906 4458 qui
932 4380 1009 4440 sunt
1024 4374 1057 4438 in
1075 4371 1182 4439 Sacilo
1207 4393 1267 4456 pro
1284 4374 1415 4439 domino
1430 4371 1526 4437 Bene·

405 4482 501 4562 dicto,
518 4483 557 4546 de
574 4489 683 4547 scorta
701 4481 794 4548 nobis
819 4483 930 4549 darida
946 4505 1004 4566 per
1021 4503 1076 4547 eos
1092 4501 1194 4564 usque
1212 4478 1424 4564 Seravallum,
1441 4487 1471 4546 et
1488 4478 1527 4542 eis
