3210 5252
635 647 687 708 65.

1 794 2 858 Ῐ
88 803 268 870 Contarim'
287 805 401 870 Eadem
416 805 569 870 ‹velenczei
588 805 728 893 depende
755 807 957 894 Frcupepa'u
975 809 1081 874 Jonas
1097 831 1221 895 reppen-

473 934 552 976 azon
571 915 700 1000 itpybea.
731 915 834 978 1374.

198 1071 414 1139 Serenissimo
431 1070 579 1155 Principi
595 1079 628 1137 et
644 1072 787 1140 Domino
804 1073 935 1140 domino
952 1071 1087 1140 Andree
1104 1073 1224 1141 Conta-

1 1177 2 1182 ’
90 1203 168 1250 reno
194 1179 260 1246 Dei
286 1181 397 1266 gratia
422 1179 536 1246 inolito
561 1181 645 1247 Duci
666 1179 891 1264 Venetiarum‚
907 1183 1048 1249 Domino
1067 1188 1100 1248 et
1118 1185 1223 1250 amico

1 1333 2 1360 t
92 1289 299 1356 honorando.

1 1379 2 1404 ¹
202 1395 416 1463 Serenissime
437 1397 602 1482 Princeps,
619 1397 759 1464 Domine
775 1405 808 1464 et
824 1399 927 1464 amice
944 1399 1142 1466 honorande.
1161 1397 1227 1466 Vo-

94 1505 158 1572 tire
173 1506 387 1574 salutacionis
404 1505 652 1574 honorificentia
676 1508 853 1589 intellecto,
867 1507 988 1574 Ducali
1018 1507 1229 1592 Magnificen-

95 1613 139 1680 tie
163 1611 295 1697 Vestro,
323 1636 421 1696 quam
447 1636 526 1699 erga
543 1635 600 1680 nes
627 1635 754 1698 semper
770 1615 949 1698 reperimus
966 1617 1157 1698 graciosum,
1173 1612 1230 1678 du·

1 1781 2 1792 ,
96 1724 201 1788 ximus
225 1727 339 1788 tenore
365 1725 565 1806 presentium
592 1721 832 1803 declarandum,
864 1723 951 1807 quod
968 1724 1053 1788 sicut
1078 1720 1231 1805 providus

98 1831 146 1896 rir
170 1829 321 1897 dominus
348 1829 530 1897 Guilelmus
547 1830 682 1914 Filippi‚
699 1828 861 1896 Notarius
877 1838 910 1897 et
926 1829 1146 1896 Ambaxiator
1163 1851 1230 1895 ves·

1 1945 2 2018 t
98 1945 148 2003 ter
164 1937 229 2004 buc
245 1939 287 2005 ad
305 1939 410 2004 nostri
427 1939 625 2022 presentiam
643 1939 810 2021 accedens,
828 1939 921 2004 nobis
939 1959 998 2022 pro
1015 1939 1115 2004 rostri
1132 1943 1229 2022 parte

1 2065 2 2140 l
100 2045 138 2111 de
162 2044 251 2112 lacto
278 2043 477 2111 Consulatus
494 2053 527 2110 et
542 2045 720 2110 elevatione
742 2045 850 2110 vexilli
867 2043 988 2128 Segnis
1005 2045 1229 2126 residentium,

1 2143 2 2237 l
102 2161 251 2220 oretenus
267 2155 433 2238 exposuit:
446 2154 494 2219 ita
510 2154 612 2218 vestri
630 2154 749 2218 amoris
770 2153 890 2217 intuitu
908 2159 940 2218 et
956 2152 1169 2237 requisitione
1185 2152 1230 2218 ad

103 2257 161 2328 boc
184 2263 406 2328 consensimus
422 2267 455 2327 et
470 2260 564 2343 plene
580 2259 771 2344 fecimus,ut
787 2260 871 2326 idem
887 2260 1106 2334 Ambaxiator
1122 2266 1231 2326 uester

1 2449 2 2456 ἵ
104 2368 192 2434 robis
218 2369 257 2435 de
273 2369 335 2435 hoc
363 2369 482 2434 abilius
511 2370 635 2453 poterit
661 2375 814 2436 oretenus
832 2391 996 2448 enarrare,
1019 2375 1156 2452 paratos
1173 2389 1231 2435 nos

1 2542 3 2570 ‚
105 2475 193 2541 iuxta
216 2498 312 2559 posse
339 2477 441 2542 nostri
467 2475 599 2542 honoris
625 2497 753 2562 semper
770 2476 863 2543 nobis
889 2474 1084 2542 habentibus
1099 2474 1142 2540 ad
1157 2498 1231 2560 que·

1 2577 2 2628 l
108 2603 169 2664 que
183 2583 274 2650 robis
291 2590 396 2667 grata.
413 2581 536 2648 Datum
553 2581 675 2669 Segnis
691 2583 742 2650 die
759 2581 937 2652 XXVIII.
953 2583 1093 2667 Aprilis.

271 2693 296 2759 J
298 2692 442 2758 ohannes
459 2691 576 2758 Comes
592 2691 710 2776 Vegle,
725 2691 894 2760 Modrusie
910 2697 1010 2776 atque
1026 2689 1188 2776 Gezegbe.

133 2835 164 2896 (A
178 2836 279 2899 »Copia
292 2837 327 2886 de
341 2837 581 2887 Gonrmemorisli«
597 2838 686 2887 czinu'l
699 2835 838 2886 veleuczei
847 2834 1077 2898 sillamkbnyvbol
1089 2833 1150 2886 VII.
1165 2833 1222 2887 tut.

621 2931 679 2976 195.
694 2929 723 2986 Ι.)

650 3235 700 3294 66.

1 3366 3 3400 ⁵
118 3387 409 3480 Alcupyelorozo'pi
426 3393 645 3480 pdeptkse'pek
661 3417 683 3456 a
699 3393 969 3478 mapparorazdpi
986 3391 1119 3480 epybdzi
1127 3393 1235 3479 joptol

387 3501 481 3565 elterd
497 3503 612 3566 medon
629 3499 777 3564 tillietoek
793 3501 835 3564 be.
863 3500 908 3564 13
916 3502 968 3565 74.

216 3655 394 3744 Gregorius
404 3660 584 3744 Episcopus
596 3667 655 3725 etc.
666 3661 835 3726 carissimo
851 3661 884 3724 in
901 3658 1033 3726 Christo
1051 3659 1117 3726 filio
1128 3658 1237 3725 Ludo·

123 3761 184 3829 uico
201 3765 344 3852 Vngarie
362 3773 395 3833 et
421 3767 557 3833 Polonie
575 3768 660 3852 Regi
678 3769 797 3834 illustri
815 3768 951 3833 salutem
969 3774 1028 3832 etc.
1048 3765 1164 3834 Gratis
1181 3766 1240 3832 Di·

124 3870 188 3937 uiue
202 3876 366 3958 premium,
383 3883 417 3941 et
435 3876 573 3940 lmrnane
589 3875 695 3941 laudis
725 3877 912 3958 preconium
929 3875 1120 3960 acquiritur,
1137 3874 1164 3939 si
1181 3897 1239 3958 per

1 3976 3 4003 ¹
126 3979 272 4046 seculares
288 3981 459 4067 Principes
469 3981 613 4048 Preletis
631 3986 801 4066 presertim
819 3983 1041 4048 Ecclesierum
1059 3979 1240 4047 Cathedra·

1 4151 3 4172 *
126 4083 194 4150 lium
208 4090 353 4172 regimini
369 4090 609 4174 presidentibus
626 4089 777 4174 oportuni
804 4090 925 4155 fauoris
943 4089 1120 4173 presidium
1138 4093 1170 4152 et
1187 4088 1242 4154 bo·

1 4177 2 4237 l
129 4213 179 4256 nor
191 4194 314 4262 debitus
330 4199 548 4281 impendatur.
559 4197 692 4264 Dudum
704 4197 863 4282 siquidem
882 4198 1083 4282 prouisiones
1100 4193 1242 4259 omnium

1 4321 3 4343 *
130 4297 331 4370 ecelesiarum
358 4303 608 4374 Cathedralium
633 4316 711 4373 tunc
741 4306 829 4390 apud
861 4303 980 4372 Sedem
1012 4301 1244 4385 Apostolioum

126 4412 295 4479 ¹versantium
321 4421 354 4481 et
371 4415 517 4481 inantea
536 4423 767 4482 vacaturarum
787 4411 987 4481 ordinationi
1004 4418 1037 4477 et
1053 4410 1242 4496 dispositio·

134 4513 160 4580 ui
181 4525 282 4588 nostre
306 4530 511 4591 reservantes
537 4523 753 4592 decrevimus·
764 4529 882 4588 extunc
898 4520 1025 4588 irritum
1043 4525 1077 4579 et
1092 4519 1198 4587 inane.
1215 4521 1244 4586 si
