3248 5242
356 403 418 478 'aaa
707 425 941 485 mnnounemav
959 413 1127 485 surianus.

354 595 398 658 vit
416 595 500 660 hune
516 605 637 663 motum
653 621 754 679 suum,
772 602 854 664 foret.
871 607 997 664 mature
1015 606 1047 663 et
1071 599 1309 682 sapientissime
1326 596 1421 676 faeta,
1436 597 1486 657 ita

353 702 440 786 quod
456 705 628 787 superinde
645 707 751 790 magis
768 707 858 772 utilis
884 707 1079 772 deliberatio
1106 706 1176 771 lieri
1203 728 1266 770 uon
1293 710 1402 788 posset
1426 725 1484 786 per

353 832 421 876 nos.
439 811 528 877 Beue
546 815 766 898 supplicamus
784 814 935 899 largitori
951 815 1094 880 omnium
1111 815 1302 897 gratiarum,
1328 810 1418 876 cuius
1434 833 1485 875 res

353 919 577 1004 principaliter
593 921 713 1005 agitur,
730 929 891 1006 quatenus
908 923 1063 1006 dignetur
1078 922 1139 987 sibi
1156 920 1314 1007 impertiri
1332 919 1372 985 de
1389 917 1485 984 dictis

353 1027 488 1111 perfidis
513 1027 679 1114 Agarenis
705 1031 844 1115 gloriam
870 1037 902 1096 et
927 1029 1126 1114 triumphum
1152 1051 1212 1114 pro
1239 1028 1484 1095 conservatione

353 1137 431 1203 fidei
447 1138 632 1216 orthodose,
649 1141 847 1206 exaltatione
863 1140 913 1205 sui
928 1139 1076 1221 nominis,
1087 1145 1120 1206 et
1130 1140 1323 1224 populorum
1335 1137 1398 1204 sibi
1414 1135 1487 1201 sub·

357 1245 500 1312 ditorntu
516 1253 604 1313 statu
620 1247 754 1332 pacifico
771 1255 804 1314 et
826 1248 1013 1334 tranquillo.
1030 1245 1087 1314 Ad
1103 1247 1226 1314 factum
1246 1253 1357 1314 autem
1373 1245 1486 1312 auxilii

355 1360 387 1420 et
403 1354 534 1437 favoris,
551 1355 637 1440 quod
654 1379 675 1421 a
690 1357 784 1424 nobis
800 1359 892 1440 petit,
909 1357 957 1422 sic
973 1356 1128 1422 dicimus:
1146 1353 1233 1439 quod
1246 1355 1488 1439 quocienscum-

356 1483 418 1546 que
434 1463 491 1528 alii
507 1462 677 1548 Principes
694 1474 727 1531 et
744 1464 1006 1532 Communitates
1021 1464 1143 1544 mnndi,
1153 1464 1210 1547 qui
1220 1471 1253 1528 et
1269 1484 1334 1548 que
1350 1461 1488 1547 prebere

354 1579 490 1658 possunt
505 1572 649 1638 savorem
665 1572 741 1639 huic
756 1573 843 1640 bono
861 1575 1030 1659 proposito
1048 1580 1082 1639 et
1098 1571 1330 1638 deliberationi
1347 1569 1413 1637 Sue
1430 1568 1489 1636 Se·

354 1682 510 1762 renitatis,
527 1703 560 1746 se
577 1682 748 1766 disponent
763 1681 805 1748 ad
820 1683 1021 1765 prebendam
1037 1681 1077 1747 de
1093 1680 1266 1762 favoribus,
1283 1681 1340 1763 qni
1354 1678 1488 1764 preberi

353 1795 517 1872 poterunt,
541 1789 617 1872 quia
642 1796 752 1854 noster
768 1791 855 1856 solus
872 1788 1068 1856 insufficiens
1084 1795 1179 1871 esset,
1196 1795 1229 1854 et
1244 1811 1304 1853 nos
1329 1787 1488 1853 fuerimus

356 1897 514 1980 requisiti,
530 1897 692 1965 Maiestas
709 1895 777 1965 Sua
793 1897 934 1964 inveniet
949 1919 1007 1966 nos
1024 1904 1158 1983 paratos
1184 1903 1217 1962 et
1244 1897 1326 1963 bene
1352 1896 1489 1980 disposi-

355 2011 407 2069 tos
423 2005 465 2070 ad
482 2003 665 2072 laciendum
681 2007 721 2072 de
738 2007 799 2088 his,
816 2028 878 2092 que
896 2008 1031 2073 honeste
1049 2012 1082 2072 et
1098 2004 1340 2073 rationabiliter
1355 2023 1413 2088 per
1427 2027 1489 2070 nos

356 2112 426 2177 lieri
444 2121 607 2197 poterunt,
624 2116 802 2182 secundum
813 2115 1024 2200 quodnostra
1035 2113 1259 2181 Communitas
1275 2115 1309 2179 in
1326 2113 1487 2180 similibus

356 2222 485 2290 casibus
501 2246 627 2310 serrrper
644 2226 753 2291 extitit
768 2233 932 2293 consueta.

363 2351 366 2358 ·
464 2328 520 2394 Ad
538 2331 711 2399 secundam
737 2350 813 2399 vero
830 2339 960 2418 partem
986 2333 1026 2398 de
1052 2331 1288 2398 deliberatione
1314 2330 1402 2396 fecta
1428 2351 1489 2414 per

358 2433 607 2504 Serenissimum
624 2440 789 2506 dominum
805 2439 1044 2524 Imperatorem
1059 2440 1100 2506 de
1125 2438 1281 2505 veniendo
1306 2440 1348 2504 ad
1373 2445 1489 2522 partes

355 2540 454 2611 Italic
471 2569 530 2630 pro
546 2569 604 2612 sua
621 2547 852 2633 Coronatione,
870 2554 903 2615 et
919 2547 1006 2632 quod
1022 2547 1254 2614 dominnsRex
1265 2553 1296 2611 et
1313 2546 1416 2612 irater
1432 2546 1489 2609 de·

353 2649 574 2722 liberaverunt
590 2658 700 2722 venire
716 2679 788 2722 cum
806 2679 852 2739 eo,
868 2663 1017 2742 petentes
1033 2657 1190 2722 auxilium
1206 2661 1240 2720 et
1255 2655 1397 2721 favorem
1414 2676 1489 2718 nos·

355 2759 460 2844 trum3
477 2766 721 2847 respondeatur,
738 2763 826 2849 quod
846 2787 910 2832 non
927 2761 1156 2846 dubitavimus,
1181 2764 1247 2829 imo
1274 2765 1355 2831 certi
1379 2763 1489 2828 reddi-

356 2886 437 2953 mur,
453 2873 541 2954 quod
557 2871 749 2938 deliberatio
765 2873 852 2939 lacta
868 2895 927 2958 per
937 2874 1141 2958 Imperialem
1153 2873 1362 2939 Maiestatem
1378 2893 1417 2936 ac
1428 2892 1489 2954 per

357 2977 605 3046 Serenissimum
632 2981 796 3047 dominum
816 2981 937 3064 Regem
954 2978 994 3047 de
1020 2982 1157 3046 volendo
1183 2980 1225 3046 ad
1251 2988 1363 3065 partes
1386 2980 1489 3045 Italic

355 3089 572 3169 personaliter
598 3112 632 3155 se
658 3088 815 3170 conferre,
842 3095 891 3154 est
916 3088 1004 3155 sacta
1029 3111 1102 3154 cum
1127 3111 1246 3173 magua
1272 3089 1489 3169 solemnitate,

355 3201 485 3262 matura
501 3203 534 3262 ct
550 3197 642 3279 gravi
658 3197 900 3281 deliberatione,
917 3204 986 3262 tam
1002 3218 1062 3281 pro
1083 3198 1329 3263 conservatione
1344 3194 1489 3281 predicti

353 3301 485 3369 lionoris
502 3305 687 3370 Maiestatis
703 3304 776 3386 Sue,
793 3325 891 3390 quarn
916 3305 1025 3389 quiete
1051 3305 1154 3371 totius
1178 3305 1296 3386 Italie3
1320 3313 1353 3370 et
1378 3327 1489 3389 spera·

354 3431 424 3475 mus
441 3413 475 3476 in
492 3409 611 3476 Divina
627 3414 744 3497 gratia,
761 3414 847 3497 quod
864 3435 903 3478 ex
918 3413 976 3479 illo
993 3411 1151 3479 descensu
1164 3433 1221 3480 suo
1234 3412 1329 3479 multi
1340 3414 1491 3496 proveni·

354 3527 411 3584 ent
425 3521 499 3586 boni
517 3521 653 3606 fruetus,
670 3530 702 3587 et
718 3543 787 3603 nos,
803 3521 1075 3606 quandocumque
1091 3519 1270 3602 hocluerit,
1286 3522 1490 3587 inveniemur

353 3628 461 3711 parati
477 3630 518 3694 ad
536 3629 765 3695 honorandum
782 3631 886 3714 ipsam
903 3627 1112 3712 Imperialem
1135 3629 1347 3694 Maiestatem
1364 3651 1403 3694 ac
1419 3629 1488 3695 dic-

357 3727 424 3800 tum
442 3736 606 3802 dominum
624 3738 749 3821 Regem
767 3746 800 3802 et
817 3738 963 3820 fratrem,
980 3759 1019 3804 ac
1034 3737 1139 3803 lacere
1158 3738 1197 3802 de
1214 3736 1323 3818 rebus,
1336 3757 1401 3819 que
1418 3755 1492 3822 pos·

355 3866 388 3907 se
406 3851 518 3910 nostro
544 3847 610 3911 sint
636 3852 734 3929 grata
759 3852 790 3910 et
816 3845 983 3929 placibilia
999 3845 1053 3926 eis,
1079 3851 1111 3909 et
1136 3867 1209 3910 cnm
1235 3843 1359 3910 honore
1383 3847 1492 3910 nostri

354 3946 508 4017 Dominli.

356 4099 390 4156 (A
426 4101 553 4148 »Secreta
592 4100 707 4150 (toriellii
742 4097 931 4165 Rogatorum«
968 4102 1059 4151 czimtt
1094 4099 1267 4150 rillamalvtalv
1291 4103 1323 4150 B.
1347 4101 1488 4152 kotetebol

850 4195 993 4254 tanna.)

841 4453 999 4469 ann—md
