3210 5252
544 359 548 370 ’
588 385 682 448 1374.
1140 389 1200 452 101

90 575 143 620 uon
165 576 278 639 ponere
294 576 368 622 eum
393 557 427 621 iu
452 553 601 626 manibus
617 559 739 626 domini
760 559 880 640 Ducis,
897 568 928 625 et
944 560 1004 626 hoc
1021 560 1202 628 Consilium

90 668 287 729 contentatur.
312 660 421 729 Aliter
437 667 525 732 nullo
541 666 638 734 modo
665 665 846 733 Consilium
863 667 1004 734 intendit
1020 671 1101 752 pati,
1118 671 1204 754 quod

6 757 8 808 ἶ
90 771 147 853 ipse
161 770 326 837 Iohannes
341 779 510 840 remaneat
534 777 568 840 in
593 775 697 842 forcia
721 773 824 840 Ducis
841 775 1019 841 memorati
1037 811 1080 824 -
1096 773 1203 863 Capta

6 923 8 964 .
88 898 138 960 per
151 878 299 944 maiorem
315 887 446 963 partem
461 882 609 968 Oonsilij.
1259 938 1264 946 .

180 985 242 1052 Die
266 985 408 1056 XVIII.
433 990 459 1056 J
459 991 537 1075 unij.
563 989 605 1055 In
631 990 719 1057 dicto
746 987 891 1058 Consilio
916 991 979 1057 iuit
1002 1013 1090 1077 pars,
1116 995 1204 1077 quod

6 1083 7 1086 ¹
89 1094 233 1179 eligantur
258 1103 326 1162 tres
352 1096 498 1180 Nobiles,
515 1100 571 1184 qui
587 1099 710 1165 vadant
727 1101 770 1166 ad
787 1099 952 1166 dominum
968 1099 1105 1182 Ducem,
1121 1103 1204 1168 noti-

6 1241 8 1268 :
90 1200 203 1271 iratum
218 1207 248 1272 ei
265 1229 415 1274 excessus
441 1213 473 1274 et
499 1207 691 1275 offensiones
716 1231 775 1294 per
801 1213 868 1276 eius
885 1211 1042 1279 familiam
1059 1215 1206 1280 commis·

6 1341 8 1390 ς
89 1333 132 1377 sos
145 1313 176 1377 in
191 1311 214 1380 J
216 1315 387 1398 eduenses,
412 1317 626 1401 supplicando
641 1319 680 1401 ei,
696 1325 859 1402 quatenus
876 1319 1027 1403 dignetur
1044 1323 1204 1404 corrigere
1328 1361 1337 1388 t

6 1431 8 1510 ff
89 1416 308 1505 demquences,
334 1424 384 1489 ita
409 1423 495 1508 quod
513 1425 553 1490 de
571 1430 680 1491 cetero
703 1426 787 1491 talia
802 1448 868 1492 non
884 1429 1147 1510 committantur3
1173 1433 1206 1495 et

87 1525 217 1610 dicendo,
243 1530 333 1615 quod
359 1532 499 1597 intencio
527 1531 664 1599 Consilii
682 1541 740 1614 est,
757 1532 943 1601 huiusmodi
959 1557 1107 1602 excessus
1123 1537 1206 1602 noti-

87 1632 171 1702 ficare
186 1635 293 1722 Regie
309 1639 490 1704 Maiestati.

179 1742 243 1809 Die
269 1743 348 1812 VII.
376 1745 539 1812 Octubris.
566 1747 797 1815 Restituantur
815 1749 858 1814 ad
874 1750 1065 1817 mandatum
1085 1750 1206 1816 domini

6 1835 8 1948 ζ
87 1851 183 1934 Ducis,
200 1853 253 1918 vel
269 1852 420 1936 Regium,
446 1860 520 1920 octo
545 1855 657 1922 trabes
677 1862 790 1922 mutuo
807 1863 939 1941 accepte
956 1879 975 1922 a
992 1858 1122 1923 domina
1137 1856 1206 1924 Du-

6 1959 8 2048 ,
88 1960 166 2044 cissa,
181 1981 240 2044 pro
260 1966 379 2027 catena
393 1982 480 2027 noua
496 1968 611 2046 portus
626 1963 744 2029 fienda.

6 2057 8 2076 '
179 2065 369 2134 Pcnultimo
386 2065 551 2136 Octubris.
576 2069 654 2135 Fiat
670 2068 788 2137 donum
807 2071 937 2139 domino
954 2071 1040 2155 Regi
1057 2077 1089 2136 et
1105 2073 1206 2138 domi-

6 2231 8 2276 ,
86 2173 176 2241 nebus
192 2175 333 2260 Reginis
352 2175 392 2242 de
408 2177 505 2242 rebus
521 2178 703 2244 maritimis.

179 2284 243 2351 Die
262 2283 326 2352 XI.
344 2283 378 2350 N
381 2286 553 2352 ouembris.
570 2283 697 2370 Singuli
714 2288 778 2353 duo
794 2287 906 2353 villani
916 2293 1092 2372 apportent
1108 2308 1206 2355 snam
1305 2357 1310 2368 ,

6 2384 8 2472 s
86 2393 228 2475 gallinam
245 2400 281 2460 et
296 2398 437 2478 quatuor
452 2415 515 2460 oua
530 2416 590 2478 pro
606 2396 756 2462 faciendo
774 2395 857 2460 dono
873 2395 1003 2462 domino
1020 2396 1114 2462 Duei.

6 2477 8 2592 ζ
179 2502 243 2570 Die
263 2501 347 2568 XII.
363 2499 573 2570 Nouembris.
598 2502 695 2588 Quod
711 2503 750 2569 de
765 2523 900 2570 numero
921 2501 1135 2572 oLxXfflI
1152 2504 1206 2570 he-

6 2601 8 2700 ξ
86 2609 194 2676 minum
209 2631 230 2676 a
247 2613 358 2694 remis,
374 2613 544 2695 oportunis
560 2633 619 2698 pro
636 2612 796 2679 armando
816 2614 954 2696 galeam,
970 2633 1068 2696 quam
1084 2612 1207 2678 armari

6 2709 7 2726 ¹
85 2717 241 2785 mandauit
270 2719 380 2802 Regia
404 2718 563 2786 Maiestas
589 2743 648 2805 pro
675 2742 806 2787 accessu
832 2719 954 2808 domini
969 2718 1072 2786 Ducis
1088 2727 1120 2786 et
1135 2742 1208 2786 con-

6 2813 8 2858 t
85 2827 173 2891 sortis
198 2828 232 2892 in
262 2823 432 2910 Apuliam,
457 2833 675 2912 preparentur
700 2827 916 2898 LXXXVII
942 2849 1000 2912 per
1030 2828 1207 2894 Commune

6 2913 8 2930 '
84 2929 175 2998 dndre
199 2933 380 3001 secundum
405 2933 668 3002 distribucionem
693 2935 854 3003 Johannis
887 2937 1025 3003 Bisseni.
1058 2935 1207 3021 Quorum

84 3042 271 3124 stipendium
287 3044 434 3109 ascendit
448 3045 482 3109 in
499 3066 606 3110 mense
623 3047 656 3110 in
672 3047 838 3112 racionem
849 3052 992 3131 quatuor
1008 3044 1208 3111 florenorum

84 3168 134 3230 pro
150 3151 312 3233 quolibet,
337 3147 589 3222 OOCXLVIII
616 3152 820 3219 florenorum.
845 3152 932 3218 Item
948 3151 1207 3235 summonitus,

84 3254 220 3324 Comites
247 3267 282 3324 et
309 3263 406 3325 nante
432 3267 503 3326 octo
529 3283 602 3326 cum
628 3260 790 3344 stipendio
817 3262 851 3325 in
877 3281 1036 3340 mensem,
1060 3258 1209 3324 videlicet

84 3359 324 3448 Supracomitus
351 3363 423 3436 XV
448 3366 599 3448 florenos,
626 3366 775 3433 Gemitus
802 3365 839 3432 X
854 3366 1006 3448 florenos,
1022 3373 1054 3431 et
1071 3364 1209 3449 quilibet

84 3479 174 3539 nanta
190 3495 256 3556 sex,
274 3481 310 3540 et
325 3474 482 3540 medietas
499 3474 577 3541 dicti
590 3474 743 3560 stipendij
754 3473 942 3542 XXXVII
958 3473 1108 3541 florenos.
1124 3473 1209 3538 Item

84 3582 161 3662 quod
177 3583 327 3650 solvatur
353 3585 540 3668 prescriptis
567 3567 822 3668 suprascriptum
841 3582 1036 3666 stipendium
1062 3603 1121 3666 pro
1147 3603 1208 3646 sno

84 3707 191 3755 mense.
216 3693 264 3757 Et
289 3692 325 3755 in
351 3691 494 3757 aduentu
520 3691 641 3756 domini
656 3691 812 3774 Episcopi
828 3688 1000 3758 Vaeiensis
1016 3688 1210 3770 declaretur,

84 3816 136 3877 pro
161 3805 288 3881 quanto
314 3805 460 3880 tempore
486 3795 581 3880 galea
606 3798 669 3863 erit
687 3817 839 3864 mansura
856 3795 943 3862 vltra
959 3816 1122 3876 mensem;
1146 3817 1210 3877 quo

83 3903 155 3970 scita
172 3903 278 3972 Curia
296 3905 369 3971 dari
384 3906 484 3972 saciat
510 3904 739 3990 Supracomito
760 3911 886 3971 tantam
902 3906 1130 3989 quantitatem,
1148 3925 1210 3987 que

84 4013 110 4076 ei
124 4014 298 4096 ridebitur,
314 4036 374 4098 pro
390 4015 570 4100 refrigerio.
587 4013 654 4099 Qui
664 4036 774 4080 omnes
785 4014 1000 4098 suprascripti
1010 4009 1208 4096 stipendium

6 4111 8 4212 l
84 4117 218 4188 habeant
234 4143 296 4207 pro
323 4121 411 4188 dieto
436 4129 592 4206 tempore,
615 4144 679 4206 quo
697 4122 831 4188 stabunt
848 4121 891 4188 ad
909 4122 1027 4187 dictam
1044 4119 1211 4184 racionem

84 4227 177 4308 galee,
194 4237 227 4296 et
242 4229 377 4296 racione
394 4231 523 4314 mensis,
539 4252 638 4315 nsque
654 4231 697 4296 ad
713 4229 798 4296 diem
815 4229 938 4294 reditus
954 4248 1075 4306 eorum,
1086 4247 1106 4291 e
1116 4224 1211 4290 Oum-

6 4387 8 4424 ,
85 4339 165 4402 muni
179 4336 298 4403 Jadre.
314 4336 401 4402 Item
416 4337 504 4420 quod
520 4338 720 4422 supplicetur
748 4334 877 4401 domino
892 4335 1056 4418 Episcopo
1074 4331 1212 4402 Vaeien-

6 4439 8 4464 ‘
86 4444 118 4525 si,
133 4453 296 4528 quatenus
323 4467 395 4529 cum
420 4446 517 4530 galea
541 4446 798 4530 Ragusinorum,
824 4449 971 4526 tempore
998 4461 1062 4525 quo
1082 4439 1212 4506 inerunt

85 4551 114 4614 in
137 4551 296 4640 Apuliam
324 4551 578 4622 Ambaxiatores
602 4553 707 4640 Regia
733 4550 932 4634 Maiestatis,
958 4571 1020 4615 non
1036 4549 1134 4614 inerit
1150 4549 1214 4616 nisi
