3210 5252
405 387 447 447 52
760 398 995 446 nmnonmeznr
1012 384 1179 446 nnrmnnn.

398 560 503 625 fidelis
520 580 585 626 non
602 559 735 642 audeat,
753 559 856 643 possit
873 559 924 624 nel
939 561 1108 641 presumat·
1124 577 1181 640 per
1198 578 1232 624 se
1248 557 1297 622 vel
1313 556 1404 638 elios,
1416 555 1542 620 directe

399 669 449 734 vel
477 668 636 732 indirecte
664 667 759 732 medo
785 665 897 748 aliquo
913 664 964 729 nel
982 667 1112 750 ingenio
1126 665 1307 730 conducere
1323 686 1382 730 seu
1398 662 1541 728 conduci

400 775 509 842 fecere
526 774 663 860 aliquod
678 774 807 854 havere,
817 795 877 855 res,
887 793 1013 858 pennos
1029 773 1081 838 rel
1096 773 1311 838 mercationes
1321 772 1363 837 de
1374 769 1540 851 Veneeiis,

398 884 449 949 vel
477 883 517 948 de
542 882 658 967 aliqua
674 882 742 948 alia
757 888 862 966 parte,
887 879 930 945 ad
954 886 1065 964 partes
1082 879 1236 963 Raguxii,
1252 901 1312 946 neo
1338 880 1381 945 ad
1407 877 1540 961 aliquas

400 990 484 1056 alise
510 995 624 1074 partes
651 989 741 1055 intre
759 985 902 1069 (lullum,
925 986 1012 1052 unde
1030 987 1157 1070 possint
1182 987 1319 1052 conduci
1339 985 1540 1069 Ragonium,

400 1097 460 1164 sub
477 1097 570 1181 penis
588 1096 739 1162 omnibus
755 1101 790 1162 et
806 1096 973 1160 striaturis
998 1097 1089 1160 novis
1107 1093 1402 1176 oontrebsnorum3
1426 1099 1461 1159 et
1479 1093 1541 1160 hoc

402 1206 571 1270 <tridentus
588 1204 717 1288 publice
735 1204 771 1269 in
788 1202 869 1269 loeis
884 1203 998 1269 solitis.

473 1349 508 1410 (Δ
523 1347 635 1399 ›nisti‹
650 1347 739 1397 ezimtl
754 1347 893 1398 velenezei
909 1348 1140 1410 tllemkbnyvbbl
1152 1347 1281 1399 XXXIV.
1295 1348 1353 1398 ker„
1369 1352 1411 1398 84.
1426 1348 1458 1410 l.)

891 1509 1050 1518 -.ι-*ψ*

941 1636 995 1697 48.

404 1799 432 1864 Ι.
451 1798 549 1884 Lajos
575 1818 714 1882 mnqyar
729 1795 761 1860 te
776 1793 898 1880 lenyyel
924 1794 1036 1876 kirtly
1053 1793 1146 1880 seqtd
1164 1795 1315 1860 badakat
1332 1795 1413 1861 told
1433 1793 1539 1861 Cava-

472 1906 528 1972 ναί
545 1906 686 1968 Ferencz
698 1901 1077 1989 padua-ifejedelenmek
1097 1901 1245 1966 Veleneze
1262 1902 1351 1967 ellan.
1378 1907 1486 1969 1373·

516 2066 550 2148 1)
577 2063 729 2130 Historia
743 2062 876 2128 victorie
892 2062 934 2128 ile
950 2061 1120 2128 Paduenis
1136 2067 1169 2128 et
1184 2063 1356 2148 Hungnris
1381 2069 1416 2129 et
1435 2061 1540 2128 Tron-

406 2176 539 2241 silvenis
566 2194 638 2239 eum
665 2171 820 2241 Voiuoda
845 2172 880 2236 in
905 2170 1057 2255 pertibus
1073 2171 1164 2254 Lupe
1184 2169 1358 2252 'ferriterii
1375 2169 1539 2237 Padusni.

406 2425 450 2436 -
473 2424 518 2436 —
540 2387 649 2452 Erant
664 2385 818 2470 Hungsri
834 2384 894 2452 ΠΙ
911 2373 1012 2452 mille¹
1031 2391 1090 2451 ete.
1116 2383 1241 2452 Gentes
1256 2385 1370 2452 Podue
1385 2387 1538 2453 resistere

406 2517 472 2562 non
495 2493 648 2574 valentes,
673 2493 828 2558 vilissime
847 2493 954 2577 posite
978 2498 1054 2558 sunt
1078 2494 1113 2559 in
1136 2492 1257 2579 fugam,
1278 2494 1424 2578 captivos
1440 2495 1537 2562 relin-

408 2607 545 2686 quentes
570 2622 607 2666 no
637 2602 761 2667 vinctos
792 2600 1007 2683 Magnificum
1022 2671 1024 2674 ,
1037 2604 1071 2664 et
1101 2605 1266 2684 potentem
1299 2601 1470 2668 dominum
1485 2651 1493 2665 .
1509 2650 1541 2667 ..

407 2708 600 2793 Voyvodem
625 2709 876 2774 Transilvnnum
894 2707 1110 2792 Capitoneum
1127 2708 1371 2792 Humerorum,
1387 2712 1445 2792 qui
1461 2717 1534 2775 erat

409 2818 566 2884 secundus
582 2816 671 2900 spud
686 2815 820 2898 Regem,
831 2837 903 2880 oum
913 2815 1109 2884 banderorio
1119 2815 1320 2884 etbanderis
1330 2817 1455 2884 domini
1473 2818 1537 2884 Re·

409 2927 459 3011 gis
476 2975 483 2990 .
499 2976 506 2990 .
523 2973 531 2990 .
548 2947 607 2990 neo
624 2945 688 2989 non
704 2923 789 2989 alios
813 2923 928 2988 XXX
949 2923 1110 2990 notabiles
1134 2924 1255 2990 milites
1281 2924 1464 3009 Hungaros
1481 2933 1540 2992 etr.

461 3053 498 3115 (Α
513 3052 613 3101 >Liber
626 3052 793 3102 Paetorum
808 3050 898 3100 ezimtt
911 3051 1048 3101 velenezei
1062 3052 1280 3115 nllamkbnybbl.
1294 3053 1328 3102 V.
1341 3052 1398 3102 ket
1414 3053 1452 3103 sl
1466 3053 1485 3115 .)

520 3176 565 3264 2.)
591 3175 802 3260 Infrescripti
828 3180 904 3241 sunt
928 3177 1086 3241 camerati
1111 3175 1202 3241 missi
1228 3197 1248 3242 a
1272 3175 1404 3242 bestitis
1424 3177 1542 3242 nostris

408 3286 496 3368 eapti
506 3285 540 3350 in
551 3283 702 3350 conflictu
712 3284 790 3350 dato
800 3284 940 3348 inimicis
957 3283 1010 3349 die
1021 3284 1126 3366 primo
1136 3282 1161 3349 J
1163 3284 1220 3350 ulii
1237 3280 1543 3350 MGOOLXXIH.

409 3390 585 3456 indictione
601 3390 667 3456 XI.
682 3390 717 3455 in
732 3411 853 3473 guerro
868 3396 984 3456 eontra
1000 3388 1161 3456 Padnani.

516 3496 646 3563 Nobilis
672 3499 722 3563 vir
746 3517 799 3563 ser
813 3498 936 3564 Petrus
961 3496 1114 3564 Grimeni
1140 3494 1341 3581 (lapitensus
1374 3497 1541 3567 Gauzero·

409 3606 491 3672 leris
505 3605 709 3688 presenteuit
724 3603 775 3670 die
793 3604 854 3675 IV.
871 3607 896 3671 J
898 3606 956 3672 ulii
973 3603 1139 3671 dominum
1155 3603 1308 3674 Voiuoda
1325 3604 1543 3691 Capitensum

409 3711 624 3796 Vngerorum
640 3719 673 3779 et
688 3714 746 3779 elii
763 3735 818 3780 sex
834 3715 954 3780 milites
969 3713 1135 3797 Hungeri.

515 3819 645 3887 Nobilis
670 3823 718 3886 vir
742 3843 794 3887 ser
820 3821 1017 3887 Francisons
1042 3821 1203 3888 Aboeolis
1219 3825 1425 3906 presenteuit
1439 3825 1544 3890 domi·

407 3953 469 3998 nus
494 3927 611 3994 (lomes
637 3929 724 3999 Vbol
740 3937 772 3996 et
789 3930 848 4015 alij
866 3931 986 3996 milites
1011 3927 1148 4014 Vngeri,
1173 3931 1253 3996 item
1270 3930 1421 3997 dominus
1436 3931 1544 4016 Niger

411 4039 451 4104 de
467 4037 581 4121 Nigris
597 4036 778 4104 Paduenus
794 4038 898 4103 miles.
1598 4027 1600 4046 ²

517 4144 579 4211 Ser
596 4145 729 4210 Marone
747 4145 845 4211 Teldi
860 4127 1065 4230 presentabit
1080 4143 1137 4210 elii
1154 4145 1319 4228 Hungari.

519 4249 649 4318 Nobilis
674 4253 723 4318 vir
748 4273 801 4318 ser
826 4251 995 4319 lohannes
1021 4252 1205 4319 Bsrbedieo
1230 4253 1434 4337 presentabit
1451 4254 1549 4321 Hun-

413 4381 488 4445 gam
520 4395 564 4409 -
587 4399 631 4410 ·-
655 4397 698 4408 —-
725 4401 761 4416 -

519 4468 579 4535 Ser
605 4469 752 4538 aninue
769 4471 908 4538 Alberto
924 4479 957 4538 et
973 4495 1025 4538 ser
1054 4470 1177 4538 Paulus
1193 4473 1394 4540 Meurooeno
1411 4495 1549 4560 pressu·

416 4579 506 4644 teuit
520 4577 744 4647 Benneuelum
761 4581 801 4647 de
819 4579 968 4666 Vigenna
984 4580 1024 4648 de
1040 4581 1164 4650 Padus.

1597 4417 1599 4430 l

1598 4443 1599 4450 n
