3248 5242
449 427 513 494 690
802 443 1035 494 nircouaoamr
1050 435 1219 496 rutilares.

446 609 557 693 rogari
575 607 707 675 fecimus
724 631 809 674 anno
824 610 988 693 proterite.
1016 609 1110 676 Unde
1136 609 1288 693 videntes,
1316 611 1402 694 quod
1427 606 1550 674 veniebat

447 721 576 783 tantum
592 723 678 797 aute,
694 716 918 784 mandavimus
936 719 1006 799 sibi,
1024 718 1110 803 quod
1127 717 1263 784 deberet
1286 739 1469 804 comparere
1483 715 1550 781 simi·

447 823 523 888 liter
539 846 646 890 corani
663 826 709 889 eis
735 833 870 909 propter
887 826 1007 892 damna
1024 826 1112 906 data,
1127 831 1163 890 ut
1179 825 1293 908 sciunt,
1310 848 1395 892 anno
1412 825 1511 909 elapso
1524 823 1550 886 iu

451 933 602 1016 partibus
621 936 688 999 suis
705 933 889 1018 brigantino
915 943 1037 1014 nostre,
1062 935 1150 1018 quod
1177 935 1328 1001 veniebat
1352 933 1499 1003 Venetiae
1519 930 1551 996 de

449 1041 598 1124 partibus
624 1042 786 1124 Mathoni,
803 1044 846 1109 ad
873 1044 1046 1124 sciendum,
1071 1045 1098 1108 si
1114 1042 1237 1128 aliquid
1263 1040 1551 1128 recuperatumluit,

450 1153 488 1212 ut
503 1149 732 1232 promiserunt,
744 1151 783 1215 de
795 1151 891 1217 rebus
902 1152 1031 1235 ablatis,
1047 1158 1079 1216 et
1100 1150 1291 1234 rogandum,
1307 1158 1343 1218 ut
1357 1151 1481 1235 placeat
1493 1170 1552 1234 pro

447 1255 566 1336 videre,
583 1257 670 1340 quod
686 1263 757 1322 toto
774 1279 831 1323 suo
847 1279 943 1342 posse
958 1260 1031 1344 ipsa
1046 1259 1167 1326 damna
1183 1266 1423 1344 recuperentur,
1439 1265 1468 1324 et
1482 1254 1552 1341 quod

445 1364 484 1429 de
501 1363 719 1449 culpabilibus
735 1365 827 1431 lieret
843 1365 955 1433 debita
972 1367 1112 1452 punicio,
1127 1367 1175 1432 uti
1192 1368 1276 1434 alias
1297 1387 1355 1451 per
1371 1388 1430 1433 nos
1445 1366 1553 1432 bierunt

445 1472 609 1555 requisiti3
647 1481 680 1537 et
697 1474 855 1552 similiter,
882 1475 968 1557 quod
985 1476 1193 1559 providerent
1217 1497 1277 1559 per
1302 1475 1402 1540 talem
1436 1473 1554 1543 modum.

447 1579 533 1662 quod
550 1581 651 1646 nostri
669 1602 733 1646 non
750 1581 995 1649 damnificentur
1011 1583 1051 1648 de
1067 1591 1173 1650 cetero
1190 1585 1224 1649 in
1249 1583 1400 1668 partibus
1417 1584 1486 1665 suis,
1508 1603 1554 1646 neo

445 1689 508 1753 alie
525 1690 684 1772 nationes
700 1711 760 1773 que
777 1692 924 1756 venirent
950 1689 992 1756 ad
1017 1699 1143 1757 terram
1168 1700 1323 1775 nostram,
1348 1690 1505 1758 offerendo
1527 1710 1554 1753 se

444 1795 593 1862 ultimate
619 1798 661 1862 ad
688 1804 804 1863 cuneta
830 1801 1061 1865 concernentia
1088 1799 1242 1865 honorem
1269 1820 1371 1881 suum,
1397 1799 1555 1864 bouumet

446 1905 724 1972 conservationem
742 1911 847 1972 status
864 1907 923 1988 sui,
948 1914 1107 1991 tauquam
1132 1908 1373 1973 carissimorum
1398 1908 1555 1973 amicorum

444 2021 476 2078 et
492 2013 714 2080 benivolorum
734 2016 913 2081 vicinorum
938 2024 1128 2082 nostrorum.
1153 2017 1199 2083 Et
1224 2015 1339 2084 habita
1363 2015 1555 2099 responsione

444 2121 530 2188 dicto
546 2121 797 2188 Communitatis
814 2123 924 2190 circha
940 2145 987 2204 ea,
1012 2146 1074 2207 que
1099 2126 1247 2209 superius
1272 2125 1362 2190 dicta
1387 2131 1468 2204 sunt,
1492 2145 1551 2190 cun

443 2253 491 2314 eo,
508 2232 594 2314 quod
611 2231 725 2296 fecerit
742 2241 774 2298 et
791 2232 952 2316 habuerit,
968 2255 1006 2300 ao
1022 2255 1094 2298 cum
1119 2233 1216 2318 plena
1240 2233 1467 2298 informatione
1490 2252 1553 2296 ooo·

443 2339 608 2406 dicionum
625 2341 767 2405 oninium
778 2347 810 2406 et
822 2342 1042 2424 terminorum,
1057 2342 1091 2407 in
1107 2341 1224 2426 quibus
1239 2348 1324 2422 sunt,
1341 2349 1373 2407 et
1389 2339 1553 2425 oppressio·

444 2468 521 2511 num
548 2447 740 2531 vulgarium,
757 2455 790 2512 ot
815 2450 1034 2516 intencionum
1061 2472 1193 2516 suarum
1210 2457 1243 2516 et
1267 2451 1409 2516 omnium
1426 2449 1551 2515 aliorum

444 2578 507 2640 que
524 2556 644 2620 babere
661 2557 781 2640 poterit
800 2577 858 2639 pro
875 2564 988 2623 nostra
1004 2559 1234 2638 declaratione,
1253 2566 1388 2643 accepto
1404 2555 1552 2622 amicabili

444 2671 634 2743 commeatu,
651 2663 807 2730 Venetiae
829 2674 1021 2732 revertatur.

444 2811 479 2870 (A
495 2811 621 2860 »Secreta
636 2811 750 2860 Consilii
765 2811 955 2874 nogaretum«
971 2814 1060 2862 czimrl
1071 2812 1208 2862 velent-zei
1234 2811 1452 2864 tllarnaktrtltbbl
1466 2811 1495 2861 u.
1509 2809 1551 2858 knt
1603 2825 1605 2844 ·

935 2907 977 2954 53.
991 2918 1027 2953 aa.
1042 2903 1078 2964 a.)

927 3065 968 3072 ..-

972 3211 1047 3274 417.
1603 3131 1605 3240 i

443 3367 472 3432 A
492 3392 629 3456 marpyor
646 3370 1374 3457 tenporpartnol·kereekodelrnitlaazelcb'ttete'ae
1385 3368 1561 3456 aragonia·

910 3481 973 3544 aab
1002 3481 1096 3545 1390.

550 3637 648 3704 Asino
684 3636 999 3707 MOCOLXXXX.
1027 3641 1079 3707 die
1104 3639 1243 3708 XXVI.
1276 3640 1367 3707 Maii.
1400 3637 1560 3722 Capta:

443 3744 538 3830 Quod
556 3749 753 3814 concedatur
770 3751 899 3816 Nunoio
917 3747 1085 3816 Admirati
1108 3749 1230 3815 domini
1247 3749 1349 3832 Regis
1364 3747 1560 3831 aragonum

441 3855 528 3938 quod
554 3855 593 3919 do
619 3857 770 3939 partibus
796 3857 910 3942 Segne,
937 3859 1108 3940 Fluminis,
1124 3867 1157 3924 et
1173 3861 1206 3923 in
1223 3858 1286 3924 illis
1302 3856 1450 3942 partibus
1466 3850 1561 3938 possit

442 3984 515 4027 cunr
531 3965 652 4028 nostris
669 3963 805 4030 nauibus
823 3966 994 4032 extrahere
1011 3964 1183 4050 lignamen,
1199 3973 1231 4031 ot
1247 3966 1422 4030 conducere
1437 3961 1478 4027 ad
1496 3979 1562 4042 por·
1603 4037 1604 4048 χ

440 4076 490 4135 tes
506 4068 702 4154 Aragounm
721 4071 760 4138 de
777 4076 890 4155 gracia
907 4076 1050 4159 speciali.
1602 4057 1604 4138 i

539 4217 574 4280 (Α
591 4219 697 4268 »nitati«
714 4221 801 4270 ozimtt
817 4223 953 4272 veleneaei
968 4221 1196 4286 allainkonpvbol
1212 4219 1289 4269 xor.
1302 4219 1358 4268 leot.
1374 4217 1427 4265 185.
1441 4213 1469 4276 l.)
