3214 5250
434 365 498 428 599
789 381 1026 429 oreneunczmr
1042 357 1210 428 anabuns.

428 544 584 606 maiorem
605 546 731 624 partem
749 541 789 604 de
815 541 971 624 predictis
997 548 1139 624 quatuor
1164 540 1353 624 plenissime
1378 539 1556 606 satisfaceio

428 647 632 714 adhibeatur.
650 650 690 714 ln
706 650 796 713 cuins
812 651 860 714 rei
878 650 1098 714 testimouium
1109 647 1169 713 bas
1179 653 1347 732 presentes
1363 653 1494 712 nostras
1508 647 1555 712 lic·

429 757 602 821 terastie1i
620 758 772 822 iussimus
790 757 889 840 sigilli
907 757 1011 822 nostri
1027 757 1224 841 appensione
1237 755 1548 821 roboratasDatum

429 865 463 927 in
481 864 571 930 Aula
587 871 701 930 nostra
718 863 837 947 Regali
855 861 992 930 Sotesca
1011 862 1156 928 XXIII.
1182 863 1234 927 die
1262 864 1383 928 mensis
1411 862 1553 946 Augusti,

427 971 486 1035 sub
497 993 582 1038 anno
593 971 1012 1038 Dominicelncamaeionis
1023 971 1194 1036 millesimo
1204 971 1438 1036 trecentesimo
1448 979 1551 1036 octua-

431 1082 553 1162 gesimo
570 1081 693 1162 quinto.

431 1227 463 1287 (Α
485 1228 585 1292 »Copia
598 1229 632 1276 de
646 1227 885 1278 Commemoriali«
901 1229 992 1280 ezimu
1005 1227 1142 1279 veleuczei
1164 1227 1346 1290 allambenyv
1361 1226 1443 1278 vm.
1457 1223 1554 1276 ketetk-

911 1319 958 1368 bel
973 1322 1035 1370 242.
1049 1318 1078 1378 1.)

959 1644 1033 1706 330.

429 1805 629 1870 Aoelencaei
647 1804 931 1890 bbztdrsoedpnak
956 1804 1120 1868 otositdso
1147 1802 1335 1870 Siciliciban
1362 1805 1434 1868 le'ob'
1459 1803 1554 1867 klivete

852 1917 1013 1976 szdmdra.
1034 1915 1130 1978 1385.

537 2072 637 2137 Auno
669 2069 988 2140 MOCCLXXXV.
1026 2072 1080 2136 die
1106 2070 1186 2138 XV.
1214 2069 1430 2155 Septembris.
1455 2070 1553 2154 Capta

429 2182 461 2244 in
481 2179 629 2265 Collegio
647 2189 678 2245 et
695 2182 727 2245 in
747 2179 947 2246 Addictione
963 2181 1003 2246 de
1020 2179 1106 2263 XX,
1122 2179 1210 2262 quod
1237 2179 1401 2246 scribetur
1419 2177 1550 2246 Nicolao

430 2289 470 2353 de
488 2287 637 2354 Gerardo
654 2288 793 2354 Notario
810 2289 972 2354 nostruin
990 2289 1053 2353 hac
1069 2287 1174 2353 forma
1191 2313 1197 2352 :

539 2395 684 2463 Nicolae.
701 2396 895 2480 Recepimus
911 2417 1015 2480 nuper
1030 2396 1095 2460 duo
1122 2404 1179 2461 tua
1204 2397 1315 2463 brevia
1342 2395 1437 2462 nobis
1464 2397 1552 2461 missu

394 2537 402 2544 -
424 2527 487 2590 per
502 2512 545 2585 te,
562 2505 640 2569 data
656 2505 708 2570 die
725 2503 865 2570 XVIII.
891 2511 924 2568 et
949 2502 1072 2568 XXII.
1099 2506 1218 2568 mensis
1245 2503 1388 2586 Augusti
1414 2505 1552 2590 proxime

428 2612 585 2696 preteriti.
612 2607 737 2691 Quibus
763 2611 947 2694 plenissime
979 2610 1164 2699 intellectis]
1189 2634 1245 2696 per
1270 2634 1329 2678 nos
1355 2618 1388 2677 et
1414 2619 1551 2678 nostrum

429 2719 612 2803 Collegium
640 2743 710 2784 cum
739 2718 931 2802 additione,
958 2720 1164 2804 presentibus
1190 2721 1422 2806 respondemus
1455 2728 1486 2786 et
1512 2718 1551 2784 sic

346 2891 350 2896 .
429 2831 594 2894 nolumus:
611 2828 698 2912 quod
715 2827 835 2894 debeas
852 2828 958 2894 dicere
974 2829 1021 2893 illi
1039 2829 1142 2894 amico
1159 2851 1199 2895 ex
1216 2837 1309 2913 parte
1325 2831 1430 2896 nostri
1446 2829 1550 2895 Demi·

428 2938 483 3018 nii,
500 2935 679 3020 quodlicet
697 2935 736 3000 de
753 2936 823 3019 ipso
841 2937 944 3001 amico
961 2944 1073 3004 nostre
1084 2957 1211 3002 omnem
1221 2937 1443 3021 plenissimam
1461 2934 1550 3002 conti·

428 3045 570 3109 dentiam
588 3065 779 3128 caperemus
796 3045 829 3108 iu
846 3044 993 3109 omuibus
1010 3044 1106 3109 lactis
1123 3046 1254 3128 nestris,
1271 3051 1304 3110 et
1329 3051 1489 3128 qnantum
1512 3044 1550 3108 io·

428 3158 499 3216 rent
515 3152 693 3230 maiora,ut
703 3152 771 3235 ipse
787 3151 867 3216 bene
884 3154 961 3234 scit3
977 3159 1087 3218 tamen
1104 3153 1219 3218 modus
1236 3155 1426 3220 recordatus
1441 3175 1499 3237 per
1508 3153 1549 3235 ip·

428 3281 497 3326 sum
515 3261 652 3324 amicum
664 3270 734 3326 'nen
755 3261 877 3326 laceret
893 3283 953 3345 pro
979 3261 1073 3326 nobis
1093 3284 1152 3327 nec
1167 3281 1227 3346 pro
1243 3262 1340 3328 iactis
1361 3264 1489 3328 nostris.
1512 3260 1549 3325 Et

427 3374 601 3452 propterea
617 3370 836 3452 regraciamur
846 3370 906 3435 sibi
917 3370 957 3435 de
966 3369 1124 3437 laudabili
1145 3379 1178 3437 et
1196 3374 1321 3456 optima
1339 3370 1545 3456 disposicione

427 3477 496 3571 eius
514 3476 555 3540 ad
573 3477 726 3541 honorem
744 3485 778 3543 et
803 3485 923 3544 statum
950 3481 1054 3544 nostri
1071 3481 1226 3564 Domiuii,
1251 3479 1420 3548 offerendo
1444 3499 1501 3544 nes
1522 3479 1548 3537 et

428 3582 608 3649 Commune
625 3591 779 3667 nostrum,
796 3593 833 3651 ut
850 3607 977 3670 semper
992 3585 1134 3669 fecimus.
1155 3589 1197 3655 ad
1219 3609 1277 3654 sua
1294 3588 1500 3672 beneplacita
1522 3589 1548 3646 el
1589 3585 1591 3656 i

427 3693 578 3758 bonores.
595 3693 642 3758 Et
658 3695 735 3776 quia
751 3693 858 3778 pridie
875 3695 1064 3778 scripsimus
1080 3696 1140 3762 tibi
1157 3717 1216 3780 per
1225 3695 1307 3762 dues
1318 3718 1435 3762 manus
1451 3695 1548 3759 litera·
1588 3769 1590 3776 Α

428 3823 499 3866 rum
517 3807 661 3866 nostram
679 3802 890 3868 intentionem
904 3809 936 3868 et
961 3803 1237 3886 deliberationem,
1264 3825 1363 3889 quam
1379 3805 1498 3871 iterato
1512 3797 1546 3866 ad
1589 3779 1590 3798 ¹

429 3909 589 3973 cantelam
606 3910 666 3975 tibi
684 3911 896 3992 replicamus3
912 3913 1071 3978 rollumus
1087 3920 1119 3979 et
1136 3912 1329 3980 mandamus
1346 3913 1407 3977 tibi
1424 3934 1483 3996 per
1496 3929 1545 3975 nos

429 4022 461 4081 et
473 4023 620 4082 nostrum
632 4018 815 4101 Collegium
828 4041 899 4084 eum
911 4017 1101 4102 Additicne‚
1117 4021 1202 4104 qued
1215 4041 1368 4104 procures
1378 4017 1545 4101 adimplere

427 4131 573 4190 nostram
591 4126 807 4190 intencionem
834 4126 1013 4192 secundum
1027 4125 1166 4194 formem
1193 4129 1339 4194 mandati
1357 4129 1461 4192 nostri
1487 4144 1545 4210 pre

428 4233 517 4299 dicti.
537 4235 576 4298 ln
594 4257 774 4314 cosniero,
792 4236 879 4319 quod
896 4237 1044 4302 dominus
1060 4236 1133 4302 Rex
1150 4237 1296 4304 Karalus
1312 4239 1376 4303 iret
1401 4237 1442 4301 de
1468 4240 1543 4300 certo
1588 4287 1589 4328 ἶ

429 4339 470 4406 ad
488 4349 599 4425 partes
617 4341 796 4422 Sclavenie,
814 4344 898 4409 sicut.
915 4343 952 4409 fit
967 4348 1090 4410 mentio
1107 4348 1140 4410 in
1155 4347 1259 4411 literis
1275 4347 1355 4426 eius,
1375 4353 1406 4411 et
1433 4355 1468 4411 tu
1492 4363 1542 4407 non

428 4449 553 4513 rideres
571 4450 699 4515 modum
717 4447 898 4535 complendi
915 4459 1058 4518 nostram
1075 4454 1285 4518 intent-ionem
1299 4451 1475 4518 secundum
1491 4451 1542 4515 lor·

429 4577 513 4622 mam
531 4559 678 4623 mandati
698 4561 799 4624 nostri
818 4561 977 4642 predicti;
1001 4563 1120 4627 tuncin
1138 4563 1199 4630 hoe
1218 4585 1306 4644 casu,
1322 4571 1457 4648 accepto
1472 4580 1542 4626 com·
