3134 5254
429 375 492 436 226
780 394 1011 440 nnnouurzmr
1030 383 1198 440 norrenses.

424 551 482 634 bis,
499 549 585 635 quod
602 553 654 616 nic
670 553 836 620 faciamus.
864 555 936 620 Heo
953 556 1025 620 ideo
1041 555 1213 622 scribimus
1231 557 1452 626 Dominstioui
1465 557 1529 625 Ves-

424 665 482 744 tre,
507 662 585 744 quie
613 683 722 728 omnes
748 663 894 746 colligati
920 664 995 728 hinc
1022 675 1234 745 recesserunt,
1263 674 1299 732 ut
1320 669 1353 732 in
1369 669 1417 732 his
1433 668 1531 732 litteris

424 770 618 853 continetur,
630 778 662 836 et
672 778 848 856 propterea
858 773 952 838 nobis
962 771 1096 838 difficile
1112 775 1284 858 rideretur,
1301 777 1388 859 quod
1404 775 1489 840 simul
1502 785 1526 838 el

424 878 523 942 semel
539 900 612 943 eum
629 879 780 946 omnibus
797 880 946 946 concludi
963 890 1081 964 posset.
1099 881 1220 950 Cetera
1236 892 1348 950 nutem
1360 883 1531 950 contentato

422 985 513 1051 dicte
530 986 640 1053 litters
656 987 752 1072 plene
767 989 996 1070 intelleximus,
1022 999 1054 1054 et
1076 991 1147 1074 ipsu
1173 1013 1234 1076 pro
1251 1014 1346 1076 posse
1362 993 1530 1058 conabimur

423 1092 610 1178 adimplere,
621 1116 658 1161 ae
668 1095 792 1162 sectum
802 1098 835 1163 iu
847 1098 978 1180 longum
994 1098 1162 1180 deducere,
1182 1106 1339 1183 quantum
1351 1101 1531 1183 poterimus3

422 1201 499 1268 licet
524 1201 739 1270 difficilimum
764 1206 857 1272 nobis
884 1206 1033 1272 videatur
1050 1228 1108 1290 per
1125 1228 1173 1290 ea,
1190 1230 1253 1290 que
1271 1209 1440 1275 habuimus
1456 1232 1473 1274 o
1487 1209 1530 1272 do·

422 1310 508 1374 mino
525 1309 651 1378 Korolo
667 1313 701 1406 in
716 1313 858 1396 presenti
869 1314 979 1379 litters
997 1321 1160 1395 contente,
1173 1315 1256 1381 illud
1266 1339 1442 1402 prorogare
1457 1317 1529 1380 ultro

423 1419 508 1485 diem
523 1416 549 1483 J
550 1418 617 1484 oris
633 1420 778 1503 proxime
804 1419 958 1486 futurum.
985 1421 1128 1505 Terrisij
1147 1425 1262 1506 quinto
1280 1423 1476 1509 Septembris
1490 1425 1533 1489 ho-

424 1549 459 1591 rn
478 1523 564 1588 ΠΙΙ.
581 1528 693 1592 noetis.

555 1724 612 1810 24)
638 1725 669 1789 A
694 1725 926 1792 velenczei
950 1727 1153 1810 degenek
1176 1753 1197 1795 a
1220 1729 1424 1796 lovetek.

533 1852 747 1920 Serenissime
763 1853 903 1918 Domine
921 1861 1041 1920 noster.
1058 1853 1146 1938 Quia
1160 1858 1193 1920 in
1210 1879 1273 1922 uno
1290 1864 1411 1941 puncto
1428 1857 1533 1922 litteru-

423 1985 506 2044 rum,
523 1985 604 2046 quius
620 1963 766 2030 misimus
782 1984 839 2045 per
855 1962 1026 2046 providum
1042 1965 1147 2029 virum
1172 1963 1358 2032 ‹lohannem
1376 1965 1533 2031 Plumncio.

425 2072 626 2138 Excellenlie
643 2072 761 2140 Vestro
786 2071 982 2158 scripsimus,
1009 2073 1097 2154 quod
1113 2071 1220 2138 Sudor
1238 2073 1358 2139 Petrus
1374 2084 1532 2138 recessero

425 2181 464 2247 de
481 2201 595 2265 campo
611 2188 645 2246 et
660 2181 762 2245 iverat
788 2179 955 2259 Pedunnr;
980 2203 1064 2245 nunc
1090 2181 1194 2246 eidem
1220 2181 1435 2262 notificamus,
1463 2176 1534 2262 quod

424 2290 642 2356 intelleximus
667 2290 775 2354 missis
800 2287 957 2373 predictis
983 2289 1110 2368 litteris,
1127 2288 1216 2372 quod
1233 2312 1307 2355 cum
1324 2312 1361 2355 eo
1378 2291 1472 2356 etiem
1487 2290 1536 2352 ire

424 2406 500 2464 rent
525 2399 674 2464 dominus
700 2398 882 2482 Episcopus
908 2385 1153 2480 Jauriersis,'et
1170 2397 1319 2464 dominus
1344 2395 1536 2464 elambusls-

423 2528 546 2591 penus3
571 2513 602 2572 et
618 2513 655 2571 ut
669 2506 841 2590 imaginari
859 2506 1180 2588 possumus,ire1unt
1209 2512 1342 2589 propter
1362 2505 1469 2584 serbe,
1483 2521 1534 2585 que

425 2616 488 2681 sibi
505 2617 725 2699 tetigeramus,
743 2615 872 2697 quando
889 2613 1010 2680 luimus
1026 2635 1143 2693 seeum,
1159 2620 1315 2679 contenta
1325 2614 1358 2678 in
1371 2615 1464 2680 dietis
1478 2631 1537 2677 nos-

424 2725 487 2788 tris
503 2723 631 2804 litteris,
657 2724 734 2807 quid
760 2724 910 2788 dominus
938 2721 1111 2788 Generalis
1134 2721 1216 2787 dicit
1230 2722 1416 2787 notificasse
1433 2721 1536 2788 Vestm

425 2832 596 2913 Domini03
620 2833 698 2916 quic
714 2831 795 2896 hore
822 2853 885 2913 quo
910 2830 1060 2914 predicte
1075 2831 1179 2910 scivit,
1194 2837 1265 2896 eret
1281 2830 1329 2895 ita
1345 2829 1451 2898 tardo.
1466 2825 1535 2911 quod

425 2960 489 3004 non
504 2942 611 3024 potuit
626 2939 719 3005 nobis
745 2961 784 3005 eo
809 2938 916 3004 iacere
943 2937 1125 3003 manifeste.
1147 2939 1193 3003 Et
1208 2939 1293 3003 sicut
1307 2945 1468 3022 putamus,
1480 2955 1534 3019 pre

426 3046 504 3113 dieti
530 3050 678 3115 Berones
706 3050 847 3115 nondum
874 3047 1043 3114 redierunt
1067 3046 1110 3113 ad
1129 3068 1296 3130 campum3
1321 3048 1400 3129 quia
1417 3043 1532 3112 dehem-

425 3179 497 3224 mus
512 3177 582 3222 esse
598 3156 703 3236 simul,
720 3156 802 3220 sieut
818 3175 876 3238 per
893 3155 983 3237 ipsas
999 3153 1129 3218 litteras
1146 3155 1344 3238 scripsimus,
1360 3161 1394 3218 et
1411 3153 1473 3238 ipsi
1485 3169 1536 3215 nen

424 3269 599 3334 misserunt
615 3265 720 3332 adhue
745 3264 838 3329 nobis
865 3269 1008 3328 scortum
1034 3284 1136 3345 usque
1161 3262 1204 3329 ad
1230 3263 1344 3327 liorem
1360 3268 1539 3347 presentem.

425 3372 591 3440 Sensimus
606 3373 704 3439 hodie
720 3371 761 3436 de
778 3393 873 3437 mane
889 3392 948 3455 per
964 3370 1046 3436 duos
1062 3371 1182 3437 fratres
1199 3373 1364 3437 venientes
1377 3371 1417 3436 de
1429 3369 1540 3442 Padus,

424 3483 511 3565 quod
526 3481 688 3548 Dominus
714 3478 828 3546 Pedue
846 3479 1043 3564 proclamari
1059 3480 1191 3560 fecerat,
1209 3482 1297 3564 quod
1314 3501 1426 3545 omnes
1443 3486 1540 3561 gemes.

424 3613 480 3655 sue
496 3598 530 3655 et
546 3588 712 3672 gaureroli
729 3588 779 3653 sni
796 3593 951 3671 parerent
965 3609 1008 3671 se,
1024 3589 1072 3653 ita
1088 3587 1175 3672 quod
1192 3587 1323 3672 qnando
1346 3584 1541 3654 mandabitur

424 3700 478 3778 eis,
495 3699 623 3782 possint
638 3698 817 3781 adimplere
833 3695 1000 3762 mandate,
1028 3699 1167 3780 Insuper
1187 3697 1268 3763 hora
1284 3699 1388 3763 tercie
1404 3696 1470 3762 diei
1483 3711 1542 3777 prr·

424 3808 524 3872 sentis
550 3809 729 3890 recepimus
771 3827 871 3871 unum
897 3807 994 3871 breve
1020 3805 1262 3871 Domiuetiouis
1291 3805 1412 3873 Vestre
1442 3806 1542 3869 datum

423 3923 512 3980 sexto
529 3917 649 3980 mensis
665 3914 833 3999 presentis,
849 3913 882 3978 in
901 3935 966 3996 quo
983 3935 1042 3996 pro
1060 3913 1280 3980 declaret-ioue
1295 3914 1338 3978 ed
1355 3913 1446 3979 illurn
1458 3928 1543 3996 punc-

423 4031 490 4088 tum
506 4024 669 4090 dictarum
693 4024 877 4090 litterarum
902 4031 1097 4104 nostrerum,
1123 4029 1330 4106 portatorum
1350 4045 1410 4107 per
1430 4021 1544 4090 Joheu·

425 4153 496 4196 nem
515 4131 701 4212 Plumaci03
729 4130 886 4196 videlicet.
903 4132 929 4194 si
957 4152 1029 4195 curn
1047 4129 1176 4195 domino
1192 4129 1286 4213 Rege
1302 4130 1370 4195 solo
1387 4147 1545 4214 possemus

424 4240 531 4304 iecere
556 4261 676 4324 paoem,
703 4240 729 4304 si
755 4241 862 4322 placet
886 4238 1112 4306 Dominetioni
1138 4237 1266 4322 Vestro,
1283 4239 1372 4322 quod
1388 4241 1492 4322 ipsam
1507 4235 1545 4299 i-

424 4349 554 4414 ciamus.
580 4349 660 4432 Ipsa
683 4349 877 4414 Dominetio
903 4347 1027 4415 Vestro
1045 4349 1139 4414 nobis
1154 4348 1338 4434 respondet,
1355 4349 1445 4432 quod
1461 4344 1547 4413 fectis

424 4457 573 4521 omuibus
590 4457 797 4541 experientijs
815 4457 1035 4541 possibilibus,
1054 4457 1082 4520 si
1099 4477 1162 4521 non
1180 4477 1344 4540 possemus
1365 4455 1546 4522 concludere

424 4564 456 4626 in
474 4585 642 4645 procreem
659 4565 788 4630 domino
805 4563 904 4646 Rege.
931 4564 1073 4629 Domino
1099 4563 1223 4646 Pedne,
1248 4572 1279 4628 et
1300 4564 1433 4629 domino
1450 4561 1548 4629 Petri·
