3210 5252
598 653 651 716 88.

1 771 3 817 ³
75 806 122 868 rr.
145 807 275 896 cayeu
294 812 459 897 papante
484 812 827 900 magistermemoriae
848 815 969 882 ratmot
985 815 1137 884 retorna
1154 821 1187 885 u

1 923 2 977 l
75 915 250 1002 lelytcrtdja
276 923 437 997 azdmdru,
462 921 544 1007 leopy
562 919 707 987 Viacooto'
732 925 910 989 Baruadda
929 925 961 988 da
981 925 1101 992 Galeas
1117 938 1188 992 teat·

1 1019 2 1074 3
75 1023 202 1089 cdi-okkel
223 1026 500 1112 japyoerszttuetet
531 1049 615 1114 copy
640 1029 778 1116 oe'plegee
810 1031 983 1118 ddkeeaipet
1014 1032 1186 1098 tottauec.

1 1155 2 1172 ³
576 1136 672 1202 1375.

166 1289 344 1378 Gregorius
367 1295 552 1379 Episcopus
570 1301 628 1362 etc.
645 1295 764 1364 dilecto
780 1296 848 1364 filio
865 1295 1043 1366 Guillclmo
1071 1297 1184 1367 Sancti

1 1456 2 1488 ,
75 1395 181 1482 Angeli
195 1399 345 1470 Diaconc
372 1400 543 1470 cardinali
557 1404 592 1468 in
607 1404 774 1471 nonnullis
791 1405 903 1472 'ferris
920 1405 1019 1472 Italic
1034 1405 1184 1474 Romane

1 1505 2 1565 l
78 1505 203 1573 Ecclesia
218 1508 405 1576 immediate
432 1511 587 1578 subiectis
602 1519 714 1580 nostro
731 1521 764 1579 et
780 1534 840 1597 pro
855 1513 969 1579 cadem
985 1513 1136 1582 Ecclesia
1151 1515 1185 1582 in

1 1633 2 1685 t
74 1611 306 1698 Temporalibus
323 1618 458 1687 Vicario
482 1617 638 1686 Generali
664 1621 804 1688 salutem
831 1627 890 1686 etc.
912 1618 996 1688 Cum
1015 1622 1103 1688 inter
1117 1622 1184 1690 Bo·

72 1741 186 1788 manam
209 1725 395 1791 Ecclesiam
421 1732 455 1792 et
480 1727 652 1794 nonnullos
678 1727 854 1812 Magnetes
870 1735 904 1795 et
919 1727 1114 1795 Communia
1133 1726 1187 1796 Ci-

0 1836 1 1839 ’
71 1829 192 1897 attatum
216 1832 368 1899 Partium
390 1833 489 1901 Italic
513 1854 586 1900 cum
610 1837 682 1920 ipsa
700 1835 854 1903 Ecclesia
879 1836 1052 1924 colligatos
1069 1859 1108 1904 ex
1123 1859 1186 1904 vna

70 1944 160 2020 parte,
174 1960 211 2006 ac
227 1939 458 2008 Barnabonem
473 1950 506 2008 et
521 1941 713 2010 Calcatium
729 1944 768 2009 de
785 1942 1042 2013 Vicecomitibus
1059 1943 1186 2012 Milites

70 2045 316 2116 Mediolanenses
333 2071 507 2133 eorumque
532 2051 702 2136 colligatos
719 2073 758 2118 ex
775 2050 890 2134 altera,
907 2051 1049 2136 quedam
1064 2052 1186 2120 discor·

70 2152 113 2218 die
135 2153 261 2237 dudum,
276 2163 376 2240 prout
402 2152 656 2242 Circumspectis
688 2157 762 2224 Tua
793 2158 875 2226 bene
899 2160 1038 2242 nouerit,
1062 2158 1184 2226 fuerint

69 2261 215 2342 suscitate,
240 2284 339 2347 super
364 2263 483 2347 quibus
507 2264 605 2331 iidem
629 2265 804 2332 Barnabas
830 2271 863 2332 et
878 2263 1063 2350 Galeatius,
1078 2273 1113 2333 vt
1128 2265 1183 2334 bo-

5 2378 8 2381 “
67 2389 171 2455 capax
186 2377 219 2438 et
235 2373 410 2438 concordia
425 2371 633 2456 interpertes
648 2371 718 2440 fieri
735 2380 768 2440 ct
782 2374 952 2459 adimpleri
963 2373 1080 2460 valeat,
1096 2381 1182 2442 treu-

11 2469 19 2478 ’
67 2499 130 2562 gam
145 2479 236 2546 nobis
252 2479 402 2547 iecerunt
417 2479 546 2562 offerri3
561 2479 791 2566 supplicantes,
802 2481 888 2568 quod
899 2503 995 2568 super
1009 2483 1083 2568 ipsa
1097 2489 1182 2550 trac-

66 2585 162 2671 tanda,
184 2595 218 2654 et
242 2588 340 2655 dante
374 2587 446 2655 Dec
470 2589 513 2657 ad
539 2589 725 2656 firmitatem
757 2591 970 2658 conclusionis
996 2589 1104 2657 debite
1128 2591 1180 2657 de-

66 2694 198 2764 ducenda
222 2695 433 2782 dignaremur
458 2697 500 2766 ad
532 2717 701 2765 commune
716 2697 837 2765 bonum
852 2721 911 2783 per
926 2720 994 2779 nos,
1010 2698 1063 2766 rel
1079 2699 1181 2784 alium

8 2877 15 2887 .
67 2822 112 2868 seu
125 2803 206 2870 alios
222 2811 334 2889 partes
349 2811 460 2872 nostre
484 2805 710 2873 sollicitudinis
727 2804 893 2872 adhibere.
909 2804 981 2872 Nos
998 2807 1107 2892 igitur,
1124 2807 1181 2892 qui

66 2912 225 2979 secundum
241 2911 448 2997 Apostolum,
464 2913 492 2978 si
507 2912 580 2979 fieri
596 2917 713 2997 potest,
723 2933 837 2998 pacem
855 2911 976 2980 habere
992 2935 1065 2980 cum
1080 2915 1180 2981 onmi-

66 3015 121 3098 hus,
144 3025 177 3086 et
191 3021 279 3086 inter
295 3025 427 3087 cunctos
443 3019 566 3088 Christi
582 3019 694 3088 fideles
714 3022 853 3088 inuicem
869 3021 1065 3088 dissidentes
1080 3021 1180 3088 refor-

64 3127 141 3208 uari,
171 3147 212 3192 ac
242 3127 351 3211 rigere
382 3125 589 3194 concordiam
628 3127 735 3212 plenis
766 3127 938 3195 desideriis
969 3129 1160 3196 affectamus

63 3252 142 3300 aures
157 3256 256 3320 super
272 3240 420 3301 tractatu
445 3235 531 3302 dicte
556 3242 679 3322 treuge,
695 3242 733 3302 ut
748 3237 879 3302 interim
896 3237 981 3303 bona
997 3257 1062 3321 pax
1077 3237 1164 3304 resur

62 3343 131 3408 nari
145 3344 262 3426 valcat,
279 3343 306 3408 si
322 3350 440 3429 treuga
463 3344 647 3413 huiusmodi
672 3344 881 3412 rationabilis
901 3344 1069 3428 offeratur,
1086 3351 1120 3412 ct
1135 3345 1179 3412 ad

62 3447 111 3515 hoc
132 3450 309 3518 eorundem
340 3449 569 3536 colligatorum
594 3459 670 3519 aute
695 3451 913 3520 firmationem
943 3453 1030 3519 dicte
1062 3460 1176 3538 treuge

63 3573 176 3626 uncors
200 3559 338 3627 accedat
354 3581 514 3646 assensus,
530 3560 667 3644 prebere
682 3560 849 3643 volentes3
866 3581 906 3626 ac
923 3561 1177 3646 considerantes,

62 3667 135 3745 quod
159 3667 273 3736 eadem
299 3667 374 3735 Tua
398 3667 656 3754 Circumspectio
680 3669 715 3734 in
741 3669 886 3736 Ciuitate
905 3675 1019 3736 nostra
1034 3669 1176 3737 Bononi«

61 3775 124 3855 ensi,
137 3781 252 3860 utpote
265 3777 337 3842 loco
358 3777 476 3860 aptiori
493 3782 526 3843 et
542 3776 689 3843 viciniori
708 3795 771 3859 pro
785 3774 953 3860 premissis
970 3775 1176 3860 peragendis,

60 3879 237 3950 immoratur
253 3885 297 3952 ad
312 3905 464 3968 presens;
488 3884 595 3952 eidem
615 3881 917 3967 Circumspectioni,
933 3883 975 3950 da
991 3884 1083 3950 ornus
1099 3905 1175 3968 pro·

59 3984 211 4058 latissima
237 3989 303 4057 fide
329 3997 361 4056 et
377 3990 522 4058 eiusdem
546 3991 709 4057 industria
732 3991 864 4075 plenam
883 3990 917 4054 in
935 3987 1079 4058 Domino
1096 3991 1178 4056 fidu·

5 4092 14 4101 '
59 4095 129 4162 ciam
152 4101 345 4178 obtinemus,
372 4099 522 4166 omnibus
539 4106 572 4166 et
588 4099 724 4184 singulis
740 4099 863 4165 nostris
879 4104 913 4166 et
928 4099 1015 4166 dicte
1032 4099 1177 4166 Ecclesia

59 4203 204 4288 colligatis
229 4207 447 4291 presentibus,
462 4213 495 4273 ct
514 4228 651 4291 quorum
671 4210 804 4274 nomina
819 4229 884 4274 non
900 4209 1046 4290 ignoras,
1067 4213 1101 4273 et
1117 4227 1176 4272 nos

58 4305 100 4375 lic
120 4311 231 4379 haberi
256 4314 406 4380 volumus
433 4335 494 4398 pro
519 4315 688 4399 expressis,
714 4312 890 4380 secundum
915 4315 1003 4399 quod
1023 4314 1119 4381 debet
1135 4335 1175 4379 ex

59 4412 148 4485 lerna
172 4421 397 4507 colligationis
424 4443 480 4488 scu
506 4422 749 4508 colligationum
775 4443 850 4487 cum
868 4421 990 4488 eisdem
1009 4421 1173 4505 colligatis

61 4531 197 4594 actarum
212 4551 272 4616 per
287 4531 471 4598 Ecclesiam
488 4529 719 4616 supradictam,
733 4550 793 4613 per
818 4535 852 4594 te
879 4527 1057 4614 requisitis,
1072 4551 1111 4595 ac
1126 4529 1167 4596 de
