3226 5254
579 406 673 500 reso.
1126 410 1190 470 345

50 579 234 646 humilitati
250 589 361 646 nostre
378 577 502 648 Vestra
528 579 720 648 Sublimitas
737 581 777 680 de
795 584 1013 666 responsione,
1029 607 1127 669 quarn
1144 585 1160 650 f
1180 625 1191 639 -

50 689 204 754 ciendam
220 689 323 754 eidem
339 689 487 774 Principi
500 709 598 774 super·
609 690 783 773 postulatis
801 689 954 758 subsidiis
971 714 1030 758 nos
1047 693 1191 760 scribitis

50 795 247 864 decrevisse.
272 795 409 882 Quibus,
429 805 551 880 quanto
568 799 685 883 majori
710 801 902 884 compendio
922 802 1111 887 poterimus,
1127 825 1192 868 res-

49 904 246 989 pondentes,
261 905 348 971 unde
364 907 473 990 potius
483 906 678 990 principium
689 929 889 975 assumemus
899 909 923 998 s,
940 909 1028 994 Quid
1045 911 1189 976 medium

35 1019 272 1097 prosequetur
296 1018 412 1079 nostra
438 1013 594 1080 devotio?
627 1021 685 1080 aut
711 1017 790 1100 quid
815 1016 965 1082 ultimum
991 1017 1192 1102 explicabit?

49 1121 224 1188 lbimnsne
257 1144 317 1206 per
344 1121 488 1188 cuncta?
511 1123 589 1188 Non
615 1131 712 1208 certe,
729 1125 787 1191 sed
801 1130 932 1191 notoria
947 1133 980 1192 et
997 1126 1128 1210 publica
1145 1127 1191 1191 di·

49 1230 236 1313 mittentes,
252 1235 428 1313 ceteraque
445 1232 485 1296 de
503 1234 620 1315 quibus
637 1238 746 1300 tacere
762 1234 941 1300 consultius
958 1241 1016 1317 est,
1033 1255 1130 1317 quam
1142 1234 1192 1300 vel

49 1359 158 1421 pauca
176 1339 297 1422 dicere,
313 1345 372 1404 aut
387 1339 516 1422 aliquid
529 1340 707 1424 judicando
723 1341 881 1426 proferre.
908 1341 994 1426 Quid
1012 1349 1121 1426 potest
1136 1366 1191 1410 an-

49 1445 161 1530 tiquus
189 1447 253 1530 ille,
279 1447 469 1513 inconcusse
496 1454 607 1514 nostre
632 1449 812 1516 devotionis
838 1449 979 1531 habitus,
998 1471 1094 1533 quern
1112 1474 1191 1536 erga

49 1559 154 1620 totam
183 1555 374 1640 progeniem
400 1555 540 1640 Regiam
566 1555 737 1622 habuimus
752 1558 909 1623 hacteuus
926 1563 959 1622 et
974 1559 1140 1640 habemus
1157 1560 1191 1625 iu

50 1669 144 1729 tanto
161 1685 274 1730 rerum
299 1664 439 1745 turbine,
467 1663 544 1748 quid
570 1671 695 1748 postest
711 1665 800 1731 aliud
816 1687 913 1751 quam
932 1666 1068 1732 dolere?
1093 1689 1190 1750 quam

54 1770 161 1838 llere?
188 1794 286 1856 quam
303 1769 484 1856 conqueri?
509 1794 608 1856 quam
633 1773 789 1840 tristari?
813 1774 901 1859 Quid
928 1775 1067 1858 deniqne
1083 1781 1191 1860 potest

53 1879 151 1962 aliud,
171 1901 273 1963 quam
290 1901 352 1963 que
369 1882 436 1946 sint
452 1879 689 1946 conciliationis
706 1886 739 1945 et
755 1882 845 1965 pacis
861 1882 894 1946 in
911 1888 979 1947 tam
998 1883 1190 1966 perniciosis

53 1987 196 2054 motibus
213 1985 385 2072 cogitare?
408 1987 497 2054 Nam
524 1992 682 2074 quantum
708 1987 751 2054 ad
775 1993 1017 2073 responsionem
1043 1996 1189 2057 nostram

13 2179 14 2182 Ἴ
53 2096 182 2178 attinet,
208 2118 268 2181 pro
295 2118 360 2180 qua
387 2096 610 2180 tambenigne
628 2103 745 2163 ettam
762 2097 935 2181 magnifice
957 2097 1049 2163 nobis
1065 2099 1190 2182 gratias

54 2206 224 2288 retulistis,
250 2206 328 2290 quid
353 2205 444 2274 aliud
470 2205 625 2272 debemus
650 2204 766 2289 lacere,
791 2207 854 2271 nisi
871 2228 988 2290 puram
1004 2205 1188 2291 veritatem,

53 2319 83 2376 ct
100 2313 261 2397 quicquid
279 2316 311 2378 in
327 2315 390 2381 hoc
405 2321 534 2397 gestum
550 2314 694 2380 extiterit
710 2312 879 2397 profiteri?
897 2315 1055 2380 Fatemur
1067 2316 1191 2405 itaque,

55 2418 272 2488 Serenissima
296 2421 436 2504 Regina,
452 2421 550 2486 fuisse
573 2421 776 2487 devotionem
795 2428 941 2487 nostram
958 2422 1100 2488 maxima
1116 2445 1188 2488 cum

55 2525 213 2595 instantia
228 2530 421 2614 requisitam
449 2550 509 2610 pro
534 2536 629 2613 parte
653 2528 874 2595 lllustrissimi
891 2528 1056 2614 Principis
1072 2535 1106 2594 et
1121 2531 1189 2596 Do·

13 2659 15 2666 ·
55 2637 130 2702 mirri
156 2638 264 2702 nostri
290 2638 446 2722 precipui,
472 2638 592 2704 domini
618 2637 720 2720 Regis
746 2637 929 2721 Hungarie,
956 2638 1042 2721 qnod
1059 2639 1189 2703 domino

56 2741 182 2812 Karolo
200 2745 399 2829 supradicto,
414 2751 481 2810 tam
499 2746 653 2829 gentium,
670 2766 767 2828 quam
778 2746 921 2829 pecunie,
930 2745 963 2809 in
974 2745 1189 2828 acquisitione

56 2849 169 2936 Regni,
187 2859 298 2920 nostra
315 2853 503 2920 deberemus
516 2853 663 2920 subsidia
673 2854 870 2920 ministrare.
887 2852 983 2937 Quod
1001 2876 1065 2920 nou
1083 2854 1186 2918 solum

58 2979 111 3039 per
136 2960 367 3028 Reverendum
392 2963 425 3025 in
454 2960 588 3027 Obristo
620 2967 748 3046 patrem
789 2963 953 3028 dominum
986 2961 1188 3046 Episcopum

58 3065 262 3136 Jaurieusem
273 3068 449 3137 Oratorem
460 3069 600 3152 Regium
611 3067 674 3134 fuit
690 3070 838 3152 petitum,
857 3069 915 3135 sed
931 3071 1071 3154 ipsemet
1087 3069 1189 3134 domi·

59 3177 157 3246 nunus
185 3176 257 3243 Rex
283 3198 338 3244 ore
363 3178 495 3261 proprio
512 3178 633 3242 nostris
651 3177 848 3248 Oratoribus
864 3179 898 3242 in
915 3175 980 3243 Sue
997 3177 1189 3260 Mejestatis

59 3287 220 3368 presentia
235 3286 419 3351 constitutis
445 3285 533 3368 apud
559 3285 721 3349 civitatem
742 3285 918 3368 Zagabrie,
934 3285 996 3350 hoc
1010 3283 1096 3350 idem
1112 3306 1185 3368 per-

59 3395 128 3462 tulit
143 3397 221 3461 vivs
235 3415 322 3475 voce,
339 3400 373 3459 et
387 3414 445 3477 per
461 3394 589 3459 litteras
606 3413 686 3477 quas
697 3393 796 3459 iidem
808 3394 964 3461 Oratores
976 3394 1079 3459 nostri
1091 3417 1111 3460 a
1122 3393 1187 3461 Sue

60 3495 267 3570 Oelsitudinis
293 3498 445 3567 Oulmiue
472 3507 672 3584 receperunt,
698 3521 757 3583 pro
784 3500 870 3566 dicto
892 3500 1044 3585 Principe
1060 3522 1186 3568 omnem

60 3611 159 3676 nostri
175 3611 295 3676 favoris
313 3609 535 3675 assistentiam
552 3608 748 3692 postulavit;
782 3609 959 3675 asserendo
982 3610 1069 3692 quod
1086 3608 1188 3678 eidem

61 3717 90 3782 in
112 3719 229 3806 Regno
254 3720 382 3804 prefato
409 3723 612 3785 concesserat
635 3719 710 3803 jura
727 3739 805 3798 sua,
837 3718 989 3800 quodque
1007 3740 1079 3784 eum
1096 3720 1138 3784 ad
1155 3720 1188 3784 id

61 3823 138 3894 bello
166 3829 380 3913 repetendum
406 3849 478 3893 cum
505 3848 636 3892 suarum
663 3821 810 3911 geritium
825 3827 974 3909 potentia
990 3827 1188 3893 transmitte·

62 3931 120 4000 bet.
134 3937 204 4003 Nos
219 3945 336 4014 autem,
354 3937 501 4020 quamvis
518 3942 645 4001 tantum
671 3933 798 4018 prefate
824 3935 996 4020 Majestati
1011 3934 1117 4018 Regis
1135 3935 1188 4000 de-

13 4071 14 4120 3
61 4039 198 4125 beamus,
215 4044 301 4129 quod
318 4044 400 4109 nibil
417 4043 552 4109 honeste
568 4063 663 4126 posse
679 4043 847 4108 videamur
858 4041 963 4108 eidem
975 4043 1098 4125 absque
1108 4047 1188 4108 nota

13 4145 14 4150 ’
64 4140 300 4236 ingratitudinis
326 4152 497 4236 denegare,
531 4157 677 4217 attamen
702 4152 735 4216 in
761 4157 900 4234 utraque
925 4157 1020 4234 parte
1052 4151 1188 4217 subsidii

64 4263 296 4346 responsionem
314 4262 461 4356 dedimus
479 4262 674 4344 negativam,
691 4279 730 4322 ex
747 4279 783 4324 eo
800 4259 951 4344 precipue
962 4256 1184 4338 fundamento,

13 4391 14 4396 ¹
65 4373 229 4446 quodcum
248 4373 349 4438 totius
365 4371 570 4456 posteritatis
587 4370 658 4437 dive
675 4371 828 4435 memorie
844 4367 963 4433 Karoli
980 4368 1077 4450 primi
1087 4368 1112 4434 J
1114 4387 1185 4431 eru·

65 4477 152 4544 salem
169 4483 202 4545 et
218 4477 328 4546 Sicilie
344 4481 455 4563 Regis,
472 4479 539 4544 sine
556 4499 769 4562 personarum
786 4476 1018 4560 acceptatione,
1029 4473 1182 4540 fuerimus
1214 4481 1217 4486 “

64 4587 226 4653 cumomni
243 4585 412 4655 devotione
429 4587 588 4666 cultores,
613 4608 678 4652 non
695 4583 829 4650 decebat
845 4605 903 4650 nos
921 4589 1068 4650 armatos
1083 4582 1187 4667 impio
