3210 5252
544 447 546 454 ¹
588 381 681 443 1374.
1153 380 1196 440 89

4 583 6 628 ;
82 553 159 618 litem
183 573 237 618 seu
260 553 428 636 Nobilem,
454 556 502 620 vel
518 556 619 622 alium
635 575 868 640 quemcunque,
884 555 1103 639 cujuscunque
1119 575 1196 619 con·

85 659 204 728 ditionis
228 662 359 745 existat,
375 669 566 729 extremum
583 665 753 749 hospitem,
770 683 826 730 seu
842 662 1057 746 alienigenam
1074 667 1197 744 preter·

84 788 170 849 quern
194 770 325 836 rabone
357 768 527 854 Polonum,
551 773 584 837 in
612 771 829 856 capitaneum
854 769 1009 855 preficere
1034 767 1198 850 debemus,

4 939 5 944 ,
81 876 132 941 nisi
155 876 251 944 telem
277 881 334 962 qui
361 879 421 945 snb
438 880 550 947 eadem
577 877 709 948 Corona
725 880 765 946 de
785 886 883 963 geute
899 877 1057 944 Polonica
1075 875 1119 942 sit
1133 877 1196 942 ori·

4 979 10 1058 i
81 983 182 1068 undus,
206 985 384 1054 dnmmodo
409 1010 475 1054 non
500 988 678 1055 descendat
702 988 742 1053 de
768 987 869 1071 stirpe
888 983 1016 1054 Ducali.
1044 984 1196 1052 Ceterum

81 1093 295 1179 promittimus,
321 1095 409 1179 quod
433 1096 556 1163 nullum
588 1103 733 1163 castrum
768 1117 824 1162 seu
858 1093 1054 1160 fortalitium
1088 1081 1217 1176 Regni

4 1195 6 1286 ᾗ
81 1198 201 1266 Pclonie
226 1203 327 1269 elicui
352 1201 438 1270 Dnei
462 1205 512 1270 rel
536 1203 684 1288 Principi
709 1209 776 1284 aut,
797 1201 1004 1268 descendenti
1021 1199 1195 1283 degenere

80 1305 193 1392 Deceli,
217 1311 399 1394 regendum
416 1318 450 1378 et
464 1310 638 1380 tenendum
654 1313 893 1378 committemus
909 1330 969 1394 pro
984 1315 1130 1392 tempore
1146 1307 1197 1373 vel

4 1417 6 1520 ξ
80 1413 219 1482 menum.
235 1417 367 1482 Deinde
377 1418 582 1502 spondemus,
592 1423 701 1484 cestra
711 1424 746 1484 et
755 1417 904 1484 civitates
914 1414 1069 1500 sepedicti
1079 1413 1197 1498 Regni,

4 1529 7 1612 l
79 1519 237 1605 dequibus
254 1524 396 1590 honores
412 1532 445 1592 et
456 1526 629 1610 judiciales
646 1526 739 1592 sedes
750 1524 939 1610 procedunt,
955 1524 1014 1590 hec
1028 1521 1194 1588 videlicet:

4 1613 7 1658 t
79 1623 231 1711 dracone,
258 1630 369 1710 Biecz,
384 1629 540 1714 Sendeee,
565 1631 712 1716 Vislicia,
729 1632 884 1717 Woyniez
900 1631 934 1696 in
954 1629 1059 1696 'llerra
1074 1625 1194 1694 Oreco·

4 1767 6 1822 ξ
77 1735 184 1818 aiensi,
208 1735 427 1820 Sendcmiria,
454 1738 638 1822 zavichost,
663 1739 795 1822 Lublin,
821 1737 1027 1819 Sieciechow,
1062 1734 1195 1818 hules,

4 1883 5 1920 3
78 1841 191 1910 Radom
218 1847 251 1910 in
282 1845 386 1913 Terre
411 1843 686 1929 Sandomiriensi;
709 1871 750 1915 ac
766 1845 918 1914 Castrum
934 1843 1145 1912 Lanciciense
1162 1844 1196 1906 in

4 1961 6 2004 :
78 1951 169 2018 'lerra
193 1953 419 2036 Dasummi,
442 1957 476 2021 in
502 1956 608 2022 'Perre
633 1953 816 2024 Siradiensi
848 1953 1032 2033 Piotrlrorr3
1057 1954 1136 2017 item
1162 1951 1197 2015 in

4 2065 6 2144 J
78 2057 171 2126 Terra
187 2059 326 2128 Ouiavie
340 2061 500 2148 Brzeseie,
518 2062 698 2145 Krusnica,
715 2061 940 2142 Vladislavie5
956 2061 1034 2126 item
1050 2059 1084 2123 in
1098 2056 1195 2124 Polo·

4 2145 6 2176 ¹
79 2168 126 2232 nie
147 2169 273 2254 Majori
298 2171 474 2253 Posnania,
499 2172 714 2258 Miedeyrzyc,
742 2169 895 2253 Sbansin,
921 2167 1047 2250 Kalisz,
1062 2164 1195 2248 Nalriel,

4 2275 6 2306 '
78 2273 176 2342 Konin
201 2283 234 2342 et
260 2277 394 2364 Pysdry
410 2285 606 2365 nuncupata,
633 2278 715 2346 nulli
737 2279 843 2358 alteri,
859 2277 922 2342 nisi
938 2273 1123 2358 terrigenis,
1139 2293 1196 2338 seu

78 2378 255 2468 capitaneis
283 2385 317 2450 in
333 2386 447 2452 eodem
471 2387 588 2472 Regno
614 2383 866 2453 consistentibus
892 2380 1100 2448 conferemus.
1116 2376 1197 2447 Alia

77 2499 172 2556 eutem
198 2499 315 2559 castre
345 2514 536 2578 quecunque
567 2491 753 2578 hospitibus
777 2492 829 2557 vel
854 2489 927 2556 eliis
953 2487 1197 2574 quibuscunque

76 2595 273 2682 uoluerimus,
297 2597 369 2665 Nos
395 2607 427 2666 et
452 2601 553 2666 nostri
580 2620 781 2666 successores
806 2597 965 2664 habemus
982 2601 1016 2662 et
1030 2595 1197 2663 habebunt

75 2702 200 2774 liberam
222 2710 413 2776 conferendi
438 2709 638 2776 fecidtatem.
664 2707 887 2788 Decernendo,
913 2706 1000 2791 quod
1025 2705 1088 2790 ipsi
1116 2705 1197 2770 Bur·

75 2815 180 2900 grabij,
205 2839 266 2886 seu
291 2817 448 2886 Rectores
465 2815 666 2898 Castrorum,
691 2823 724 2882 et
748 2815 895 2882 homines
913 2816 1067 2899 ipsorum,
1084 2834 1194 2879 eorem

76 2917 258 3005 Capitaneis
285 2922 469 3005 Jndicibns,
495 2923 729 3008 Subjudicibus
756 2921 862 3006 Regni
888 2921 1036 3006 predicti,
1063 2921 1119 3005 qni
1136 2939 1197 3002 pro

74 3034 209 3113 tempore
226 3030 362 3114 fuerint,
371 3033 464 3098 citati
475 3037 694 3115 compareant,
709 3037 742 3098 et
757 3029 975 3113 respondeant
985 3029 1024 3094 de
1036 3049 1070 3093 se
1081 3047 1197 3112 qneru-

74 3135 216 3220 lsntihus,
242 3145 343 3223 prout
368 3139 467 3206 ceteri
487 3137 624 3205 Nobiles
650 3144 684 3204 et
707 3137 854 3204 homines
879 3135 1063 3220 quicunque
1088 3133 1196 3217 Regni

74 3246 209 3326 predicti.
236 3246 425 3313 Dummodo
452 3267 551 3312 causa
575 3245 709 3312 ultionis
735 3243 926 3327 sanguinem
951 3263 1017 3308 non
1040 3241 1197 3322 requirat,

74 3353 155 3438 cnjus
179 3354 405 3438 cognitionem
421 3374 481 3437 pro
498 3353 591 3420 nobis
618 3359 652 3420 et
666 3354 786 3419 nostris
803 3350 1040 3419 successoribus
1057 3369 1199 3416 reserva-

74 3481 135 3526 mus
160 3461 360 3546 specialiter.
385 3459 553 3540 Preterea,
578 3461 606 3526 si
630 3481 690 3545 per
713 3461 865 3543 Regnum
890 3458 982 3545 illud,
1007 3478 1199 3542 quocunque

74 3571 210 3650 tempore
226 3589 289 3634 nos
304 3573 338 3632 et
354 3573 482 3633 nostros
501 3587 703 3634 successores
729 3566 908 3652 procedere
934 3567 1116 3650 contigerit,
1144 3564 1197 3629 de·

57 3733 60 3741 .
79 3695 199 3741 scensas
216 3696 318 3759 super
333 3675 492 3758 Berones,
508 3673 653 3754 Nobiles,
669 3673 804 3756 Milites,
820 3675 1018 3759 ipsorunque
1035 3672 1200 3757 populum,

73 3778 266 3866 lmetbcnes,
284 3803 343 3848 sen
358 3784 523 3867 iragiones
539 3805 604 3849 non
620 3782 772 3850 faciemus
792 3789 907 3849 contra
930 3783 1073 3866 ipsorum
1089 3781 1200 3845 volun-

73 3895 176 3972 tatem,
193 3913 256 3958 nec
272 3892 398 3974 aliquid
415 3893 584 3960 occasione
600 3891 680 3958 dicti
696 3892 869 3958 descensus
886 3891 972 3974 exigi
982 3891 1138 3958 faciemus
1155 3889 1197 3954 ab

73 3999 193 4064 eisdem.
220 3998 373 4083 Quodsi
399 4000 482 4066 alias
507 4020 568 4082 pro
594 3997 742 4068 faciendo
768 4000 925 4068 descensu
956 3999 1117 4064 divertere
1136 4019 1200 4062 non

71 4125 241 4186 possemus,
268 4113 388 4172 extunc
413 4129 472 4192 pro
498 4109 618 4174 nostris
651 4107 831 4191 sumptibus
848 4112 882 4172 et
896 4107 1035 4191 pecunia
1051 4126 1110 4170 nos
1125 4125 1199 4188 pro-

71 4215 170 4280 curari
184 4216 221 4280 in
243 4214 436 4280 victualibus
452 4223 485 4279 et
499 4215 572 4299 alijs
587 4215 781 4298 necessarijs
791 4213 955 4280 faciemus.
972 4214 1110 4298 Insuper
1128 4233 1199 4276 om-

71 4339 121 4386 nes
136 4319 297 4400 Berones,
314 4319 500 4405 Magnetes,
517 4320 662 4403 Nobiles,
673 4321 840 4401 Civitates,
857 4321 988 4404 oppida,
1005 4318 1109 4399 rilles,
1126 4340 1199 4404 pos-

71 4429 222 4494 sessiones
250 4427 437 4511 eorundem,
462 4429 619 4513 populum
644 4435 677 4494 et
703 4427 894 4494 lrmethones
919 4427 952 4491 in
976 4447 1086 4490 eorum
1102 4426 1199 4492 liber-

72 4535 190 4605 tatibus
216 4536 412 4621 pollicemur
437 4543 469 4600 et
486 4537 681 4619 spondemus
712 4556 911 4615 conservare,
937 4556 994 4600 nee
1012 4555 1067 4600 eos
1084 4541 1200 4601 contre
