3226 5258
366 375 385 435 6
498 451 502 456 ⁵
718 387 953 432 orruouaczrir
969 371 1138 432 uuuuuun

367 557 444 615 runt
459 551 634 633 assignata,
649 554 682 614 et
698 545 737 613 de
754 546 870 631 quibus
886 569 944 631 per
959 546 1087 612 litteras
1103 548 1305 613 auctentioas
1323 567 1420 631 super
1436 545 1499 612 hoc

366 655 530 723 confectas
546 655 688 722 eiusdem
703 654 865 721 Kazimiri
886 653 997 738 Regis,
1013 677 1052 722 ao
1068 656 1382 740 quamplurimorum
1399 655 1497 722 Prin·

368 765 475 849 cipum
500 770 533 831 ct
554 763 696 831 aliorum
711 763 866 829 nobilium
885 762 1001 847 sigillis
1019 762 1180 847 sigillatas
1197 786 1356 849 apparere
1378 769 1499 848 potest,

368 874 510 957 ipsorum
526 874 684 940 bonorum
709 871 945 956 possessionem
970 871 1004 936 iu
1028 893 1110 956 pace
1136 872 1291 954 dimittas,
1316 893 1387 938 eam
1403 873 1498 938 bouis

369 983 449 1065 ipsis
473 980 617 1066 gaudere
641 978 744 1047 libere
770 979 1007 1062 permittend03
1031 982 1081 1046 ita
1113 981 1201 1065 quod
1232 979 1500 1065 Omnipotentcm

370 1089 547 1155 Dominum
572 1087 635 1155 tibi
661 1087 839 1155 constituat
863 1089 1053 1174 propicium,
1078 1111 1213 1174 uosque,
1238 1091 1294 1174 qui
1319 1095 1353 1156 te
1375 1087 1501 1154 sincere

370 1196 544 1280 diligimus,
560 1195 767 1264 devocionem
792 1202 882 1262 tuam
902 1196 1010 1282 dignis
1026 1198 1059 1263 in
1076 1198 1217 1265 Domino
1232 1195 1385 1263 laudibus
1401 1195 1502 1261 attol-

372 1305 485 1371 lamus.
509 1305 634 1372 Datum
660 1301 825 1370 Asinioue
850 1304 934 1371 XII.
959 1305 1117 1372 kalendas
1147 1307 1252 1393 Junii,
1283 1303 1501 1372 Pontificatus

374 1413 480 1480 nostri
496 1433 581 1479 auno
595 1413 711 1497 primo.

693 1559 753 1622 (XI.
768 1559 885 1626 Gergely
898 1559 970 1625 papa
982 1560 1170 1626 regestdibol.)

920 1867 951 1930 4.

375 2027 433 2090 XI.
451 2026 590 2112 Gerpely
600 2029 696 2112 pcipe
704 2026 833 2113 folkeri
859 2027 887 2089 1.
905 2027 1004 2112 Lcjos
1020 2052 1161 2117 magycr
1177 2030 1209 2092 c's
1224 2028 1347 2115 lenqgel
1364 2026 1506 2113 kirdlyt,

376 2137 456 2221 boqy
472 2133 498 2197 I.
513 2133 669 2200 Jolranac
684 2134 812 2200 sicilici
836 2134 1000 2220 kirclyne'r
1015 2137 1221 2224 orrqudnak
1238 2135 1433 2201 birtolcdban
1449 2138 1507 2200 ba'·

681 2240 881 2328 borpcttatoi
896 2267 935 2308 ne
950 2245 1082 2330 bagyjc.
1108 2246 1209 2311 1371.

485 2398 665 2483 Gregorius
680 2400 864 2486 Episcopus
880 2408 940 2469 etc.
966 2401 1136 2469 carissimo
1151 2403 1185 2468 in
1201 2401 1337 2469 Christo
1356 2402 1424 2467 filio
1442 2401 1508 2468 Lu-

378 2508 491 2573 dovico
506 2507 592 2592 Regi
617 2505 764 2592 Vugarie
789 2509 921 2593 illustri,
940 2510 1081 2576 salutem
1097 2515 1156 2577 etc.
1173 2507 1362 2577 Gaudemus
1379 2516 1412 2575 ct
1427 2510 1508 2576 leta-

378 2639 452 2682 mur
467 2617 501 2681 in
517 2614 668 2697 Domino,
683 2617 738 2701 qui
755 2618 803 2684 sic
818 2639 992 2702 personam
1008 2625 1098 2685 tuam
1113 2619 1225 2704 gracia
1240 2640 1296 2684 sue
1312 2617 1509 2685 benedictio-

379 2727 429 2792 nis
445 2723 597 2808 perfudit,
614 2725 727 2806 sicque
751 2725 813 2792 tibi
837 2725 992 2809 mandem
1018 2727 1160 2793 animum
1174 2726 1307 2810 prebuit
1322 2727 1365 2792 ad
1381 2749 1440 2792 sua
1456 2727 1508 2794 be·

381 2833 544 2918 neplacita
560 2832 800 2916 prosequenda,
817 2833 904 2916 quod
919 2839 1088 2918 tamquam
1114 2834 1274 2918 Princeps
1294 2830 1508 2899 Christianis-

358 2929 361 2934 ’
380 2943 478 3008 simus
495 2939 612 3006 eximie
627 2940 809 3008 devocionis
826 2949 858 3007 et
873 2941 1051 3007 illustrium
1067 2943 1257 3007 meritorum
1273 2941 1378 3006 titulis
1387 2942 1510 3024 presig-

380 3050 467 3114 nitus
483 3049 572 3133 apud
585 3049 692 3132 ipsum
707 3049 814 3116 Deum
831 3071 869 3116 ac
885 3070 944 3116 nos
962 3055 995 3115 et
1011 3047 1127 3116 Sedem
1137 3047 1374 3134 Apostolicam,
1390 3070 1509 3133 gerens

380 3157 600 3224 reverenciam
616 3155 759 3239 filialem,
774 3156 924 3223 Romane
934 3157 1082 3224 Ecclesie
1098 3158 1171 3223 iura
1187 3164 1284 3240 atque
1299 3156 1387 3223 bona
1401 3155 1509 3241 Regio

380 3267 491 3332 lavore
516 3265 732 3350 prosequeris,
748 3271 782 3331 et
797 3272 956 3350 quantum
971 3267 1005 3331 in
1021 3273 1053 3332 te
1070 3273 1127 3349 est,
1151 3265 1210 3332 illa
1234 3265 1395 3332 molestiis
1412 3269 1446 3329 et
1462 3265 1509 3329 in-

379 3375 473 3440 iuriis
489 3372 575 3440 affici
592 3394 656 3438 non
671 3374 843 3456 permittis,
868 3373 1031 3440 honorans
1046 3374 1081 3440 in
1096 3373 1159 3440 hoo
1176 3374 1312 3441 eandem
1327 3371 1509 3440 Romanam

380 3481 571 3564 Ecclesiam,
596 3482 630 3545 in
655 3481 745 3546 ouius
771 3482 919 3547 caritatis
934 3480 1113 3548 visceribus
1129 3482 1235 3548 locum
1251 3480 1441 3566 precipuum
1457 3480 1512 3547 ob·

381 3591 466 3656 tines
482 3589 567 3655 inter
582 3595 709 3656 ceteros
736 3587 922 3656 Catholicos
942 3590 1113 3675 Principes
1129 3591 1219 3656 orbis
1235 3596 1333 3656 terre.
1350 3585 1434 3654 (lum
1449 3589 1512 3654 ita·

381 3719 443 3783 quo
458 3695 610 3780 Regnum
627 3694 738 3762 Sicilie
755 3703 788 3763 et
802 3704 892 3764 terra
909 3699 993 3764 citra
1008 3697 1131 3764 Fanum
1146 3720 1167 3764 a
1183 3697 1333 3764 Romana
1352 3695 1511 3775 Ecclesia,

380 3811 480 3890 prout
495 3803 748 3889 Magnificeucia
766 3804 839 3871 Tua
853 3806 936 3872 bene
952 3807 1049 3887 novit,
1059 3812 1210 3872 teneatur
1227 3808 1260 3871 in
1275 3803 1407 3871 feudum
1423 3825 1443 3868 a
1460 3825 1513 3869 ca-

252 3910 256 3930 ‘
381 3914 513 3980 rissima
528 3914 562 3978 iu
578 3910 713 3978 Christo
729 3912 798 3979 lilia
813 3920 925 3979 nostra
940 3913 966 3980 J
968 3914 1097 3980 ohanna
1112 3912 1242 3996 Regina
1258 3910 1368 3978 Sicilie
1380 3910 1514 3990 illustri,

381 4042 444 4108 que
461 4020 564 4087 eidem
589 4019 738 4086 Romane
763 4020 910 4086 Ecclesia
936 4027 1051 4086 contra
1066 4021 1135 4086 eius
1152 4021 1259 4086 hostes
1274 4026 1344 4084 tam
1360 4019 1394 4082 in
1410 4017 1514 4102 genti·

379 4132 442 4196 bus
458 4129 637 4213 armigeris,
662 4150 759 4213 quam
786 4129 819 4192 in
843 4123 947 4213 galcis
965 4134 997 4194 et
1012 4126 1087 4193 aliis
1111 4127 1276 4212 obsequiis
1292 4124 1398 4191 multa
1414 4125 1515 4190 servi-

383 4241 434 4307 cia
448 4239 655 4324 impenderit,
672 4242 706 4304 et
721 4243 897 4322 propterea
910 4256 982 4303 eam
997 4235 1165 4302 favoribus
1191 4234 1344 4318 gratiosis
1358 4235 1515 4317 prosequi

382 4349 529 4430 velimus,
554 4355 587 4414 ot
611 4347 763 4432 Regnum
789 4367 882 4412 suum
907 4347 940 4411 in
966 4343 1102 4430 pacifico
1120 4351 1151 4409 et
1167 4343 1346 4429 tranquillo
1363 4345 1453 4407 statu
1468 4347 1515 4405 te-

384 4456 464 4539 neri,
480 4457 726 4539 necimmerito,
751 4455 1027 4540 quamplurimum
1049 4449 1260 4519 affectemus:
1277 4449 1516 4517 Celsitudinem
1605 4531 1606 4534 Ἴ

386 4563 526 4653 Regiam
541 4562 723 4650 rogandam
749 4563 907 4631 attoncius
924 4562 1074 4628 duximus
1090 4565 1123 4628 ot
1138 4557 1343 4640 hortandam,
1359 4559 1517 4642 quatinus
