3172 5254
8 1439 50 2120 “v‘rfffrassffiass³m
9 1411 56 1488 <22:1³

67 2065 68 2068 „
49 1793 65 1876 -2‘2
63 1743 64 1746 „
59 1685 60 1688 „
56 1611 63 1624 „-
43 1483 64 1574 *⁴⁴1
42 1425 68 1438 ἰ

8 2123 30 2268 -νττῑ-ῑνὲ

8 2283 47 2344 e.

8 2345 38 2376 κν·
65 2355 68 2360 r

8 2489 25 2514 ,,

7 2511 43 2560 r*

58 1161 62 1172 -
48 1081 73 1134 ,⁴5
63 1059 64 1062 „
42 925 71 962 »ᾗ
58 905 60 908 -
46 884 48 887 ”
57 835 77 868 ⁴2·-
46 807 47 810 ‘
50 785 51 788 Α
49 745 75 760 ιᾼ
52 719 73 732 2
38 523 79 704 -„-;<3‡}:}3-2³-
42 453 70 492 5-3
41 375 81 438 ¹⁸2³.—
43 311 79 364 ἐξ
35 268 56 285 ³
40 210 82 247 ''V''

1226 10 1240 22 .-
1278 13 1282 20 ι
1313 2 1436 27 ’Τ“ἸἾ,“(

1501 243 1504 256 ·
1577 230 1579 267 Ι

429 328 492 388 206
786 339 1019 386 nmnouuczmr
1037 326 1222 392 narrarem,

410 503 514 586 ¹quod
541 502 719 569 viveremus
743 521 816 567 cum
845 500 901 585 eis,
926 500 988 566 hoc
1014 506 1100 566 esset
1125 502 1159 568 iu
1185 500 1320 566 nimium
1346 497 1540 584 prejuditium

427 618 585 677 nostrum.
601 609 690 695 Quia
704 611 729 677 J
731 631 891 677 anuenses
907 615 940 675 et
956 609 1013 694 alij
1032 609 1185 692 colligati,
1201 609 1341 674 scientes
1359 629 1399 673 ea
1419 628 1478 690 que
1493 605 1540 670 rel-

426 717 530 785 lemus
545 717 671 800 facere3
694 719 759 802 ipsi
783 717 913 784 domiuo
938 716 1035 800 Regi,
1060 721 1213 800 peterent
1238 722 1288 783 tot
1304 722 1336 782 et
1352 714 1443 797 talia,
1466 712 1539 797 quod

427 847 492 892 non
511 827 616 893 solum
631 847 698 908 nos,
715 825 774 892 sed
790 830 858 891 tres
874 823 1137 892 Communitates
1156 847 1222 892 non
1238 825 1347 890 forent
1363 821 1540 888 sufficientes

426 935 471 1001 ad
486 934 670 1002 laciendum
694 933 853 1018 predicta·
877 934 925 999 Et
950 938 1125 1017 propterea
1153 933 1325 1000 videbatur
1350 931 1450 1011 nobis,
1469 927 1541 1012 quod

428 1044 616 1111 deberemus
632 1043 736 1128 primo
763 1044 846 1109 scire
872 1042 1087 1108 intentionem
1102 1041 1239 1108 istorum
1254 1042 1488 1125 colligatorum,
1505 1035 1541 1101 vel

428 1151 572 1235 qualiter
588 1151 738 1218 dominus
765 1152 837 1219 Rex
861 1149 960 1216 vellet
978 1151 1067 1235 quod
1082 1172 1141 1217 nos
1157 1151 1335 1217 viveremus
1353 1171 1424 1215 cum
1440 1149 1497 1226 eis3
1517 1151 1540 1208 et

427 1266 541 1344 postea
557 1282 723 1345 possemus
739 1261 931 1345 promittere
948 1265 981 1324 et
996 1259 1254 1325 condescendere
1269 1258 1362 1325 adea
1373 1278 1434 1344 que
1449 1257 1541 1322 forent

426 1370 521 1435 nobis
537 1368 715 1453 possibilia,
740 1375 774 1435 et
797 1390 857 1452 pro
883 1369 1006 1435 honore
1031 1367 1153 1435 domini
1178 1369 1290 1454 Regis.
1317 1367 1405 1453 Quia
1420 1365 1540 1433 intentio

427 1483 539 1543 nostra
550 1485 622 1544 erat
632 1477 721 1544 nullo
733 1477 829 1544 modo
845 1477 1038 1562 promittere
1055 1498 1094 1543 ea
1110 1499 1172 1561 que
1189 1497 1254 1542 non
1272 1497 1438 1562 possemus
1452 1482 1541 1541 atten-

427 1585 514 1668 dere;
525 1585 582 1651 sed
592 1585 789 1652 intendimus
800 1586 930 1653 omnino
940 1584 1082 1652 fideliter
1093 1595 1124 1651 et
1136 1586 1199 1651 lete
1211 1585 1395 1668 observare,
1405 1577 1540 1668 quicquid

427 1714 485 1777 per
501 1716 559 1760 uos
575 1694 770 1778 promissum
786 1694 893 1760 fuerit.
910 1693 989 1761 Istis
1006 1694 1113 1760 verbis
1129 1695 1262 1777 auditis,
1287 1701 1321 1762 et
1345 1695 1455 1761 multis
1476 1691 1540 1775 alijs

428 1802 612 1868 rationibus
637 1803 874 1886 pertinentibus
891 1808 923 1868 et
940 1801 1135 1868 facientibus
1160 1801 1201 1868 ad
1227 1803 1312 1868 hano
1328 1802 1540 1876 intentionem

327 1913 333 1918 '
428 1930 493 1975 non
509 1909 654 1976 valentes
670 1932 690 1975 a
705 1909 801 1976 nobis
818 1908 908 1976 aliud
925 1909 1055 1992 habere,
1071 1911 1199 1977 iverunt
1216 1912 1258 1977 ad
1275 1912 1439 1978 dominum
1448 1907 1540 1976 Raro

426 2017 494 2082 lum
519 2024 553 2083 et
580 2016 623 2082 ad
653 2017 736 2084 alios
761 2017 918 2102 Berones,
937 2024 970 2084 et
987 2024 1146 2084 steterunt
1170 2039 1229 2103 per
1245 2041 1399 2104 magnum
1415 2018 1539 2104 spacium

427 2125 470 2190 ad
484 2124 630 2192 invicem.
647 2125 809 2192 Finaliter
835 2147 893 2192 nos
920 2133 1088 2208 vocarunt,
1114 2133 1148 2192 et
1172 2127 1358 2211 Episcopus
1374 2125 1539 2195 Jauriensis

426 2231 542 2300 habuit
560 2232 679 2316 dicere,
706 2234 793 2317 quod
819 2234 858 2300 de
883 2234 1050 2302 voluntate
1075 2234 1222 2300 Illustris
1248 2235 1371 2301 domini
1390 2233 1499 2302 Karoli
1513 2237 1538 2296 ct

427 2339 568 2404 aliorum
593 2340 762 2407 Beronum
786 2343 856 2426 ipse
882 2341 1101 2426 respondebat
1130 2342 1233 2424 nobis,
1249 2343 1337 2426 quod
1353 2341 1539 2416 nouitDeus

426 2448 495 2531 ipse
512 2448 660 2515 domiuus
676 2449 823 2516 Karolus
840 2456 873 2516 et
889 2449 945 2534 alij
964 2451 1112 2518 Berones
1128 2451 1175 2517 ibi
1191 2453 1371 2517 existentes
1388 2451 1470 2518 nullo
1484 2468 1538 2514 mo-

428 2554 470 2620 do
487 2555 608 2623 vellent
624 2555 881 2624 destructionem
906 2556 1140 2640 Veratianum
1164 2559 1230 2625 imo
1247 2560 1354 2644 magis
1372 2565 1471 2626 essent
1486 2557 1537 2623 dis·
1578 2581 1579 2588 ¹

427 2663 526 2747 positi
541 2663 584 2730 ad
599 2683 713 2749 pacem
729 2665 763 2728 in
779 2669 878 2749 statu,
894 2685 957 2748 quo
974 2685 1033 2730 nos
1049 2665 1299 2749 reperiebamus,
1316 2687 1415 2750 quam
1431 2665 1455 2731 si
1470 2685 1538 2730 esse·

1575 275 1579 308 1

428 2793 500 2838 mus
516 2773 550 2837 in
566 2773 670 2839 multo
687 2772 813 2840 meliori
830 2779 938 2856 statu;
962 2781 996 2840 et
1013 2775 1102 2858 quod
1118 2797 1183 2841 non
1200 2783 1286 2841 esset
1302 2777 1486 2842 conveniens
1498 2769 1537 2838 vel
1576 2777 1578 2848 ff

427 2881 610 2961 honestum,
626 2880 713 2965 quod
737 2881 800 2965 ipsi
825 2880 919 2949 nobis
943 2889 1039 2967 parte
1067 2882 1176 2969 Regia
1200 2882 1345 2950 dicerent
1360 2885 1410 2950 vel
1425 2880 1538 2970 promit·

426 2992 533 3054 terent
550 2987 677 3072 aliquid
692 2996 826 3070 certum,
843 2989 931 3074 quod
945 2990 1068 3057 habere
1085 2991 1276 3058 deberemus
1298 3013 1372 3058 cum
1397 2989 1537 3074 colligatis

426 3094 599 3180 predictis,
618 3096 674 3162 sed
690 3097 755 3181 ipsi
770 3096 1005 3182 deliberarunt,
1015 3099 1101 3165 inter
1111 3100 1209 3166 hodie
1226 3108 1258 3166 et
1275 3103 1452 3167 crastinum
1468 3098 1538 3164 diem

426 3203 534 3269 facere
559 3205 710 3272 recedere
736 3227 886 3290 campum
902 3205 942 3272 de
958 3207 1109 3290 partibus
1135 3207 1216 3292 istis,
1232 3212 1266 3274 et
1281 3210 1329 3275 ire
1346 3209 1433 3275 circa
1446 3205 1539 3272 ’11111-
1573 3243 1578 3254 -

426 3312 518 3392 sium,
543 3313 600 3378 ubi
625 3312 844 3396 personaliter
869 3315 1025 3380 iuteresse
1052 3313 1216 3382 debebant
1243 3315 1405 3383 Dominus
1435 3313 1538 3386 Paene

427 3419 681 3488 Ambasiatores
697 3421 723 3488 J
724 3443 895 3504 anuenses,
921 3421 1171 3490 Ambasiatores
1188 3424 1313 3491 domiui
1329 3423 1499 3506 Patriarce,
1511 3425 1539 3482 rt·
1576 3435 1578 3442 ’

421 3529 525 3594 'etiam
549 3528 613 3612 ipsi
637 3528 683 3594 ibi
709 3536 814 3612 erunt,
839 3537 873 3596 et
897 3552 957 3598 nos
978 3533 1077 3598 etiam
1094 3532 1139 3598 ibi
1156 3553 1226 3598 esse
1242 3534 1439 3618 poterimus,
1461 3538 1489 3597 et
1502 3525 1537 3594 ibi

426 3639 546 3721 poterit
562 3639 701 3706 tractari
727 3641 767 3706 de
792 3662 883 3724 pace.
908 3643 954 3708 Et
978 3643 1076 3710 dictis
1092 3664 1190 3726 super
1205 3643 1277 3727 ipso
1292 3641 1380 3710 facto
1396 3634 1537 3708 hincinde

428 3747 540 3812 multis
570 3747 678 3814 verbis
704 3748 888 3815 devenimus
914 3749 957 3817 ad
983 3752 1081 3818 istam
1108 3753 1349 3820 conclusionem
1367 3774 1436 3818 cum
1452 3751 1537 3828 eisd
1576 3799 1577 3802 ,

426 3855 489 3938 ipsi
506 3853 684 3938 nobiscum,
701 3856 789 3941 quod
805 3857 880 3925 hinc
896 3859 993 3926 hodie
1010 3859 1060 3926 vel
1076 3882 1150 3928 cras
1166 3862 1318 3928 recedere
1336 3861 1498 3929 debeamus
1511 3859 1538 3918 et

426 3965 473 4027 ire
491 3963 687 4045 Tarvisium,
704 3963 791 4033 circa
807 3987 903 4052 quem
922 3968 1028 4035 locum
1045 3969 1109 4035 erit
1125 3991 1269 4054 campus;
1286 3977 1319 4036 et
1334 3991 1393 4038 nos
1408 3972 1452 4036 ire
1466 3969 1538 4052 pote

426 4071 527 4137 rimus
553 4073 596 4138 ad
620 4093 771 4159 campum
796 4076 991 4161 predictum,
1016 4085 1048 4142 ct
1074 4079 1119 4146 ibi
1136 4078 1336 4146 tractabitur
1356 4079 1396 4145 de
1412 4098 1490 4164 pecc
1503 4071 1537 4139 Et

425 4180 514 4262 quod
528 4180 649 4246 bonum
666 4189 746 4264 erat,
763 4184 851 4269 quod
875 4184 909 4251 in
935 4185 1135 4254 Ambastata
1151 4193 1267 4255 nostra
1286 4189 1472 4274 exponenda
1485 4188 1539 4248 ute-

425 4309 534 4354 remur
549 4290 656 4356 verbis
683 4293 902 4376 generalibus
920 4295 1038 4379 quibus
1058 4317 1135 4363 usus
1152 4295 1200 4362 fui
1216 4317 1277 4381 ego
1295 4297 1448 4364 Nicolaus
1462 4291 1538 4360 nau-

426 4416 544 4463 roceno
560 4397 668 4481 pridie
685 4400 815 4469 domino
840 4402 981 4488 Karu10,
997 4404 1110 4488 silicet,
1127 4405 1215 4488 quod
1232 4403 1537 4476 nominantem

426 4509 498 4569 erat
515 4503 673 4588 disposita
703 4507 743 4573 ad
770 4531 881 4592 precem
899 4534 971 4578 cunr
990 4513 1119 4580 domino
1136 4513 1240 4599 Rege,
1258 4521 1292 4579 et
1308 4513 1452 4580 ominibus
1467 4505 1536 4574 colli·
