3214 5250
664 395 758 456 1387.
1212 389 1275 452 651

143 571 249 637 eciam
265 592 393 656 semper
409 571 497 655 apud
513 571 644 637 eosdem
664 579 860 637 mercatores
879 571 1099 651 Ragusienses
1125 569 1274 634 volumus

143 701 315 745 remanere
331 687 406 764 post
431 679 600 744 lecturam.
617 679 742 744 Datum
767 679 860 744 Bnde
877 681 910 743 in
936 679 1046 760 vigilia
1070 678 1147 744 festi
1175 676 1275 742 Beati

142 786 278 853 Andree
295 787 447 872 Apostoli
465 808 551 852 anno
567 786 703 852 Domini
718 785 1021 853 Maeenxxx.
1039 787 1185 869 septimo

143 934 295 996 (Etedetie,
319 933 447 998 melynck
469 933 571 983 hatara
593 933 743 998 Zsigmond
766 933 858 997 kirtly
881 932 1000 996 pecsetje
1024 946 1078 981 van
1105 943 1235 994 nyomva,
1259 944 1276 980 a

451 1022 527 1072 becsi
540 1023 659 1074 csanziiri
673 1023 760 1073 1111111
773 1023 970 1084 11111111111.)

633 1185 791 1194 .--.----

676 1350 749 1410 315.

142 1512 259 1574 Maria
286 1531 425 1595 mappae·
450 1509 672 1593 kircilyac'nak
698 1535 719 1573 a
738 1510 893 1596 floreaczi
924 1511 1143 1596 111111111111119.
1180 1509 1274 1572 1387.

362 1667 488 1751 Regiae
508 1669 689 1753 Hungario.
889 1736 895 1748 ,

255 1778 470 1843 Serenissima
497 1784 528 1841 et
554 1778 788 1861 gloriosissima
806 1780 954 1867 Regina.
973 1777 1095 1842 Prebet
1112 1777 1276 1842 devotioni

143 1891 257 1952 nostre
273 1886 423 1950 fiduciam
441 1886 561 1953 Vestre
579 1885 772 1952 Serenitatis
800 1886 996 1968 humanitas,
1013 1909 1074 1968 que
1090 1908 1148 1970 per
1165 1885 1275 1950 inclite

143 1993 382 2060 recordationis
400 1994 502 2078 Regis
531 1995 699 2079 Lndovici,
732 1995 956 2077 gloriosissimi
980 1995 1137 2078 genitoris
1167 1996 1275 2071 vostri,

143 2103 286 2186 vestigia
302 2104 464 2186 gradiens,
482 2124 610 2185 semper
627 2125 661 2167 se
677 2103 770 2167 nobis
787 2125 825 2167 ac
841 2104 961 2166 nostris
989 2102 1111 2167 civibus
1129 2100 1275 2166 c'xlribuit

144 2212 338 2294 gratiosam,
356 2217 392 2276 ut
408 2234 466 2294 pro
484 2211 685 2277 Florentinis
699 2211 942 2293 mercatoribus
960 2213 1015 2293 qui
1031 2210 1182 2292 Regnum
1204 2230 1275 2275 ves-

144 2327 233 2386 trum
252 2320 404 2403 incolunt,
420 2327 496 2384 tunc
513 2322 672 2404 precipue,
689 2343 761 2386 curn
775 2321 941 2405 justiciam
960 2319 1076 2398 fovent,
1093 2321 1126 2382 11
1142 2339 1211 2382 cunr
1229 2318 1275 2400 ip·

144 2451 256 2496 sorum
283 2431 446 2513 expeditio
474 2431 513 2494 de
540 2453 636 2496 manu
663 2431 784 2498 Vestre
810 2429 1029 2494 sublimitatis
1050 2428 1190 2510 pendere
1208 2427 1277 2512 dig·

142 2540 299 2620 noscitur,
327 2541 578 2623 supplicationes
604 2549 742 2621 nostras,
759 2539 1028 2606 confidentissime
1054 2541 1273 2621 porrigamus.

143 2649 230 2714 Cnnr
257 2651 369 2731 itaque
396 2650 518 2715 nobiles
543 2651 602 2714 viri
630 2651 778 2715 dominus
803 2651 922 2717 Verius
948 2650 986 2714 de
1012 2649 1151 2714 Medicis
1167 2647 1275 2726 utiles,

144 2756 256 2822 Gnido
284 2758 407 2821 domini
435 2755 602 2822 Thomasii
627 2758 755 2835 utilius,
780 2757 933 2823 Andreas
954 2757 1276 2838 dominiUg01ns‚et

143 2865 312 2930 Antonius
330 2865 468 2944 Sanctis,
485 2865 607 2948 egregii
633 2867 735 2930 nostri
762 2868 854 2943 cives,
872 2865 926 2928 din
944 2864 1080 2929 fecerint
1097 2865 1129 2926 in
1145 2865 1274 2946 Regno-

142 2995 217 3038 rum
233 2979 414 3038 vestrorum
431 2973 579 3057 partibus
596 2982 823 3055 mercaturam,
841 2974 1019 3036 exercitare
1037 2970 1158 3035 dndnrn
1175 2994 1275 3054 nego·

142 3081 265 3146 tiorum
282 3083 468 3147 eorumdem
494 3081 663 3146 Maraccio
690 3082 788 3147 Pauli
814 3081 854 3144 de
879 3081 1060 3160 Florentia,
1077 3081 1145 3144 cive
1162 3087 1273 3144 nostro

143 3190 282 3270 dilecto,
300 3197 333 3254 11
348 3191 493 3254 habeant
510 3191 606 3254 variis
624 3189 663 3253 de
681 3190 786 3254 causis
810 3196 843 3253 et
859 3211 878 3252 a
895 3189 1041 3271 pluribus
1062 3189 1208 3272 personis
1225 3211 1274 3252 re·

143 3300 252 3382 cipere
270 3320 334 3362 non
351 3319 467 3380 parvas
495 3298 629 3381 pecunie
657 3299 863 3380 quantitates,
890 3299 923 3361 in
941 3299 1109 3362 exactione
1127 3319 1274 3379 quarum,

142 3406 206 3470 nisi
223 3404 394 3486 Reginalis
413 3403 589 3469 Clementia
600 3405 766 3469 favoribus
778 3405 980 3484 adiuventur,
997 3404 1272 3488 perJndiciorum

143 3511 322 3592 anfractus,
349 3534 466 3595 magno
493 3535 565 3576 curn
582 3513 752 3596 dispendio
777 3513 1003 3594 traliercntur;
1022 3514 1110 3596 ipsos
1126 3512 1273 3595 benigni·

144 3621 208 3684 tati
227 3621 339 3686 Vestri
365 3620 523 3686 Culminis
550 3621 752 3686 devotissime
770 3623 1042 3686 commendamus.
1059 3622 1105 3685 Et
1122 3621 1274 3702 qnoniam

142 3750 204 3812 pro
226 3730 364 3793 servitiis
390 3729 494 3808 1111111,
520 3735 553 3792 11
578 3729 764 3793 mercantiis
791 3728 933 3812 creditis
950 3730 1071 3794 habent
1096 3731 1129 3792 in
1156 3749 1275 3809 magna

144 3856 270 3899 summa
286 3835 418 3900 Curiam
437 3835 556 3902 Vestre
575 3834 788 3901 Oelsitudinis
806 3837 994 3920 obligatam,
1006 3836 1182 3902 Serenitati
1193 3834 1274 3902 Ves-
1334 3907 1337 3912 Δ

142 3953 194 4008 111
211 3943 474 4008 reverendissime
501 3943 729 4026 supplicamus,
756 3950 915 4032 quatenus
932 3966 991 4028 pro
1004 3945 1137 4030 justicie
1154 3945 1273 4027 debite,

143 4059 177 4116 et
197 4051 313 4116 Vestre
331 4053 518 4134 Majestatis
537 4053 667 4132 honore,
686 4053 862 4134 dignemini
879 4055 918 4118 de
935 4055 1157 4119 satisfactione
1175 4054 1271 4118 celeri

141 4159 321 4243 providere,
349 4183 394 4224 ne
435 4160 539 4225 libera
570 4169 729 4245 grataque
761 4164 894 4227 servitia
925 4161 1119 4228 Celsitudini
1152 4161 1270 4228 Vestre

142 4268 242 4346 facta,
259 4269 335 4333 dum
361 4271 505 4352 pecuniis
531 4277 653 4347 carent,
678 4271 754 4334 dum
781 4291 839 4353 per
865 4270 1047 4351 dilationes,
1068 4259 1271 4354 ultraquam
1350 4250 1355 4258 Ι

142 4383 295 4460 oporteat
310 4378 545 4458 distrahuntur,
562 4379 595 4442 in
613 4380 756 4460 ipsorum
773 4379 907 4443 exitium
919 4383 1157 4442 convertantur.
1175 4377 1271 4444 Nihil

145 4485 232 4573 enim
249 4487 486 4551 mercatoribus
512 4486 726 4571 periculosius
744 4494 802 4570 est,
819 4508 916 4570 quam
935 4487 1091 4569 pecunias
1108 4487 1273 4580 sibi-debi-

143 4599 198 4658 tas
215 4593 247 4657 in
264 4593 394 4680 prefixis
413 4603 445 4664 et
461 4596 621 4666 ordinatis
637 4596 786 4666 terminis
803 4617 867 4663 non
884 4594 1014 4666 habere.
1033 4595 1147 4663 Omnis
1164 4601 1271 4670 autem
