3134 5254
399 347 462 422 23'8
755 382 985 425 uummmeumi
1006 370 1171 424 Eltldluffit.

400 540 577 606 uidebatur.
595 540 700 624 Super
717 541 955 606 modificatione
982 562 1056 604 uero
1074 541 1183 623 quarti
1200 542 1352 623 capituli3
1375 551 1503 623 quartum

399 651 575 734 capitulum
607 659 774 717 remaneat
790 649 835 736 (Ρ)
854 653 938 714 sicut
949 651 1054 733 jacet;
1086 650 1311 733 respondimus
1327 649 1410 733 quod
1425 649 1501 712 salsa

399 779 509 824 eorum
536 762 720 825 reuerentia
745 759 820 824 talis
848 759 1046 823 modificatio
1072 779 1138 822 uon
1155 758 1379 842 eratjuridica
1394 758 1504 822 necho·
1556 805 1557 840 3

399 875 509 946 nesta;
535 889 594 933 uec
619 869 717 933 etiam
745 867 956 950 equalitatem
984 867 1134 945 lialreliat,
1160 889 1231 931 cum
1251 867 1394 932 redditus
1409 865 1505 930 multo·
1555 861 1557 870 ⁴

398 996 469 1040 rum
487 975 770 1055 Mouasterioram,
796 975 1031 1058 Hospitalium,
1057 975 1253 1056 orfanorum,
1271 975 1442 1054 viduarum,
1457 995 1504 1056 pu·

399 1085 550 1168 pillorum
568 1093 601 1150 et
619 1085 807 1168 specialium
834 1105 1053 1168 personarum,
1081 1105 1162 1166 quos
1179 1107 1217 1150 ex
1234 1084 1340 1150 forma
1360 1091 1505 1168 pactorum

398 1193 555 1260 Venetiae
566 1191 700 1258 conduci
712 1200 864 1276 poterant.
873 1191 1005 1256 Domini
1016 1193 1178 1258 redituum
1189 1193 1415 1277 predictorum,
1425 1209 1506 1274 prop·

398 1309 448 1366 ter
464 1309 643 1387 presentem
671 1323 825 1385 guerram
849 1308 945 1366 erant
969 1303 1095 1386 accepti
1120 1325 1177 1385 pei·
1203 1302 1378 1367 Dominum
1403 1299 1505 1375 Padus,

399 1409 445 1474 uel
463 1410 533 1494 ejus
550 1409 728 1489 Officieles,
754 1431 808 1474 seu
835 1410 1009 1492 deputatos
1027 1409 1068 1475 ab
1085 1431 1142 1492 eo;
1167 1433 1226 1476 nec
1243 1417 1315 1476 erat
1331 1407 1503 1475 couveniens
1556 1429 1557 1436 ¹

397 1525 496 1602 atque
517 1518 649 1601 justum,
673 1516 759 1601 quod
786 1519 873 1600 ipsos
900 1517 1047 1583 redditus
1072 1521 1140 1602 ipse
1157 1519 1316 1584 Dominus
1333 1517 1449 1596 Padue,
1463 1512 1503 1578 vel

397 1626 452 1709 alij
480 1626 534 1708 qui
561 1647 615 1690 eos
640 1627 851 1732 accepissent,
877 1625 1030 1690 deberent
1052 1625 1191 1710 lucrarj;
1216 1626 1273 1691 sed
1292 1628 1415 1710 dejure
1430 1631 1506 1686 etse·

398 1734 534 1800 cundum
554 1735 661 1799 Deum
679 1741 712 1798 et
724 1734 892 1818 justiciam
918 1733 1079 1800 debebant
1105 1737 1236 1800 restitui
1263 1755 1397 1818 quorum
1413 1737 1507 1796 erant:

398 1864 435 1906 eo
451 1845 600 1923 maxime,
617 1844 694 1926 quia
710 1843 779 1925 ipse
804 1843 964 1907 Dominus
990 1842 1103 1908 Padue
1120 1844 1151 1907 in
1170 1842 1257 1908 dicto
1283 1840 1423 1925 capitulo
1439 1837 1505 1922 petit

398 1959 429 2014 et
444 1951 523 2032 uult,
540 1952 627 2034 quod
653 1972 761 2016 omnes
787 1950 922 2034 denarij,
948 1973 1029 2034 quos
1056 1953 1141 2017 cives
1167 1951 1280 2016 Psdue
1307 1950 1454 2015 habereut
1481 1946 1507 2008 iu

397 2056 547 2143 VenetiJs
563 2059 606 2124 ad
622 2067 733 2124 mutua
760 2059 809 2123 vel
826 2060 868 2122 ad
886 2057 1093 2137 frumentum,
1118 2059 1168 2123 sel
1186 2060 1228 2123 ad
1244 2058 1357 2140 aliqua
1374 2057 1433 2122 alia
1448 2054 1505 2117 locu

398 2168 528 2249 publica
546 2167 699 2234 Ciuitatis
717 2167 939 2248 venetiarum,
966 2168 1183 2232 restituantur
1209 2175 1241 2230 et
1266 2164 1506 2232 debeantureis·
1555 2179 1557 2252 j

398 2274 481 2340 dein.
499 2276 586 2341 Nam
612 2275 683 2359 ipsa
709 2277 845 2356 pecunia
872 2296 927 2339 seu
949 2275 1073 2358 denarij
1102 2276 1244 2358 ipsorum
1264 2275 1303 2338 dc
1321 2273 1441 2339 Padus.
1456 2289 1505 2350 que
1556 2293 1557 2338 1

398 2390 431 2447 et
448 2384 502 2466 qui
519 2389 627 2447 esseut
648 2382 690 2448 ad
716 2383 787 2446 locu
813 2383 971 2466 predicta,
990 2383 1188 2467 respondent
1205 2384 1373 2447 annuatim
1390 2377 1506 2444 dominis

399 2513 538 2574 quorum
556 2497 641 2570 sunt,
657 2495 781 2556 certam
809 2491 976 2573 pecuniam
995 2512 1054 2573 pro
1072 2491 1173 2574 prode
1200 2493 1353 2574 ipsorum.
1372 2489 1422 2552 lta
1436 2483 1505 2568 quod

397 2599 439 2664 ad
465 2593 676 2682 equalitatem
704 2597 939 2664 observandam
966 2599 1013 2664 ita
1039 2605 1125 2664 esset
1147 2599 1270 2682 justum
1299 2606 1330 2663 et
1348 2599 1505 2662 honestum.

398 2707 484 2789 quod
511 2707 699 2790 supradicta
725 2706 938 2785 Monosteria,
964 2707 1142 2790 hospitales
1158 2715 1190 2772 et
1208 2708 1366 2791 speciales
1391 2721 1506 2789 persone
1555 2725 1556 2728 ¹

397 2814 611 2883 Venetiarum
636 2815 793 2880 habereut
818 2837 926 2880 eorum
945 2814 1094 2879 redditus
1120 2815 1159 2880 de
1188 2815 1305 2881 Padua
1321 2823 1354 2880 et
1369 2813 1506 2880 Paduano
1554 2871 1556 2880 ,

397 2923 568 3005 Districtu,
583 2924 665 2988 sicut
680 2926 748 3008 ipse
773 2925 933 2990 Dominus
959 2923 1074 2989 Padus
1100 2925 1176 3005 vult,
1201 2926 1285 3008 quod
1303 2929 1353 2989 sui
1371 2927 1449 2989 cives
1465 2920 1507 2984 lia·
1554 2991 1556 3000 Ι

397 3032 496 3097 licant
511 3053 623 3098 eorum
639 3033 799 3116 denarioS,
816 3054 896 3115 quos
923 3033 1045 3098 liabent
1065 3034 1107 3098 ad
1124 3040 1231 3098 certos
1248 3033 1397 3098 redditus
1413 3033 1442 3096 iu
1458 3029 1507 3096 ve
1555 3059 1556 3098 1

397 3142 493 3226 uetijs
510 3144 543 3206 in
559 3142 638 3208 locis
654 3142 858 3225 supradictis,
883 3141 961 3225 quid
988 3141 1080 3206 nobis
1106 3145 1260 3226 apparuit
1288 3144 1371 3208 sat-is
1387 3143 1507 3206 rationu·
1555 3125 1556 3128 ¹

397 3248 469 3330 bile,
486 3257 520 3314 et
535 3271 712 3315 consonare
730 3250 861 3314 domiuo
878 3249 1005 3314 Karolo
1023 3258 1054 3314 et
1072 3249 1146 3334 alijs
1163 3251 1358 3317 Beronibus
1390 3247 1442 3314 Ad
1458 3267 1506 3312 me

398 3355 611 3422 dificationem
638 3378 713 3422 vero
739 3359 844 3441 quinti
869 3359 1005 3442 capituli
1032 3379 1096 3440 que
1123 3360 1262 3443 incipit:
1284 3357 1359 3424 »Ad
1377 3359 1504 3442 quint-um
1555 3363 1556 3374 ³

399 3466 576 3549 capitulum
593 3473 693 3547 eto.«;
724 3467 960 3550 respondimus,
985 3467 1072 3550 quod
1100 3467 1157 3532 illa
1174 3469 1275 3532 turris
1293 3467 1424 3532 (lorami
1440 3463 1505 3530 auti·

398 3575 505 3658 quitus
522 3574 584 3640 fuit
610 3576 669 3641 sub
695 3575 837 3640 dominio
865 3573 1087 3658 Venetiarum,
1104 3597 1142 3640 ac
1158 3578 1255 3640 etiarn
1273 3597 1332 3659 per
1349 3597 1454 3659 pacem
1470 3589 1508 3632 eo·

397 3683 536 3748 luntarie
562 3683 722 3748 Dominus
749 3681 860 3747 Padue
887 3682 950 3747 fuit
975 3692 1156 3767 contentus,
1183 3684 1270 3767 quod
1287 3706 1348 3768 pro
1365 3699 1508 3748 conserm-

398 3790 483 3854 tione
501 3792 599 3873 pacis,
616 3799 646 3856 et
664 3791 706 3855 ad
732 3813 858 3857 errores
874 3799 906 3856 et
923 3792 1078 3857 scandala
1094 3793 1255 3875 evitanda,
1271 3792 1344 3876 ipsa
1362 3793 1458 3857 turris
1472 3808 1507 3852 re·

398 3906 536 3978 maneat,
565 3907 598 3963 et
624 3907 706 3965 esset
733 3899 854 3965 domiui
880 3899 982 3965 Ducis
1009 3909 1043 3965 et
1066 3898 1222 3965 Comunis
1241 3899 1466 3976 Veneliurum;
1486 3904 1508 3956 el

398 4006 484 4088 quod
502 4015 573 4071 erat
589 4008 661 4090 ipsa
677 4010 775 4072 turris
786 4011 871 4074 eirca
884 4008 1023 4075 confinia
1034 4011 1186 4093 partium,
1197 4016 1227 4074 et
1240 4010 1329 4093 quod
1346 4007 1508 4075 considera·

398 4115 439 4176 tis
450 4114 604 4195 predictis
615 4115 675 4198 ipsi
687 4118 783 4181 etiam
796 4118 877 4182 uelle
889 4116 1058 4200 debebant,
1076 4118 1161 4200 quod
1179 4119 1250 4201 ipsa
1266 4120 1369 4184 turris
1385 4133 1509 4182 remane·

399 4227 449 4284 ret
458 4221 579 4288 Vestro
591 4219 752 4288 Dominio.
770 4221 868 4289 Circa
880 4226 1117 4291 restitutionem
1136 4228 1272 4309 pecunie
1290 4248 1350 4309 pro
1368 4231 1508 4292 construe-

399 4330 487 4393 tione
499 4335 531 4392 et
541 4330 760 4397 destructione
777 4331 967 4398 (lastrorum
980 4335 1215 4416 respondimus.
1234 4333 1321 4417 quod
1340 4334 1427 4400 salua
1442 4351 1510 4395 reve·

402 4438 671 4521 rentioipsoium,
688 4441 742 4522 qui
754 4439 852 4504 talem
865 4440 1135 4507 modificationem
1153 4443 1309 4525 fecerant,
1320 4465 1381 4508 nou
1392 4437 1506 4507 debelul

404 4544 471 4610 sieri
487 4547 594 4628 aliqua
606 4551 770 4613 restitutio
789 4552 923 4633 pecunie
940 4573 999 4636 pro
1016 4553 1300 4618 cousuuetiumet
1312 4551 1508 4616 ‹leur-uenum
