3172 5254
1 4279 3 4322 ι

1 4335 3 4378 ι

1 4508 2 4567 l

585 433 678 494 1377.
1131 429 1192 491 149

82 609 245 690 descensus,
273 611 308 675 in
333 606 550 693 quadriennio
577 629 596 670 a
623 612 735 670 nostro
761 605 932 672 Communi
958 606 1045 672 mille
1066 613 1192 672 centum

84 717 170 782 millia
185 714 260 800 (lgpq
286 738 365 783 azaz
377 713 564 799 t.100,000)
581 714 788 794 florenorum,
800 735 939 797 quorum
960 715 1198 798 quinquaginta

82 823 168 888 millia
183 825 285 908 primo
302 845 388 890 anno
406 823 531 890 soluere
549 821 747 902 deberemus,
758 828 792 886 et
801 821 948 904 sequenti
962 821 1101 886 triennio
1119 841 1197 903 quo-

83 932 146 998 libet
160 953 242 998 anno
259 932 400 998 ducenta
416 931 508 997 milia
525 930 723 995 tlorenorum
741 929 872 996 deberet
888 927 992 996 eidem
1003 930 1074 996 sola
1084 936 1198 995 nostra

83 1038 287 1106 Communitas
312 1061 493 1120 numerare,
519 1044 551 1104 et
577 1037 664 1120 quod
691 1037 838 1120 colligati
864 1039 968 1103 nostri
994 1037 1081 1102 ultra
1100 1036 1198 1101 heca

1 1212 2 1225 ,
83 1147 234 1213 Communi
251 1153 372 1230 nostro,
392 1153 427 1213 rt
444 1148 646 1233 premittitur
666 1145 892 1228 persoluenda,
913 1148 1092 1230 quingenta
1102 1145 1196 1230 quin-

83 1257 220 1338 quaginta
232 1257 324 1322 milia
335 1256 530 1321 florenorum
548 1254 680 1320 tradere
698 1261 903 1333 tenerentur,
929 1275 1026 1340 quam
1037 1274 1194 1320 summam

82 1384 148 1444 pene
158 1365 388 1448 impossibilem
400 1365 600 1430 arbitramur
612 1364 728 1428 nedum
742 1363 844 1444 nobis,
856 1363 914 1427 scd
925 1363 1073 1428 omnibus
1085 1361 1196 1428 Chris·

82 1471 171 1536 tianis
182 1469 267 1554 Quin
286 1475 385 1538 etiam
398 1475 528 1537 omnino
539 1472 669 1536 volebat
681 1479 753 1554 post
770 1472 892 1536 dictum
903 1479 1041 1554 tempus,
1053 1472 1115 1537 sibi
1126 1470 1194 1535 lore

82 1577 187 1643 licitum
199 1589 313 1645 contra
331 1587 458 1644 nostros
475 1581 645 1663 colligatos
662 1601 754 1644 arma
766 1601 901 1662 sumere,
922 1585 955 1644 et
972 1600 1027 1644 eos
1044 1578 1194 1662 precluso

84 1685 161 1751 nobis
184 1690 269 1752 omui
296 1687 517 1752 subventionis
544 1687 693 1766 arbitrio,
724 1686 891 1752 bellaciter
923 1687 1087 1752 infestare.
1119 1685 1194 1750 Heu

83 1801 222 1878 tempora,
247 1794 311 1860 beu
339 1796 462 1860 risores!
485 1793 639 1862 Vicarius
663 1794 766 1880 Regis
786 1794 929 1877 Pacifici,
945 1796 1001 1879 qui
1016 1795 1110 1861 iussit
1127 1793 1195 1860 siue

81 1902 224 1967 consuluit
251 1923 313 1966 non
342 1901 573 1984 prohibendam
601 1903 742 1968 tunicam
761 1903 803 1967 ab
820 1925 857 1968 eo
875 1903 930 1985 qui
947 1901 1117 1967 clamidem
1144 1923 1195 1966 ra·

82 2009 183 2088 puerit,
208 2016 242 2074 et
268 2011 301 2073 in
328 2031 392 2074 uisa
410 2009 542 2074 maxilla
561 2032 745 2092 percussum
764 2010 901 2094 prebere
919 2031 990 2074 cum
1008 2009 1192 2076 bumilitate

81 2115 227 2181 maxillam
245 2117 383 2182 alteram
409 2118 659 2200 percussoribus,
687 2117 811 2182 Christi
838 2116 988 2182 fidelibus
1015 2118 1196 2182 misericor-

81 2220 155 2286 diam
171 2229 201 2287 et
219 2244 333 2307 pacem
351 2224 542 2307 suppliciter
558 2224 808 2307 postulantibus,
819 2225 945 2306 quinon
959 2233 1195 2308 percusserunt,

79 2349 135 2392 noo
149 2337 331 2413 rapuerunt,
349 2331 407 2396 sed
422 2339 459 2394 nt
476 2333 652 2398 necessitas
664 2333 827 2416 compulit,
839 2354 895 2398 sue
912 2332 1107 2400 studuerunt
1123 2353 1195 2397 con-

80 2435 175 2501 sulere
189 2438 345 2520 libertati,
363 2459 461 2521 seque
478 2439 519 2504 ab
536 2439 660 2505 excidio
686 2448 865 2526 preparato
882 2440 1065 2518 defendere,
1082 2447 1115 2506 et
1130 2461 1196 2506 mo·

78 2541 254 2629 destissime,
270 2555 430 2630 quantum
449 2569 519 2610 cum
538 2549 710 2614 securitate
736 2549 838 2630 licuit,
853 2548 1040 2614 inferendas
1055 2547 1193 2614 iniurias

78 2653 260 2734 propulsare.
272 2655 346 2719 Heu
358 2655 437 2718 heu!
454 2675 567 2738 paoem
584 2655 666 2720 velle
677 2655 1040 2738 venderenonreretur,
1058 2655 1192 2737 sibique,

78 2761 153 2840 quod
164 2763 295 2843 grauius
306 2769 366 2843 est,
376 2762 534 2828 ultionem
543 2772 711 2829 cruentam
723 2764 783 2830 sub
794 2764 885 2847 pacis
895 2763 1005 2829 ledere
1017 2784 1194 2829 reseruata.

79 2865 254 2934 Parautem
265 2869 366 2935 solius
382 2870 445 2935 Dei
458 2870 576 2936 donum
593 2877 625 2935 et
640 2871 805 2937 hereditas
817 2879 874 2954 est,
886 2872 1052 2937 hederitas
1062 2873 1193 2954 quidem

75 2976 154 3056 apud
177 2978 332 3043 mortales
359 2979 542 3062 spiritualis
568 2987 598 3042 et
626 2981 758 3062 optima,
786 3001 883 3062 quam
911 2980 1022 3062 precio
1045 2978 1193 3061 condere,

76 3082 145 3162 quia
159 3085 276 3150 donum
297 3085 356 3149 Dei
374 3095 434 3166 est,
451 3087 588 3167 quilibet
605 3086 805 3169 prohibetur,
829 3088 948 3151 nedum
963 3086 1019 3150 ille
1038 3088 1093 3169 qui
1109 3087 1193 3151 vices

75 3188 159 3256 Yesu
183 3191 307 3259 Christi
334 3200 540 3277 representat
556 3196 587 3257 in
604 3196 709 3274 terris,
734 3217 829 3278 quem
846 3197 965 3260 scimus
982 3201 1056 3280 post
1073 3215 1128 3258 sus
1145 3213 1194 3257 re·
1246 3213 1250 3222 ·

75 3303 273 3368 surrectionis
290 3301 455 3385 eulogium
472 3325 581 3384 pacem
600 3303 724 3368 cunctis
736 3305 804 3368 sine
815 3302 998 3368 differentia
1014 3302 1192 3384 reliquisse.

74 3403 120 3471 Ob
135 3409 226 3489 quod,
251 3409 510 3477 Clementissimc
539 3410 703 3493 Princeps,
730 3411 847 3476 nedum
875 3419 1112 3492 contentamur,
1138 3409 1194 3476 sed

74 3508 279 3582 Serenitatem
308 3516 460 3584 Vestram
488 3515 754 3584 affectuosissime
780 3519 1002 3602 deprecamur,
1032 3524 1194 3600 quatenus

73 3617 237 3702 dignemini
254 3625 342 3689 circa
358 3625 419 3690 hoc
436 3627 525 3708 pacis
540 3627 660 3691 honum
678 3625 853 3692 efficaciter
866 3627 1070 3709 interponere
1081 3631 1194 3708 partes

72 3736 194 3795 vestras.
211 3730 297 3796 Nam
326 3753 523 3816 quamquam
551 3755 655 3816 nuper
680 3736 745 3800 sint
761 3735 794 3797 in
813 3733 872 3799 hoc
888 3736 977 3818 pacis
994 3732 1192 3816 colloquium

72 3841 98 3896 et
115 3832 325 3902 Serenissima
351 3840 491 3904 Domina
520 3847 633 3905 nostra
658 3841 790 3906 domina
807 3839 935 3924 Regina
951 3839 1139 3906 Jerusalem
1157 3847 1190 3904 et

71 3936 186 4025 Sicilie,
213 3967 251 4010 ac
277 3947 377 4011 etiam
405 3945 525 4011 Veneti
552 3947 725 4029 feruentes,
752 3957 786 4012 ut
812 3951 1002 4032 accepimus,
1019 3947 1191 4026 intraturi;

73 4052 290 4118 nichilominus
307 4055 380 4119 sola
398 4053 519 4119 Vestra
536 4053 692 4120 Maiestas
709 4065 766 4135 est,
785 4077 847 4137 quo
864 4058 986 4139 poterit
1001 4055 1063 4119 hoo
1080 4055 1193 4120 hucus-

70 4179 126 4238 que
151 4167 216 4226 tam
242 4165 452 4246 desperatum
477 4164 643 4246 negotium
659 4165 702 4229 ad
720 4165 960 4230 conclusionem
984 4162 1130 4228 debitam
1147 4185 1194 4226 re·

1 4326 2 4333 ,
70 4287 188 4333 uocare.
205 4270 240 4336 Si
257 4276 367 4335 tamen
393 4270 517 4352 aliquid
545 4293 641 4353 super
663 4292 752 4354 pace,
772 4295 868 4356 quam
887 4273 1142 4356 quibuscumque
1160 4271 1192 4334 in

1 4389 2 4400 ¹
68 4376 202 4442 inedium
227 4401 262 4444 se
288 4377 483 4461 ponentibus
509 4401 572 4442 sion
601 4399 711 4446 sumus
728 4401 766 4442 ex
783 4381 963 4460 allectione,
979 4400 1077 4464 quam
1093 4377 1193 4446 babe-

69 4500 133 4545 mus
151 4485 193 4549 ad
208 4485 425 4567 concordiam,
441 4493 473 4550 et
489 4487 657 4552 honestate
677 4496 786 4553 nost-re
804 4511 899 4556 cause
912 4488 1079 4570 negaturi3
1105 4490 1194 4570 sique

66 4607 160 4674 super
177 4593 255 4676 aliis,
282 4616 343 4681 quc
370 4595 438 4681 ipse
466 4592 577 4659 Simon
598 4603 779 4684 postauam
801 4597 977 4666 aduentum
995 4596 1192 4662 verbotenus
