3134 5254
569 434 662 498 1379.
1105 437 1172 500 315

1 587 2 598 ἵ
58 631 108 693 que
122 607 226 675 fideles
253 612 357 676 nostri
383 610 522 676 uniuersi
548 616 745 676 mercatores
771 610 879 694 Regni
901 612 1004 677 nostri
1022 613 1168 696 Polemo,

1 749 2 779 1
57 718 169 783 racione
185 718 399 801 preclusionis
417 725 448 783 ct
464 717 693 802 prohibitionis
704 720 754 786 vio
766 718 949 802 Tartarico,
966 743 1064 804 quam
1082 722 1170 788 ciues

1 874 2 880 κ
58 828 145 892 nostri
161 827 413 910 Lemburgensis
425 829 492 893 suis
503 827 737 911 pretenderunt
750 829 993 910 mercatoribus,
1011 829 1170 896 haberent

1 943 2 954 ¹
57 935 281 1001 ottollerarcnt
298 935 615 1019 irrecuperabiliter,
639 935 801 1020 simulque
817 938 870 1020 pio
888 944 1085 1003 assumentes
1102 960 1171 1004 eor-

57 1043 161 1108 deiide
176 1045 274 1128 legali
291 1043 436 1109 fidelium
464 1049 612 1108 nostrum
632 1043 851 1126 Prolatorum,
868 1045 1037 1110 Beronum
1053 1052 1086 1111 ct
1102 1047 1173 1130 plu·

56 1152 196 1218 rimarum
213 1150 397 1217 Oiuitatum
413 1157 599 1216 nostrarum
616 1151 694 1216 dicti
711 1151 819 1236 Regni
835 1151 972 1218 Pelonie
988 1154 1172 1220 huiusmodi

59 1260 275 1342 testimonium,
293 1259 416 1326 scilicet
442 1260 528 1344 quod
545 1259 587 1324 ob
604 1261 740 1343 antiquo
758 1262 945 1326 retroactis
963 1260 1173 1345 temporibus,

56 1375 83 1435 et
96 1366 260 1453 presertim
287 1375 432 1451 ternpore
459 1367 595 1434 condam
622 1368 842 1434 Illustrissimi
863 1369 1030 1453 Principis
1047 1369 1171 1436 domini

1 1459 2 1506 ³
56 1476 200 1542 Kuzimiri
226 1476 381 1542 auunculi
406 1477 517 1559 nostri,
542 1476 643 1558 Regis
669 1474 807 1541 Polonie
833 1475 907 1540 diue
924 1478 1083 1556 memorie,
1100 1500 1170 1561 pre·

1 1583 2 1643 3
58 1585 126 1649 dicti
141 1584 247 1668 Regni
265 1585 371 1648 nostri
388 1583 522 1648 Potonie
548 1583 786 1650 mercatoribus
804 1607 875 1649 cunr
892 1586 1037 1668 ipsorum
1053 1607 1174 1653 merco-

56 1691 185 1757 tionibus
200 1693 365 1776 prefatam
379 1692 464 1756 vium
492 1690 702 1757 Tartaricam
719 1693 859 1756 transire
876 1714 1004 1776 semper
1020 1695 1080 1758 suit
1095 1693 1175 1758 libe·

56 1819 116 1863 mm
132 1805 161 1864 et
177 1801 323 1880 licitum;
346 1806 377 1864 et
396 1799 550 1880 quoniam
568 1819 624 1882 per
642 1806 837 1866 memoratos
849 1800 1012 1880 Preietos,
1030 1800 1176 1867 Berones

1 1889 2 1956 Ῐ
56 1915 183 1991 nostroe,
199 1917 232 1974 et
250 1907 431 1976 Ciuitatum
449 1915 635 1973 nostrarum
654 1909 731 1972 dicti
757 1907 864 1990 Regni
879 1908 1015 1974 Polonie
1032 1910 1176 1974 homines

1 2055 2 2066 κ
55 2015 207 2081 informati
235 2017 356 2096 sanius,
375 2014 494 2082 clarius
520 2022 551 2080 et
578 2016 783 2096 luculentius,
799 2039 897 2100 quom
915 2016 998 2082 alias
1014 2038 1071 2100 per
1088 2021 1175 2084 ciues

1 2139 3 2210 l
56 2131 171 2190 nostros
187 2127 351 2208 predictos
377 2124 565 2208 Lemburgi,
590 2124 719 2190 litteras
737 2130 867 2191 nostros
885 2124 924 2188 de
942 2123 1035 2189 nobis
1052 2124 1094 2189 ad
1112 2124 1176 2191 dic-

1 2298 2 2301 ,
56 2239 114 2296 tum
144 2233 316 2298 eorundem
343 2232 634 2314 Lemburgensium
661 2231 878 2298 assercionem
902 2233 980 2315 ipsis
1007 2240 1174 2300 enranatos

58 2342 251 2421 presentibus
268 2341 454 2406 reuocando
479 2339 697 2421 annullamus,
713 2340 899 2424 nulliusque
916 2340 1126 2406 ‹iocernentes
1142 2347 1174 2405 et
1217 2340 1220 2348 '

1 2469 2 2542 ζ
54 2448 186 2516 volentes
201 2449 332 2514 omnino
349 2449 419 2512 fore
437 2447 588 2529 efficacis,
615 2453 810 2514 memoratos
831 2447 938 2531 Regni
956 2452 1058 2515 nostri
1075 2451 1173 2517 Polo·

1 2575 2 2644 3
55 2557 98 2620 nie
113 2558 251 2640 predicti
269 2563 477 2638 mercatores,
505 2557 730 2622 vniuorsnlitcr
757 2557 903 2638 singulos
918 2565 949 2622 et
966 2558 1176 2641 singulariter

1 2705 2 2729 l
56 2663 220 2746 uniuersos,
247 2689 266 2730 a
293 2665 424 2750 prefata
451 2667 569 2730 ciuium
588 2665 877 2748 Lemburgensium
895 2671 927 2729 et
943 2667 1083 2732 aliorum
1099 2689 1179 2750 quo·

55 2791 256 2856 rumcumque
273 2774 474 2857 preclusione
492 2772 577 2838 dicte
603 2772 653 2838 vie
680 2772 852 2838 Tarturice
868 2773 1048 2856 graciosius
1064 2796 1176 2857 perpe·

1 2923 2 2960 5
56 2883 105 2942 tuo
119 2881 316 2944 absolvimus
341 2887 372 2945 et
400 2881 583 2963 liberamus,
613 2880 835 2962 donantesque
853 2880 970 2945 eisdem
989 2882 1176 2947 mercatori·

1 3020 3 3052 ;
56 2984 117 3067 bus,
143 2988 376 3072 du1n‚quondo
402 2995 435 3053 et
461 2990 591 3071 quocies
607 2988 688 3070 ipsis
705 2989 870 3072 optimum,
888 2988 1127 3076 commodosum
1144 2995 1176 3054 et

1 3148 2 3178 ,
53 3095 216 3176 expediens
234 3095 303 3162 fore
320 3095 492 3176 ridebitur,
508 3119 581 3161 curn
605 3096 750 3179 ipsorum
768 3097 966 3180 mercancijs,
981 3118 1040 3179 per
1056 3096 1176 3161 dictam

1 3225 2 3284 f
52 3202 127 3266 viem
154 3203 308 3270 Tarturie
335 3213 449 3288 partes
474 3203 699 3288 proficiscendi
726 3204 829 3268 libore
846 3211 877 3269 et
895 3203 1091 3282 reuertendi,
1115 3204 1175 3270 sub

1 3359 2 3384 ,
52 3307 156 3375 iisdem
170 3311 301 3396 juribus
317 3319 350 3377 ct
367 3311 471 3376 modis
496 3312 716 3377 tholouimum
732 3311 1025 3394 Lcmlrurgonsium
1043 3318 1075 3375 ct
1090 3317 1174 3376 ‹rote-

1 3395 2 3440 ³
51 3436 162 3500 rorum,
179 3428 325 3504 tempore
351 3421 521 3485 memorati
538 3420 612 3484 olim
631 3419 752 3484 domini
770 3419 929 3484 anirniri
947 3419 1055 3502 Regis,
1071 3441 1173 3484 auun-

1 3515 2 3540 ³
54 3523 110 3588 culi
127 3529 239 3610 nostri,
256 3529 421 3594 consuetis
432 3534 463 3592 et
474 3529 579 3609 tentio,
590 3528 720 3610 plenam
731 3527 891 3610 integrum
908 3533 939 3590 et
957 3525 1175 3591 omnimodum

1 3699 2 3704 γ
51 3631 244 3701 facultatem.
261 3637 303 3700 ln
320 3636 410 3700 cuius
428 3636 475 3699 rei
493 3635 712 3702 testimonium
724 3634 866 3718 sigillum
885 3641 1031 3699 nostrum
1046 3655 1175 3718 presen-

1 3749 2 3826 ]
50 3740 130 3808 tibus
146 3751 196 3810 cst
213 3765 402 3828 appensum.
420 3745 541 3809 Dntum
559 3741 718 3808 Cassouie
736 3743 898 3808 dominica
915 3743 966 3808 die
984 3743 1070 3807 infra
1087 3751 1174 3807 octa·

1 3880 2 3884 =
51 3868 103 3913 uos
128 3849 381 3934 Assumpcionis
406 3851 509 3918 Beate
536 3851 644 3918 Mario
662 3850 809 3933 Virginis
826 3872 911 3916 anno
927 3849 1060 3914 Domini
1076 3850 1176 3916 mille·

50 3957 123 4024 simo
141 3957 353 4026 COGLXX.
371 3982 465 4025 nono.

135 4105 227 4162 lxvi
242 4105 354 4154 szeizadi
367 4105 480 4171 copiulls
494 4105 645 4169 litinyvbttl,
660 4104 773 4154 Krakkb
789 4105 868 4156 viros
883 4101 1077 4168 leveltrirbsn.)
