3190 5252
787 411 1019 458 nrrnouaczmr
1037 395 1203 458 annuunt.

962 593 1034 653 915.

459 755 486 818 A
505 755 660 818 velenczei
676 754 956 838 kdztctreasripnulc
974 777 995 816 a
1010 752 1161 832 floreucai
1178 752 1397 838 lcdztdreasctp.
1423 750 1502 815 1381.

643 913 788 980 Venetis.

533 1021 712 1103 Magnifice
729 1029 761 1086 et
777 1019 913 1086 Excelse
931 1019 1061 1084 domine
1077 1019 1197 1084 Frater
1214 1025 1247 1083 et
1263 1023 1365 1084 amice
1380 1015 1530 1084 karissime.

427 1125 586 1193 Iueffabili
620 1127 826 1210 jocunditate
858 1126 988 1209 perfuse
1020 1126 1152 1209 gaudio,
1184 1126 1273 1210 quod
1305 1125 1460 1209 explicare
1481 1142 1530 1187 nou

424 1257 603 1318 possumus,
616 1236 845 1300 exaltaverunt
861 1241 986 1299 mentes
1002 1241 1122 1315 nostre,
1139 1234 1215 1299 visis
1225 1234 1456 1299 Fraternitatis
1470 1227 1530 1298 Ves-

425 1351 475 1409 tre
491 1345 619 1427 litteris²
638 1365 698 1426 que
715 1363 828 1426 pacem
846 1344 931 1408 iuter
958 1342 1204 1424 glorisissimum
1225 1341 1433 1425 Majestatem
1450 1335 1530 1420 Regis

425 1453 608 1536 Hungarie,
633 1451 752 1517 fratres
777 1459 905 1516 nostros
937 1450 1131 1534 Magnificos
1163 1449 1354 1531 Januenses,
1381 1451 1530 1518 Dominum

425 1559 619 1626 Paduanum
636 1582 675 1625 ac
690 1560 771 1624 alios
788 1581 828 1623 ex
843 1580 909 1623 una
925 1566 1026 1642 perte,
1044 1565 1077 1624 et
1094 1557 1271 1624 Commune
1282 1556 1435 1626 Vestrum
1450 1578 1484 1622 er
1497 1553 1530 1617 al·

424 1674 495 1734 tera
520 1668 618 1734 luisse
643 1668 838 1748 conclusam,
864 1667 957 1731 nobis
983 1665 1164 1750 spetialiter
1196 1667 1432 1730 nuntiaverunt.
1461 1659 1529 1746 Quid

425 1775 511 1840 enim
528 1775 662 1858 gratius,
687 1774 806 1858 quidve
834 1773 1003 1840 iocundius
1024 1775 1131 1856 potuit
1146 1775 1300 1856 intimari,
1316 1795 1412 1857 qnam
1426 1771 1528 1845 audire,

426 1884 688 1949 Frateruitatem
698 1883 861 1960 Vestram,
872 1880 1110 1947 honorabiliter
1118 1883 1300 1964 presertim,
1311 1883 1393 1947 sicut
1403 1877 1529 1951 scribitis,

429 2013 468 2056 ex
484 1998 551 2057 tam
578 1992 731 2075 ancipitis
760 1990 836 2056 belli
862 1989 1014 2073 periculis
1040 1990 1083 2055 ad
1105 1991 1314 2056 securitatem
1329 1993 1416 2074 pacis
1431 1995 1460 2054 et
1473 2006 1530 2051 cou-

427 2100 537 2165 ccrdie
554 2099 765 2183 pervenisse?
788 2099 870 2163 Lete
895 2104 972 2164 sunt
987 2097 1130 2180 victorie,
1146 2096 1280 2179 gloriosi
1297 2105 1373 2163 sunt
1387 2091 1528 2178 triumphi,

425 2231 483 2273 nec
499 2228 563 2273 non
579 2205 788 2292 magnificum
804 2213 853 2272 est
869 2206 980 2272 ulcisci
1005 2207 1151 2288 iniuriae,
1175 2214 1208 2270 et
1232 2206 1358 2272 hostem
1382 2205 1480 2271 Marte
1491 2203 1530 2285 ju·

424 2316 494 2381 dice
510 2337 684 2399 superare3
709 2320 758 2379 set
773 2316 870 2399 longe
895 2315 1002 2397 letius,
1028 2314 1212 2398 gloriosius,
1238 2323 1269 2379 et
1296 2311 1528 2398 magnificentius

426 2432 484 2505 est,
502 2425 598 2489 simul
615 2445 686 2488 cum
703 2423 797 2488 hoste
814 2423 989 2489 recondere
1001 2423 1139 2507 gladios,
1155 2423 1304 2488 exultare
1319 2425 1363 2488 im
1379 2425 1528 2505 peceato

425 2532 544 2598 bellaci
560 2532 700 2614 strepitu
725 2553 758 2595 se
775 2532 807 2595 in
824 2533 1079 2614 tranquillitatis
1096 2531 1305 2598 dulcedinum
1321 2531 1527 2597 vendicare-

423 2787 546 2845 (Eredeti
560 2787 773 2850 t'cgalmazvriuy
787 2801 804 2834 a
820 2787 959 2851 »signore
975 2787 1131 2852 Carteggie,
1150 2784 1278 2835 Missive«
1303 2787 1354 2835 stb.
1377 2784 1446 2834 xlx.
1465 2781 1527 2828 luit-e·
1578 2823 1579 2828 ,

621 2875 709 2938 geben
725 2878 784 2923 161.
798 2889 835 2923 ez.
851 2889 885 2936 a,
899 2889 916 2924 a
929 2875 1058 2924 flor-enczi
1071 2889 1144 2939 uagy
1159 2873 1355 2934 leveltarban.)

511 3345 615 3412 Jdrrcs
631 3343 757 3408 rnaeeo'i
774 3343 905 3407 bonnet·
922 3368 944 3406 a
952 3343 1106 3430 florenczi
1123 3345 1345 3430 lcdztcireasu'p.
1369 3343 1452 3408 1381.

637 3505 778 3570 Domino
794 3503 941 3569 Johanni
958 3503 1052 3570 Bano
1069 3505 1281 3570 Macoviensi.

527 3611 702 3695 Magnifice
718 3611 870 3692 Domine,
885 3613 988 3678 amice
1014 3613 1194 3680 karissime.
1220 3612 1415 3680 Audivimus
1429 3633 1463 3676 ea
1474 3625 1519 3691 qut

422 3722 527 3786 nostri
545 3719 703 3786 Oratores
729 3742 788 3802 pro
813 3728 908 3805 parte
934 3722 1054 3789 Vestre
1070 3721 1266 3790 Nobilitatis
1292 3724 1386 3789 nobis
1402 3719 1518 3787 verbote-

420 3853 480 3894 nus
496 3831 688 3909 retulerunt,
711 3830 798 3895 circa
814 3830 847 3894 id
864 3830 951 3914 quod
968 3830 1159 3915 potebamus
1174 3853 1233 3916 per
1249 3831 1405 3900 Vestram
1424 3822 1518 3896 Amici·

420 3939 500 4004 tiam
517 3938 685 4018 declarari,
702 3939 729 4004 si
745 3960 803 4004 nos
821 3947 986 4023 oporteret
1001 3941 1138 4006 durante
1153 3943 1302 4022 termino,
1319 3964 1378 4024 pro
1395 3961 1453 4025 quo
1463 3953 1516 4020 geu·

420 4055 469 4110 tes
485 4046 540 4110 ille
556 4045 599 4111 ad
609 4046 743 4112 servitia
751 4046 856 4130 Regia
868 4053 943 4112 sunt
954 4047 1118 4130 adstricte,
1128 4050 1373 4133 quomodolibet
1390 4047 1517 4113 dubius

421 4152 453 4218 N
456 4176 492 4219 ee
508 4155 574 4219 alia
590 4153 654 4219 fuit
670 4156 844 4238 responsio,
861 4177 959 4238 quam
974 4162 1064 4220 totus
1081 4163 1192 4221 noster
1209 4157 1355 4241 Populus
1373 4153 1518 4239 cogitaret:

420 4262 500 4346 quid
526 4263 610 4326 enim
636 4262 762 4342 hostile,
789 4263 907 4345 quidve
932 4264 1126 4328 damnosum
1144 4263 1323 4331 formidare
1339 4257 1517 4330 debemusde

419 4371 581 4454 gentibue,
599 4393 663 4453 que
678 4370 799 4437 Vestro
817 4371 925 4454 ductu,
942 4369 1138 4455 Vestrisque
1154 4376 1298 4441 consiliis
1315 4375 1516 4460 gubernantur·

317 4572 321 4578 ·
419 4480 556 4544 Gratias
572 4479 675 4563 igitur
686 4480 855 4545 referimus
866 4479 1045 4546 Nobilitati
1058 4481 1187 4567 Vestre,
1204 4487 1289 4568 quod
1308 4489 1341 4550 in
1357 4486 1414 4549 hoc
1428 4479 1515 4543 nostri¹

322 4629 325 4636 -
420 4609 492 4671 spes
509 4588 571 4653 fuit
587 4597 621 4653 et
637 4595 750 4654 nostra
776 4589 972 4654 confidentia
987 4612 1051 4655 nou
1068 4587 1238 4658 frustrata.
1265 4593 1373 4660 Unum
1389 4591 1515 4658 dolemus
