3182 5252
394 307 459 371 492
749 325 985 370 ureuonncuuu
1002 315 1169 370 sundran.

394 486 499 550 miuus
515 481 701 564 Stephanus
718 483 790 548 Rex
807 484 848 550 ad
864 505 923 549 nos
941 492 975 549 et
993 484 1157 549 Ducatum
1184 491 1333 550 nostrum
1351 491 1392 550 et
1415 485 1518 568 siugu-

395 594 481 659 lares
497 609 653 674 personas
669 591 815 656 eiusdem
839 591 1002 658 ferventer
1018 598 1050 656 et
1065 590 1276 658 laudabiliter
1292 592 1458 673 ostendit;
1473 614 1518 658 ac

397 705 564 784 ceptorum
581 718 716 780 operum
731 721 790 781 per
805 699 965 781 effectum,
982 699 1198 765 benemeritus
1214 720 1326 783 preces
1352 699 1456 783 ipsius
1470 699 1520 764 du·

395 809 501 872 ximus
517 805 614 888 digne
629 807 844 872 retribuentes
860 828 993 872 munere
1010 803 1273 889 gratificabiliter
1298 805 1521 890 acceptandus

398 915 523 982 Notum
537 913 639 996 igitur
656 913 726 980 lieri
745 914 892 980 volumus
910 917 1070 981 universis
1089 921 1121 981 et
1132 915 1269 998 singulis
1284 922 1356 980 tam
1371 914 1524 999 presenti·

398 1023 458 1090 bus
474 1043 573 1104 quam
590 1020 719 1103 futuris,
737 1022 824 1104 quod
843 1023 930 1087 omni
945 1023 1037 1105 juris,
1060 1022 1270 1088 consiliorum
1280 1031 1315 1088 et
1324 1023 1526 1088 ordinamen-

399 1139 505 1198 torum
522 1137 710 1196 nostrorum
726 1133 855 1212 integra
872 1131 1079 1197 solemnitate
1090 1138 1228 1206 servata,
1245 1131 1411 1214 prefatum
1427 1131 1523 1196 domi·

401 1260 475 1304 nuru
495 1235 699 1321 Stephanum
716 1237 840 1320 Regem
859 1260 930 1303 oum
948 1240 1015 1303 suis
1033 1237 1108 1306 filiis
1124 1245 1157 1303 et
1176 1238 1354 1304 heredibus
1370 1240 1406 1304 in
1421 1236 1524 1305 Vena

400 1355 451 1412 tos
467 1353 499 1411 et
515 1345 600 1410 cives
616 1350 744 1410 nostros
760 1347 939 1438 recepimus
955 1352 1053 1429 atque
1077 1346 1260 1429 recipimus,
1277 1349 1311 1410 et
1337 1347 1488 1414 Venetos
1501 1353 1528 1410 et

402 1455 486 1519 cives
503 1458 634 1517 nostros
651 1452 787 1518 fecimus
812 1459 845 1518 et
869 1453 1017 1534 facimus,
1042 1462 1074 1519 et
1097 1474 1158 1537 pro
1173 1452 1321 1538 ,Venetis
1348 1461 1384 1519 et
1410 1455 1529 1520 civibus

401 1561 520 1626 nostrie
537 1560 570 1623 in
589 1559 736 1627 Venetiis
753 1567 785 1624 et
801 1566 894 1627 extra
910 1561 1050 1628 ubilibet
1075 1562 1189 1626 haberi
1215 1560 1363 1626 volumus
1389 1569 1423 1626 et
1452 1569 1530 1627 trec·

400 1670 465 1734 tari
479 1694 486 1750 ;
501 1670 590 1751 ipsos
606 1669 731 1734 sincere
750 1667 936 1734 dilectionis
955 1669 1097 1736 brachiis
1114 1669 1349 1754 amplexantes„
1373 1691 1416 1736 ac
1439 1669 1533 1736 firmi·

401 1784 452 1842 ter
484 1781 675 1856 statuentes,
701 1776 788 1858 quod
813 1778 934 1843 eisdem
962 1777 1177 1857 libertatibus,
1206 1777 1382 1860 benefieiis
1408 1778 1533 1862 gratiis,

401 1885 578 1950 honoribus
595 1907 634 1948 ac
650 1885 920 1967 immunitatibus,
936 1886 1053 1969 quibus
1078 1886 1136 1952 alii
1161 1885 1287 1951 nobiles
1312 1887 1402 1950 cives
1427 1883 1533 1954 Vene-

401 1993 522 2057 tiarum
539 1991 694 2075 gaudent,
710 1992 831 2075 prefati
848 1993 997 2060 dominus
1012 1991 1200 2077 Stephanus
1216 1993 1291 2058 Rex
1306 2000 1341 2058 et
1356 1995 1409 2059 sui
1424 1994 1488 2059 filii
1504 1999 1532 2058 et

402 2100 538 2165 heredes
554 2100 589 2162 in
609 2099 758 2166 Venetiis
784 2107 817 2164 et
844 2107 937 2165 extra
961 2101 1081 2184 ubique
1106 2099 1272 2183 gaudeant
1296 2099 1534 2188 plenissimeet

402 2213 545 2272 utantur.
563 2207 604 2271 In
622 2229 759 2290 quorum
776 2208 918 2272 omnium
934 2207 1040 2288 fidem,
1055 2207 1278 2272 testimouium
1289 2213 1323 2272 et
1338 2207 1536 2273 evidentiam

403 2315 583 2400 pleniorem
609 2334 740 2396 presens
772 2314 979 2398 privilegium
1010 2314 1078 2379 fieri
1111 2314 1347 2397 mandavimus,
1380 2322 1415 2380 et
1448 2315 1536 2382 bulla

404 2429 517 2488 nostra
533 2420 694 2504 pendente
721 2443 822 2486 aurea
848 2423 1046 2487 communiri.
1078 2421 1200 2489 Datum
1225 2424 1260 2486 iu
1286 2428 1400 2488 nostro
1427 2423 1535 2490 ducali

404 2529 528 2614 palatio
546 2549 631 2592 anuo
656 2527 827 2594 Dominice
853 2528 1092 2594 lucarnationis
1108 2527 1281 2594 millesimo
1305 2535 1538 2596 trecentesimo

406 2639 624 2719 octuagesimo
641 2637 752 2714 tercio,
769 2635 822 2701 die
837 2637 1017 2721 penultimo
1033 2635 1126 2718 Julii,
1142 2644 1233 2702 sexte
1246 2636 1452 2704 indictionis

514 2745 692 2810 Millesimo
709 2744 937 2809 trecentesimo
955 2745 1163 2828 nonagesimo
1182 2745 1297 2827 primo,
1307 2747 1433 2812 mensis
1443 2744 1472 2809 J
1474 2746 1537 2812 unii

405 2853 457 2918 die
472 2853 588 2937 primo,
604 2851 783 2917 indictione
801 2852 1061 2934 quartadecima,
1077 2851 1182 2917 simile
1199 2851 1407 2936 privilegium
1418 2853 1539 2922 facum

406 2959 469 3025 fuit
486 2961 617 3025 domino
635 2958 805 3044 Stephano
820 2960 860 3024 de
876 2949 972 3025 Bissa
984 2959 1140 3041 (Dabisa)
1150 2959 1213 3024 Dei
1224 2959 1336 3042 gratia
1351 2959 1443 3043 Regi
1463 2962 1540 3028 Rus·

405 3071 460 3150 sie,
478 3069 625 3148 Rosciae,
642 3067 878 3150 Maritimeque
893 3074 953 3132 eto.
970 3066 1200 3151 puuctualiter,
1217 3072 1255 3130 ut
1269 3065 1395 3132 iactum
1411 3067 1540 3134 fuitdo

407 3176 496 3244 miuo
514 3174 681 3259 Stephano
704 3175 879 3256 Tuertcho,
900 3181 1028 3242 mutato
1045 3174 1213 3240 solumodo
1231 3174 1362 3242 nomine
1388 3179 1499 3260 partis
1513 3183 1541 3241 et

407 3291 562 3367 tempore.

515 3390 693 3457 Millesimo
711 3390 1032 3474 quadringentesimo
1049 3397 1175 3474 quarto,
1185 3391 1307 3455 mensis
1323 3388 1478 3475 Augusti
1494 3393 1540 3458 dic

319 3485 321 3490 ⁸
361 3523 380 3528 -
409 3499 556 3582 septimo,
572 3498 751 3563 indictione
768 3497 968 3577 duodecima,
984 3496 1107 3563 iactum
1130 3497 1195 3562 fuit
1211 3497 1317 3563 simile
1333 3498 1540 3583 privilegium

411 3604 623 3671 Sereuissimo
639 3603 770 3672 domino
783 3604 1128 3687 Tuertcho,quondam
1140 3603 1341 3671 Tuerthouis
1356 3606 1475 3690 Regis,
1483 3607 1539 3672 Dei

410 3712 517 3795 gratia
532 3711 616 3794 Regi
633 3711 763 3784 Roscia,
779 3713 927 3794 Bossine,
943 3710 1176 3795 Maritimeque
1187 3719 1248 3778 etc.
1265 3719 1397 3779 mutato
1411 3714 1539 3778 nomine

410 3817 514 3885 Ducis
529 3825 564 3883 et
578 3826 731 3902 tempore.
1315 3836 1319 3842 '

410 3961 445 4032 (Α
461 3963 560 4014 »Liber
573 3963 804 4028 Privilegiorum«
818 3964 909 4014 czimlt
927 3964 1068 4016 veleuczei
1080 3963 1311 4029 allamkduyvbol
1335 3965 1354 4015 1.
1375 3966 1434 4014 kat„
1449 3970 1494 4016 5⁶.
1508 3965 1537 4014 ll

955 4235 957 4238 .
1004 4233 1055 4242 -—--
