3210 5252
732 345 969 401 nrrucuscmar
987 337 1157 402 auresue.

922 649 973 706 945.

380 807 440 871 XI.
466 807 604 892 (ierqelp
629 807 788 891 popliani:
816 806 1160 890 arnopbnlolurrrzco'npu
1201 806 1319 872 l'iluros
1344 805 1514 868 bibaruolr·

305 987 309 994 ,
380 917 576 1001 belylcrldjn
588 920 747 990 szo'nuorn,
758 917 838 1000 kopp
849 939 868 974 o
886 915 991 976 ruinani
1002 917 1119 1000 applica
1138 915 1270 976 oculas
1286 914 1515 996 ssosune‘pelrer

803 1023 976 1086 lciilbrsseu..
1007 1024 1098 1086 1375.

488 1183 669 1266 Gregorius
696 1184 881 1265 Episcopus
899 1189 958 1246 etc.
986 1182 1103 1248 dilecto
1119 1182 1185 1246 lilio
1203 1179 1384 1247 &uillelmo
1402 1180 1514 1246 Sancti

378 1292 501 1375 Angeli
517 1293 664 1356 Diacono
681 1288 852 1356 Cardinali
869 1291 901 1354 in
920 1291 1082 1358 nonnullis
1099 1291 1218 1356 nostris
1236 1297 1266 1354 et
1285 1289 1434 1354 Ecclesia
1449 1289 1515 1353 Ro·

378 1421 472 1466 mane
490 1400 603 1465 Terris
620 1401 653 1464 in
669 1398 771 1464 Italia
787 1399 1040 1465 consistentibus
1057 1421 1117 1482 pro
1135 1399 1228 1464 nobis
1239 1405 1272 1462 et
1281 1398 1433 1462 Ecclesia
1443 1399 1512 1481 ipsa

380 1509 414 1573 in
440 1507 676 1590 temporalibus
704 1507 840 1573 Vicaric
868 1503 1023 1572 Generali
1057 1508 1196 1573 salutem
1221 1513 1281 1572 etc.
1306 1505 1365 1570 Ad
1390 1510 1512 1570 statum

380 1616 560 1681 Terrarum
576 1621 763 1681 nostrarum
779 1621 811 1679 et
828 1615 975 1681 Ecclesia
1001 1613 1150 1681 Romane
1167 1617 1200 1680 in
1218 1614 1320 1680 Italia
1336 1614 1514 1680 consisten-

376 1724 459 1793 tium
484 1723 662 1792 salubriter
689 1717 957 1804 conservandum,
979 1727 1164 1810 bonumque
1190 1725 1357 1810 publicum
1384 1746 1513 1808 promo·

376 1833 526 1912 rendum,
542 1839 652 1898 nostre
669 1834 940 1898 considerationis
967 1833 1077 1899 oculos
1098 1833 1285 1916 dirigent-es,
1302 1838 1335 1897 et
1351 1835 1512 1898 extiman-

375 1945 434 2018 tes,
451 1941 540 2024 quod
556 1943 704 2026 ipsarum
731 1942 908 2007 Terrarum
935 1944 1022 2006 salus
1049 1951 1081 2006 et
1107 1940 1340 2024 tranquillitas,
1368 1942 1511 2023 bonique

374 2048 496 2131 publici
513 2048 695 2132 amplitudo
722 2051 835 2114 melius
861 2057 1013 2132 poterunt.
1033 2050 1197 2129 custodiri,
1216 2051 1242 2112 si
1259 2049 1301 2112 ad
1319 2048 1352 2112 id
1369 2051 1511 2116 aliorum

375 2153 599 2234 Dominarum,
625 2155 796 2221 Nobilium
822 2163 852 2220 et
879 2157 1074 2240 populorum
1101 2155 1257 2238 suffragia
1278 2155 1511 2236 interveniant,

375 2271 408 2327 et
424 2266 544 2330 nostris
560 2271 592 2330 et
607 2265 754 2329 Ecclesia
770 2263 918 2329 Romane
944 2263 1068 2329 viribus
1094 2264 1232 2329 aliorum
1250 2264 1333 2326 uires
1351 2271 1382 2329 et
1401 2275 1512 2348 poten

374 2373 422 2435 tia
449 2372 705 2455 coniungantur3
738 2371 1028 2456 Circumspecticni
1055 2371 1125 2436 Tue
1153 2393 1224 2437 curn
1260 2373 1512 2456 quibuscunque

376 2477 532 2562 Regibus,
547 2478 767 2564 Principibus,
783 2481 978 2562 Beronibus
989 2479 1173 2562 Nobilibus,
1185 2479 1364 2544 Terrarum
1376 2478 1512 2548 Castro·

377 2609 448 2652 rum
474 2595 507 2653 et
531 2587 694 2654 Locorum
719 2587 1007 2669 Vniuersitatibus,
1040 2589 1327 2672 singularibusque
1359 2591 1511 2672 personis

374 2695 592 2779 cuiuscunque
608 2702 723 2777 status,
749 2697 983 2780 proeminentia
1000 2703 1031 2761 et
1048 2697 1247 2763 condicionis
1275 2698 1426 2764 existant.
1454 2719 1510 2763 no-

375 2808 443 2869 stro
461 2811 493 2868 et
507 2804 637 2888 prefate
654 2803 800 2870 Ecclesia
817 2804 946 2870 nomine
971 2803 1070 2888 ligem
1088 2811 1121 2870 et
1137 2803 1433 2870 corrfederaticuem
1451 2827 1511 2889 prc

374 2933 411 2975 eo
436 2916 581 2996 tempore
608 2919 639 2978 et
665 2913 814 2992 termino,
841 2921 874 2977 et
900 2935 970 2978 cum
998 2913 1063 2977 illis
1084 2914 1191 2997 pactis
1207 2919 1238 2978 et
1255 2912 1511 2994 conditionibus,

373 3020 647 3102 conventionibus
672 3021 951 3104 promissionibus,
977 3021 1081 3086 modis
1098 3027 1129 3086 et
1145 3020 1325 3101 tenoribus,
1352 3043 1391 3086 ac
1411 3043 1512 3105 pena·

371 3150 443 3195 rum
459 3127 708 3212 adiectionibus,
725 3136 756 3193 et
774 3130 848 3194 aliis
865 3129 1012 3195 omnibus
1028 3137 1061 3194 et
1079 3131 1214 3212 singulis
1231 3130 1414 3214 oportunis,
1427 3129 1512 3195 etde

375 3237 492 3319 quibus
510 3238 614 3304 eidem
632 3236 921 3321 Circumspeclicni
947 3237 1130 3318 ridebitur3
1154 3239 1201 3303 ita
1227 3245 1349 3318 tamen,
1370 3239 1459 3321 qnod
1477 3240 1512 3303 in

375 3362 572 3427 quacunque
598 3345 665 3427 liga
692 3365 750 3427 per
776 3353 808 3410 te
832 3343 981 3410 facienda
1008 3345 1195 3411 carissimus
1211 3346 1244 3410 in
1262 3345 1397 3412 Christo
1422 3345 1513 3411 filius

373 3458 484 3517 noster
501 3451 642 3517 (larclus
659 3453 882 3518 Romanorum
908 3453 1095 3536 Imperator
1117 3451 1253 3536 Semper
1270 3453 1454 3536 Augustus,
1472 3476 1513 3518 ac

374 3558 478 3625 nostri
495 3567 524 3624 et
543 3559 644 3642 ipsius
663 3560 809 3627 Ecclesia
836 3560 982 3644 colligati
1006 3563 1208 3645 recipiantur
1227 3569 1257 3625 el
1275 3560 1514 3645 intelligantur

370 3668 505 3750 recepti,
521 3668 731 3732 contrahendi
748 3675 780 3733 et
797 3667 948 3734 firmandi
967 3669 1172 3734 concedimus
1183 3675 1295 3734 tencre
1305 3660 1514 3752 presentium

370 3775 551 3856 plenariam
576 3781 782 3858 potestatem.
808 3776 933 3841 Datum
960 3776 1121 3842 Auinione
1147 3774 1235 3840 IIII.
1261 3775 1424 3843 kalendas
1440 3777 1515 3844 No·

370 3880 518 3962 rembris,
536 3881 751 3947 Pontifiealus
767 3885 872 3947 nostri
889 3905 974 3948 anno
992 3884 1115 3967 quinto.

692 4030 751 4088 (XI.
766 4031 889 4094 Gergely
905 4031 975 4092 papa
988 4026 1177 4093 regensis-u.)
