3210 5252
599 380 694 450 1373.
1168 383 1210 444 51

89 543 245 650 subripere
271 571 306 631 et
329 566 462 650 predari
491 587 550 650 per
576 584 665 631 mare
691 571 870 649 otpertus,
896 566 931 631 in
956 565 1070 650 galeis,
1090 566 1125 630 in
1139 564 1213 629 bar-

91 674 158 756 cbis,
185 673 372 741 barobooiis
406 679 440 739 et
470 674 612 756 nauigiis
638 672 895 757 quibuscunque,
920 672 1050 758 plenam
1078 674 1213 740 liberta-

7 761 9 818 ἒ
88 787 146 848 tem
168 788 201 848 et
225 782 445 850 omnimodam
471 782 641 847 licenciam
666 788 699 846 et
722 780 861 848 liberam
887 787 1095 865 potestatem,
1124 781 1212 866 quod

91 889 225 974 deinceps
250 891 380 975 possint
403 897 436 956 et
461 891 594 956 valeant
618 890 707 974 ipsos
733 888 889 971 Venetos,
908 896 941 955 et
956 891 1101 972 ipsorum
1126 889 1214 956 bona

7 995 9 1078 ξ
93 1005 120 1063 et
139 1018 190 1064 res
214 998 379 1084 quaslibet
413 999 446 1063 in
481 998 563 1064 mari
590 1005 623 1066 et
647 999 682 1063 in
706 998 858 1082 portibus
893 997 1032 1082 quilibet
1066 999 1213 1084 dampni-

7 1165 8 1172 ,
91 1105 175 1172 ficare
198 1113 231 1171 et
256 1105 433 1189 offendere,
462 1105 629 1191 prendere,
660 1127 776 1190 capere
808 1111 842 1171 et
874 1105 1015 1189 predari,
1040 1108 1073 1170 in
1099 1105 1212 1190 galeis,

93 1213 207 1279 barchis
231 1221 263 1280 et
287 1214 430 1298 nauigiis
455 1213 712 1299 quibuscunque,
735 1235 788 1279 res
812 1213 964 1297 bonaque
991 1215 1134 1296 ipsorum
1153 1235 1212 1298 per

7 1349 10 1440 p
95 1340 141 1384 sos
155 1323 262 1389 ablata
287 1329 320 1388 et
343 1322 484 1407 abrepta
499 1323 638 1388 rendere
663 1329 696 1388 et
720 1322 753 1387 in
780 1343 873 1388 suum
897 1344 989 1388 rsnm
1014 1329 1212 1420 conuertere,

94 1434 123 1493 et
144 1429 317 1514 proiectum
342 1452 401 1514 pro
427 1451 462 1496 se
488 1432 619 1515 suisque
646 1431 793 1496 debitum
809 1431 965 1512 obtinere,
980 1451 1090 1496 omnes
1107 1432 1212 1496 nostri

94 1544 194 1618 portus
208 1538 242 1602 in
255 1537 432 1603 Delmacis
449 1537 492 1604 ad
509 1559 568 1604 nos
584 1540 785 1623 pertinentes
796 1539 861 1604 sint
872 1539 918 1604 eis
928 1539 1035 1624 aperti
1051 1544 1084 1604 et
1099 1545 1210 1622 paton-

7 1651 8 1654 ’
95 1648 154 1721 tes3
175 1645 220 1709 its
236 1649 270 1708 st
286 1645 547 1728 quandocunque
562 1645 724 1712 volueriut
740 1652 774 1711 et
789 1647 965 1711 necessitas
975 1646 1130 1729 exegerit,
1140 1665 1212 1729 pos·

96 1752 153 1816 sint
166 1753 285 1819 intrare
310 1751 412 1819 libere
437 1757 527 1837 ipsos
551 1759 676 1838 portus,
692 1761 725 1818 et
739 1753 786 1820 ibi
802 1757 891 1820 stare
908 1759 939 1818 et
953 1753 1040 1819 exire
1068 1753 1212 1838 quaudo-

98 1879 209 1943 cuuque
232 1860 401 1927 voluerint.
428 1861 515 1927 Item
541 1861 746 1927 concedimus
762 1866 796 1926 et
810 1863 1015 1940 assentimur,
1035 1867 1070 1925 rt
1085 1859 1212 1927 licitum

7 1967 9 2046 l
94 1968 132 2030 sit
152 1967 225 2050 ipsis
249 1967 442 2035 descendere
466 1970 500 2034 in
526 1975 658 2051 terrem,
675 1976 707 2034 et
723 1971 770 2033 ire
786 1968 829 2034 ad
844 1966 965 2053 o'astra,
981 1969 1140 2048 ciuitates,
1157 1989 1211 2052 op-

7 2063 9 2128 i
92 2073 169 2156 pida,
183 2076 251 2143 loca
265 2083 298 2142 et
314 2077 409 2144 villas
425 2077 588 2162 quaslibet
604 2078 639 2141 in
653 2077 828 2143 Dalmaoia
839 2098 939 2142 eausa
949 2077 996 2142 ibi
1004 2075 1211 2159 refrigerium

92 2179 219 2248 habendi
233 2191 265 2250 et
281 2181 491 2265 reirescandi,
507 2191 541 2250 vt
558 2206 646 2251 more
657 2190 837 2251 ceterorum
846 2185 1076 2269 nauiganoium
1091 2185 1212 2249 victua·

7 2279 9 2344 ἶ
93 2287 134 2354 lia
148 2309 271 2373 quoque
286 2299 450 2376 oportuna
466 2293 530 2377 ipsi
546 2295 674 2377 possint
683 2293 830 2373 vendere,
850 2299 884 2358 et
903 2313 1008 2358 emere
1027 2313 1210 2376 procorum

94 2401 222 2481 pecuniis
237 2403 270 2466 in
287 2402 438 2467 omnibus
455 2402 580 2484 castris,
596 2400 804 2480 Ciuitatibus,
824 2401 962 2486 oppidis,
978 2403 1064 2470 uillis
1080 2408 1113 2467 et
1128 2402 1209 2468 loeis

7 2495 9 2512 ⁷
96 2505 281 2588 quibuslibet
297 2508 391 2574 nobis
406 2510 441 2574 in
456 2508 631 2575 Dalmaoia
646 2509 807 2575 subiectis.
834 2511 880 2575 Et
895 2511 955 2575 heo
971 2512 1080 2576 omnia
1097 2516 1130 2575 et
1147 2511 1211 2574 sin-

7 2615 9 2698 ξ
96 2614 167 2696 gulo
179 2618 404 2700 suprascripta
428 2618 585 2696 volumus,
600 2639 669 2683 esse
693 2617 790 2684 firma
804 2624 837 2683 et
852 2623 928 2683 rata
944 2638 1045 2702 vsque
1060 2619 1101 2682 sd
1118 2639 1211 2702 guer-

7 2711 9 2776 i
94 2741 157 2786 raro
179 2723 313 2808 finitam,
342 2727 392 2790 sel
418 2746 587 2809 quousque
612 2727 674 2810 ipsi
700 2748 721 2791 a
744 2726 840 2791 nobis
865 2724 1040 2793 habuerint
1065 2727 1154 2793 aliud
1178 2727 1210 2791 in

94 2849 192 2896 eornm
216 2833 389 2899 mandatis.
415 2834 456 2899 In
482 2856 619 2918 quorum
644 2835 788 2899 omnium
811 2835 1031 2900 testimonium
1047 2840 1212 2918 presentes

7 2927 9 3003 Ξ
93 2943 295 3008 concessimus
310 2941 441 3008 litteras
457 2943 561 3008 nostri
578 2942 676 3027 sigilli
693 2943 825 3009 maioris
841 2943 998 3009 autentici
1014 2943 1211 3027 appensione

93 3048 229 3115 munitas.
243 3048 370 3116 Datum
386 3051 420 3114 in
435 3049 629 3134 wissegrad
645 3049 697 3116 die
714 3048 794 3119 VII.
811 3051 929 3116 mensis
945 3049 1111 3116 Februari
1126 3069 1211 3115 anno

7 3153 9 3218 Ξ
92 3152 212 3220 Domini
227 3153 532 3224 MOOGLXXIII.

7 3267 9 3344 i
92 3297 167 3358 (xta.
180 3300 289 3351 sedandi
302 3301 423 3353 ktairati
443 3305 576 3356 eodexbol
589 3319 606 3355 a
619 3305 760 3356 veleueaei
772 3303 915 3356 Marciana
928 3305 1000 3354 nevil
1013 3317 1087 3368 nagy
1106 3301 1211 3365 kdnyv·

584 3395 706 3459 tdrban.)
892 3405 894 3408 ·

567 3553 727 3567 n—a———n-

620 3700 674 3762 47.

7 3879 12 3912 r
90 3855 117 3923 A
143 3857 289 3928 oeieaczei
314 3861 591 3950 kormdnytondcs
613 3861 731 3949 eltittju
765 3858 952 3926 oiottvaldit
969 3887 990 3926 a
1007 3860 1214 3947 Rapuzdool'

463 3971 702 4036 kereskcde'stb'l.
728 3971 823 4035 1373.

190 4130 289 4198 Anno
313 4127 615 4196 MOGCLXXIII.
640 4130 693 4197 die
719 4130 860 4197 seeundo
888 4128 1026 4215 Aprilis.
1053 4127 1213 4212 Capta:

89 4235 170 4303 (tum
190 4261 247 4324 per
259 4261 308 4322 ea,
324 4260 388 4323 que
404 4237 567 4306 habentur
583 4261 641 4324 per
657 4240 784 4325 aliquos
800 4243 884 4309 cives
900 4246 1038 4320 nostros,
1055 4259 1113 4320 per
1130 4237 1213 4302 indi-

7 4355 9 4386 *
87 4353 208 4413 rectum
231 4347 410 4416 coutrafiat
426 4349 662 4414 intentionibus
684 4349 786 4415 Terre
801 4356 834 4415 et
849 4348 1014 4415 ordinibus
1039 4345 1146 4429 captis
1162 4367 1214 4411 su-

87 4477 144 4539 per
159 4457 245 4525 facto
260 4458 500 4542 Raguseorum,
515 4463 549 4527 et
564 4458 683 4525 bonum
694 4460 738 4525 sit
754 4482 851 4544 super
867 4458 1023 4544 predictis
1035 4455 1214 4540 providere;

7 4619 9 4628 ,
86 4566 178 4633 radit
196 4587 281 4652 pars,
298 4567 387 4650 quod
412 4565 452 4633 de
469 4573 576 4632 cetero
601 4567 720 4652 aliquis
744 4573 855 4634 noster
881 4568 968 4648 civis,
993 4564 1145 4630 subditus
1161 4564 1213 4630 vel

1063 4669 1105 4742 4*
