3182 5252
615 360 712 442 leet.
1154 357 1217 440 ‘sss

90 557 122 616 et
138 555 290 620 tractetis
306 555 393 621 inter
420 555 507 640 ipsos
533 553 693 620 Dominus
720 558 955 620 constituentes
977 561 1008 621 ct
1025 556 1220 622 constitutos

89 667 121 724 et
137 662 402 728 Dominstionem
422 663 569 744 llsgusii,
587 685 659 728 cum
673 661 949 746 promissionibus,
965 663 1221 747 obligationibus

86 769 229 836 realibus
256 777 289 836 et
315 770 549 856 personalibus,
576 772 804 836 instrumentis
820 777 852 834 et
868 771 1004 836 cautelis
1029 773 1221 854 oportunis;

89 883 120 940 et
136 878 335 959 generaliter
352 880 386 944 in
401 885 431 944 et
450 900 547 961 super
562 879 728 962 premissis
745 879 894 943 omnibus
905 885 937 942 et
948 879 1096 962 singulis,
1112 901 1150 944 an
1166 878 1221 942 de·

88 983 307 1066 pendentibus
323 1007 430 1068 agere,
446 993 598 1064 tractare,
619 1005 797 1069 procurare
813 991 846 1050 et
861 984 968 1050 lacere
985 986 1093 1051 omnia
1109 993 1142 1050 et
1158 986 1220 1050 sin·

86 1091 166 1173 gule
181 1094 366 1160 necessaris
391 1101 425 1159 et
451 1101 620 1178 oportuna,
647 1094 732 1158 siout
749 1095 781 1158 in
799 1093 893 1157 dictis
915 1093 1021 1176 pectis
1037 1099 1071 1156 et
1085 1113 1221 1160 conven-

86 1199 229 1266 tionibus
245 1199 341 1266 factis
368 1209 401 1266 et
426 1203 581 1267 tractatis
608 1203 693 1267 inter
718 1202 807 1284 ipsos
823 1199 969 1266 dominos
985 1201 1221 1266 constituentes

87 1313 120 1371 et
134 1308 292 1392 ipsosmet
307 1310 503 1376 constitutos
519 1330 558 1374 ac
574 1307 837 1374 Dominationem
847 1307 985 1389 Ragusii
1002 1307 1129 1390 plenius
1146 1328 1219 1374 con·

87 1414 241 1498 tinentm·,
256 1424 290 1482 et
305 1439 368 1500 que
394 1417 456 1500 ipsi
483 1418 716 1482 constituentes
742 1415 850 1481 facere
866 1422 1007 1500 possent,
1023 1415 1051 1480 si
1067 1437 1220 1498 persona·

86 1521 163 1586 liter
188 1523 384 1590 interessent
409 1523 473 1590 stb.
499 1522 758 1608 (promittentes)
784 1521 942 1606 quidquid
963 1543 1022 1606 per
1038 1522 1219 1588 antedictos

89 1627 239 1696 Sindicos
265 1638 297 1695 et
321 1637 550 1714 procuratores
576 1633 705 1696 nomine
732 1632 875 1713 ipsorum
900 1631 1166 1695 constituentium
1184 1631 1217 1694 in
1284 1639 1286 1642 ’

87 1739 254 1820 premissis
270 1744 304 1802 et
319 1737 466 1821 quolibet
492 1740 725 1822 premissorum
751 1745 868 1819 uotum,
894 1742 1117 1820 procuratum,
1129 1739 1220 1822 jura·

88 1851 156 1910 tum
183 1843 348 1911 laetumve
374 1844 482 1927 suerit,
508 1843 626 1910 habere
652 1851 810 1928 perpetuo
837 1845 975 1925 firmum,
991 1851 1098 1910 ratum
1115 1851 1148 1908 et
1164 1865 1219 1928 ap

89 1953 275 2035 probatum,
300 1972 358 2016 neo
382 1951 605 2018 contrafacere
629 1953 679 2017 vel
706 1952 930 2017 contravenire
954 1973 1014 2035 per
1039 1973 1073 2016 se
1093 1951 1144 2016 vel
1161 1973 1219 2040 per

90 2060 192 2126 alium
210 2081 266 2124 seu
282 2059 366 2126 elios
383 2060 612 2142 quoquomodo
629 2059 691 2125 stb.
708 2059 919 2126 Presentibus
935 2057 1064 2125 Jacobo
1081 2059 1121 2124 de
1139 2058 1221 2126 Pro·

89 2167 220 2234 donello
235 2166 363 2248 lodice,
378 2173 411 2232 et
427 2187 479 2230 ser
503 2165 700 2251 Lampredio
727 2167 767 2232 de
792 2166 935 2231 Zem’euo
962 2166 1138 2234 Nobilibus
1154 2167 1220 2232 Rs·

88 2274 191 2356 gusii;
216 2273 379 2356 Magistro
395 2272 574 2340 Albcrtino
601 2274 640 2340 de
666 2274 783 2340 Padus
802 2274 934 2358 physico
951 2274 1109 2340 salariato
1125 2275 1220 2342 Com-

88 2382 191 2449 munis
208 2381 355 2465 ngusii,
370 2389 403 2448 et
419 2405 471 2448 ser
487 2381 616 2450 Jacobo
642 2383 681 2447 de
708 2381 823 2448 Prima
844 2380 1053 2446 Cancellsrio
1069 2379 1220 2449 Commu·

89 2491 137 2554 nis
153 2489 292 2572 Ragusii
308 2491 447 2556 testibus
463 2491 505 2556 ad
522 2491 671 2574 predicte
699 2491 820 2556 vocetis
836 2497 869 2555 et
885 2491 1010 2574 rogetis
1026 2493 1087 2559 stb.
1104 2491 1143 2576 (J
1146 2515 1220 2576 egy-

88 2599 135 2662 zbi
146 2598 225 2682 jegy
245 2606 279 2664 es
295 2600 440 2682 altirts.)

89 2741 123 2801 (Δ
135 2743 262 2806 vsgleges
276 2743 466 2794 nattrozerror
481 2743 591 2794 lrisdott
604 2743 773 2808 bunepelyer
784 2742 955 2807 okmdnybdl
969 2744 1041 2794 mint
1055 2749 1117 2794 307.
1131 2759 1169 2807 aa,
1183 2747 1219 2806 a.)
1276 2761 1279 2768 ·

619 3053 694 3114 307.

94 3203 241 3297 Vc'plepes
257 3209 426 3278 baldroznt
443 3237 464 3278 o
482 3213 685 3300 Raqnzu‘bon
693 3211 798 3298 sopra
810 3209 1218 3299 tartottfraneziasduralr

250 3322 281 3385 ris
298 3321 437 3408 looapnlr
446 3321 720 3410 felezabadnlo'sa
737 3323 929 3409 tdrqya'bon.
956 3320 1051 3385 1385.

196 3480 237 3544 In
263 3479 390 3548 Christi
415 3483 544 3547 nomine
569 3481 686 3554 Amen.
719 3483 818 3548 Anno
847 3481 1041 3548 Natiuitatis
1073 3477 1218 3564 ejusdem

91 3583 404 3656 Mooonxxxv.
421 3588 601 3655 indiccione
612 3598 732 3656 octaua
745 3590 796 3656 die
807 3588 921 3654 ultimo
934 3589 1052 3656 mensis
1068 3586 1216 3653 Februa·

91 3694 145 3776 rii;
167 3701 325 3778 regnante
342 3695 556 3763 Serenissima
571 3698 726 3784 Principe
743 3705 775 3762 et
791 3697 932 3764 Domina
958 3703 1070 3762 nostra
1088 3695 1218 3762 domina

91 3801 202 3868 Maris
218 3803 281 3867 Dei
299 3805 411 3887 gracia
436 3802 667 3872 Illustrissims
691 3805 820 3888 Regina
845 3805 1026 3887 Hungsrie,
1042 3801 1218 3885 Dalmatis,

92 3906 223 3980 Oroatis
247 3919 306 3977 stc.
334 3910 496 3977 Generosi
521 3933 561 3978 ac
586 3915 710 3978 strenui
727 3913 852 3979 Milites
868 3913 990 3978 domini
1006 3907 1164 3994 Aluysius
1179 3914 1219 3978 de

92 4017 203 4086 Monte
229 4018 361 4086 Gaudio
388 4027 422 4084 et
448 4017 610 4086 (lolardus
637 4019 677 4085 de
698 4017 881 4101 Callarilla,
898 4028 935 4085 ut
951 4019 1071 4085 dieitur
1088 4019 1219 4085 ustione

85 4122 301 4210 francigene,
312 4127 527 4211 personaliter
543 4128 711 4194 constituti
723 4149 831 4194 coram
843 4126 1057 4194 serenissima
1067 4125 1220 4210 Principe

93 4230 221 4300 domina
244 4233 420 4300 Elisabeth
442 4235 571 4318 Regina
597 4235 779 4320 Huugsrie,
805 4235 952 4318 Polonie,
977 4233 1144 4299 Dalmatio
1161 4241 1220 4301 etc.

93 4337 268 4423 Spectabili
284 4343 441 4426 genitrice
457 4342 669 4409 Serenissime
685 4343 855 4425 Reginslis
863 4342 1050 4408 Maiestatis
1064 4341 1220 4426 predicte,

94 4455 125 4512 et
139 4450 212 4516 eliis
229 4452 338 4516 multis
356 4450 498 4518 Prelatis
514 4461 548 4516 et
565 4450 749 4516 Beronibus
775 4451 881 4533 Regni
898 4449 1080 4532 Hungarie‚
1095 4448 1127 4513 in
1148 4471 1221 4533 pre·

95 4561 193 4624 sentis
219 4581 347 4644 quoque
373 4559 611 4626 honorabilium
638 4566 671 4623 st
696 4560 902 4642 egregiorum
929 4561 1070 4622 virorum
1097 4559 1219 4622 domini

1052 4664 1112 4730 36*
