3190 5252
407 379 474 438 458
762 393 996 439 umuouuczrur
1012 382 1180 439 nunnunr.

404 554 483 618 viris
509 549 682 618 Leonardo
709 551 866 619 Dandulo
886 560 920 618 et
935 553 1080 620 Fantino
1107 553 1254 639 Georgia
1280 555 1440 636 militibus,
1462 577 1515 620 am·

405 658 638 742 basiatoribus,
664 659 806 743 syndicis
831 662 1099 746 procuratoribus
1125 667 1158 728 et
1184 665 1311 729 nunciis
1336 660 1449 746 prefati
1471 661 1515 727 do-

404 772 484 837 miui
500 768 603 834 Ducis
620 771 653 831 et
670 765 861 834 Communis
879 768 1096 844 Veneciarum
1113 770 1156 834 ad
1172 769 1232 835 hec
1251 777 1284 834 et
1301 769 1366 835 alia
1386 790 1514 834 exercen-

404 879 447 944 da
463 877 652 962 specialiter
661 878 857 961 constitutis,
869 884 906 943 ut
916 883 1044 944 constat
1054 880 1272 944 instrumento
1289 878 1515 962 syndicatusco·

405 1010 477 1054 rum
494 987 617 1071 scripto
634 1008 734 1052 manu
750 987 915 1053 Leouardi
927 988 967 1053 de
981 987 1168 1054 Lanzoletis
1179 987 1350 1072 Imperiali
1361 986 1514 1054 auctorita·

402 1105 436 1164 te
450 1095 584 1162 Notarii
601 1099 634 1162 et
650 1092 800 1162 Ducatus
817 1093 1033 1164 Veueciarum
1050 1096 1156 1161 scribe
1181 1097 1412 1181 suprascriptis
1434 1114 1513 1174 suno,

403 1203 594 1288 indiccione,
610 1203 661 1269 die
676 1203 770 1268 Lune
787 1204 924 1287 septimo
941 1205 1060 1269 mensis
1086 1204 1240 1272 Octobris
1256 1205 1301 1272 ibi
1319 1228 1339 1271 a
1363 1226 1413 1271 me
1428 1203 1514 1269 Nota

402 1315 453 1380 rio
469 1312 680 1395 infrascripto
698 1313 765 1379 viso
782 1319 814 1378 et
829 1313 931 1394 lecto;
949 1312 1112 1393 dantibus,
1132 1312 1341 1396 solventibus,
1366 1319 1398 1378 et
1423 1332 1514 1377 nume·

402 1420 553 1488 rantibus
570 1420 754 1505 syndicario
770 1427 803 1486 et
818 1423 1043 1506 procuratorio
1055 1423 1184 1487 nomine
1197 1422 1426 1505 suprascripte,
1444 1419 1512 1484 etde

401 1529 537 1615 propria
551 1531 689 1612 pecnnia
707 1529 846 1614 predicti
858 1527 1048 1595 communis
1059 1528 1277 1598 Veneciarum
1293 1550 1352 1614 pro
1363 1530 1461 1612 primo
1470 1549 1515 1592 au·

395 1661 444 1710 no
461 1639 634 1704 soluciouis
651 1637 797 1721 predicte
823 1636 1027 1720 completura
1041 1637 1075 1701 in
1095 1635 1178 1701 festo
1194 1635 1307 1702 Sancti
1334 1637 1431 1720 Regis
1456 1634 1514 1701 Ste-

401 1746 502 1834 phani
518 1746 672 1829 vigesimo
689 1745 742 1810 die
758 1742 911 1827 Augusti,
929 1763 1014 1809 anno
1038 1742 1171 1809 Domini
1187 1743 1358 1810 millesimo
1375 1749 1513 1810 trecente-

402 1857 482 1922 simo
498 1854 718 1937 octuagesimo
734 1852 875 1918 secundo
895 1853 1040 1936 proxime
1067 1851 1202 1916 venturi.
1228 1852 1434 1920 Renuncians
1456 1854 1512 1936 ipse

402 1963 552 2028 dominus
569 1951 641 2026 Rex
657 1959 841 2044 excepcioni
858 1980 922 2024 non
938 1959 1136 2044 habitorum,
1151 1967 1356 2044 receptorum
1375 1969 1406 2028 et
1420 1983 1512 2027 nume·

402 2077 551 2135 ratornm
568 2091 606 2135 ac
623 2069 867 2150 designatorum
884 2068 1181 2152 suprascriptorum
1194 2077 1320 2152 septem
1336 2070 1421 2137 mille
1431 2071 1512 2135 duca·

400 2184 518 2259 torum,
543 2185 576 2242 et
605 2179 673 2261 spei
696 2177 814 2256 future,
839 2183 872 2240 et
896 2175 1079 2258 exccpcioni
1106 2177 1173 2241 doli
1190 2176 1268 2242 mali
1285 2185 1318 2243 et
1342 2179 1375 2242 in
1400 2178 1511 2245 factum.

401 2285 500 2353 Unde
516 2286 664 2371 prefatus
680 2284 912 2352 Sereuissimus
929 2284 1076 2350 dominus
1092 2284 1165 2350 Rex
1180 2307 1240 2368 pro
1258 2307 1293 2352 se
1309 2294 1342 2351 et
1363 2305 1509 2353 successo·
1584 2283 1585 2288 ’

400 2396 493 2462 ribus
508 2396 575 2460 suis
592 2394 791 2479 supradictis
809 2393 949 2458 dominis
964 2391 1245 2460 ambasiatoribus
1257 2403 1290 2460 et
1307 2395 1442 2481 syndicis
1451 2415 1510 2478 pre

399 2503 496 2570 libati
512 2503 634 2570 domini
658 2503 762 2568 Ducis
779 2509 812 2567 et
837 2501 1023 2568 Communis
1049 2498 1268 2568 Veueciarnm
1295 2501 1511 2588 recipientibus

400 2612 593 2693 nominibus,
609 2613 725 2696 quibus
746 2632 928 2694 supra,pe1·
946 2607 1158 2694 Aquilianam
1183 2612 1428 2696 stipulaciouem
1450 2633 1512 2694 pre·

399 2723 566 2788 cedentem
583 2728 616 2786 et
631 2719 916 2803 acceptilacionem
931 2719 1077 2802 legitime
1093 2719 1312 2804 substitutam,
1330 2721 1405 2787 fecit
1418 2719 1512 2800 finem,

294 2865 299 2877 ·
399 2829 631 2910 remissionem,
646 2829 880 2914 quietacionem
898 2835 931 2893 et
946 2835 1080 2911 pactum
1096 2826 1136 2893 de
1153 2828 1291 2894 ulterius
1307 2851 1370 2894 non
1387 2825 1512 2913 petendo

399 2939 439 3004 de
456 2959 555 3021 supra
572 2937 702 3022 scriptis
719 2944 844 3021 septem
860 2935 948 3001 mille
965 2936 1101 3018 ducatis,
1128 2943 1159 3000 et
1184 2936 1224 3000 de
1241 2937 1330 3002 omni
1346 2959 1382 3003 eo
1399 2941 1428 3002 et
1443 2941 1512 3013 toto,

399 3046 486 3128 quod
502 3044 633 3129 prefata
649 3045 811 3129 Majestas
827 3044 1001 3127 Huugarie
1011 3050 1121 3127 petere
1131 3043 1229 3108 vellet
1240 3065 1295 3110 seu
1310 3054 1417 3132 posset
1426 3065 1511 3110 causa

397 3160 431 3219 et
447 3155 615 3220 occasione
632 3155 814 3219 soluciones
829 3155 928 3238 primi
944 3155 1028 3218 anni.
1050 3150 1157 3236 Quam
1170 3154 1301 3235 quidem
1311 3153 1512 3221 contentscio
1584 3133 1586 3142 ’

397 3285 481 3344 nem,
499 3259 605 3342 finem,
615 3267 649 3326 et
659 3262 891 3345 remissionem,
907 3268 941 3326 et
957 3261 1066 3326 omnia
1083 3267 1116 3324 et
1142 3261 1275 3344 singula
1302 3261 1511 3348 suprascripta

396 3369 579 3455 prelibatus
595 3368 744 3434 dominus
760 3369 833 3434 Rex
850 3390 909 3453 pro
926 3389 960 3433 se
976 3373 1009 3432 et
1025 3367 1267 3433 successoribus
1295 3371 1361 3436 suis
1378 3368 1514 3454 promisit

399 3477 631 3561 suprascriptis
658 3476 798 3560 syndicis
823 3482 856 3540 et
881 3475 1149 3560 procuratoribus
1175 3475 1251 3540 dicti
1279 3476 1401 3542 domini
1416 3477 1511 3541 Ducis

398 3592 431 3650 et
449 3583 639 3650 Communis
655 3582 873 3651 Veueoiurum
885 3584 1117 3668 stipulantibus
1128 3590 1161 3649 et
1176 3586 1410 3669 recipientibus
1421 3585 1513 3651 nomi-

398 3694 505 3774 nibus,
519 3694 637 3776 quibus
648 3715 757 3777 supra,
769 3693 939 3758 attendere
951 3698 983 3757 et
993 3693 1215 3774 observare,et
1225 3715 1290 3759 non
1302 3693 1514 3761 contrafacere

400 3801 451 3868 vel
462 3804 571 3867 venire
582 3801 693 3884 aliqua
704 3801 833 3866 racione
844 3801 894 3867 vel
905 3821 1012 3879 causa,
1023 3800 1142 3884 dejure
1152 3801 1203 3865 vel
1214 3800 1254 3865 de
1266 3799 1360 3882 sacto,
1371 3801 1426 3867 sub
1436 3821 1515 3885 pena

399 3909 513 3993 duppli
538 3910 649 3974 damni
666 3915 699 3974 et
715 3910 880 3992 interesse,
900 3916 932 3973 et
948 3907 1007 3974 sub
1024 3906 1227 3991 obligacione
1244 3909 1401 3976 bonorum
1416 3909 1514 3995 Regia

396 4018 583 4102 Majestntis
599 4016 772 4101 Hungarie
789 4017 957 4084 mobilium
974 4023 1006 4082 et
1021 4016 1244 4096 immobilium,
1263 4021 1464 4104 presencium
1485 4025 1512 4083 et

396 4127 596 4192 futurorum.
611 4124 733 4193 Actum
744 4129 777 4192 iu
788 4128 952 4211 Diosgeur
967 4127 1001 4190 in
1017 4132 1126 4191 castro
1142 4126 1262 4210 prefati
1280 4128 1400 4194 domini
1410 4126 1514 4211 Regis,

395 4235 429 4299 in
447 4255 577 4299 camera
594 4257 695 4318 penes
712 4243 841 4319 stupam
867 4256 1010 4320 parvam,
1034 4236 1239 4316 presentibus
1263 4235 1461 4302 Reverendis
1484 4236 1513 4298 iu

395 4339 528 4408 Christo
545 4343 697 4426 patribus
713 4345 852 4409 dominis
869 4342 1048 4412 Valentino
1060 4341 1446 4427 Quinque-Ecclesiarum
1458 4343 1513 4409 De

396 4460 560 4517 cretosum
585 4451 739 4533 Doctore‚
764 4452 920 4518 Ladislao
946 4451 1166 4534 Varadiensis,
1191 4452 1298 4519 Paulo
1323 4451 1513 4538 Zagrabieu-

395 4556 447 4637 sis‚
464 4555 615 4624 dohanne
632 4557 866 4625 Chanadiensis
882 4560 1105 4625 Ecclesiarum
1122 4561 1305 4646 Episcopis,
1330 4561 1512 4628 venerabili·
1585 4615 1586 4660 ζ
