3182 5252
577 365 670 429 1384.
751 403 753 414 ·

590 673 664 738 290.

63 833 187 899 merra
203 833 428 922 rrrcryuaaa
437 832 687 920 prastaam,
702 799 853 920 aeryryu'
868 835 963 922 aryja
986 833 1126 919 καφ,
1141 836 1192 900 ss-

61 941 142 1029 rcily
160 943 475 1008 aumaabadalmait
491 941 684 1028 megerbsiti,
703 943 817 1028 Rujua
836 942 953 1008 meletta'
968 943 1055 1010 Kale
1070 947 1103 1009 is
1117 945 1191 1029 Hoy

296 1051 434 1117 cerosolo
450 1049 637 1116 kereckedbi
654 1053 817 1115 saumuro.
843 1053 940 1116 1384.

165 1208 277 1277 Maria
291 1210 357 1276 Dei
373 1210 486 1296 gracia
509 1207 694 1294 Hungmie,
709 1207 892 1294 Dalmacic,
909 1209 1058 1292 Oroacie,
1073 1208 1188 1292 Reme,

52 1316 180 1399 Servio,
205 1316 357 1402 Gallicie,
381 1317 586 1402 Lodomerie,
612 1315 769 1385 Comanis
799 1317 1025 1406 Bulgarieque
1049 1316 1189 1404 Regina,

51 1426 217 1510 Princeps
227 1425 458 1509 Sallermtam,
473 1432 506 1491 et
521 1425 668 1492 Honoris
679 1425 804 1491 Montis
815 1424 930 1494 Sancti
939 1425 1064 1510 Angeli
1073 1425 1188 1492 Domi·

51 1557 100 1602 na
109 1535 259 1602 omnibus
270 1533 396 1601 Christi
405 1534 556 1602 fidelibus
567 1540 635 1600 tarn
644 1535 850 1620 presentibus
863 1556 962 1626 quam
978 1534 1098 1614 futuris
1114 1556 1188 1619 pre·

53 1645 203 1712 sennium
219 1643 375 1709 noticiam
384 1642 547 1710 habituris
564 1645 703 1710 salutem
719 1642 753 1708 in
770 1643 886 1709 salutis
901 1643 1067 1728 largitore
1083 1641 1187 1726 Regis

52 1751 254 1820 Serenitatis
271 1751 376 1836 glorie
401 1751 552 1834 congruit
576 1757 612 1817 et
634 1751 759 1835 honori,
775 1751 905 1835 populis
921 1772 987 1816 non
1002 1751 1108 1816 solum
1124 1748 1186 1816 sibi

52 1860 221 1945 subiectis,
245 1881 357 1927 verum
382 1859 485 1926 eciam
507 1860 698 1944 alienigenis
713 1859 747 1923 in
765 1880 859 1925 suum
874 1857 1027 1943 Regnum
1042 1857 1188 1942 proficis·

50 1969 205 2036 centibus
222 1969 430 2052 antiquorum
444 1967 574 2052 Regum
590 1967 740 2052 exempla
764 1964 947 2036 inmitando
963 1968 1107 2052 quietum
1123 1967 1186 2033 dis·

51 2098 178 2164 ponere
193 2077 368 2144 transitum
393 2082 427 2142 et
450 2097 608 2155 securum,
624 2083 659 2141 vt
675 2075 860 2158 prouisione
876 2075 1106 2142 moderaminis
1122 2073 1187 2141 Re·

50 2184 142 2269 galis
159 2204 270 2249 eorum
284 2183 491 2249 incommoda
507 2183 725 2264 excuciantur,
735 2187 769 2248 et
776 2182 1007 2268 tranquilitate
1016 2185 1188 2267 concupita

49 2295 89 2360 in
106 2313 220 2360 eorum
235 2292 378 2357 transitu
389 2290 569 2375 pociantur.
586 2289 730 2357 Proinde
740 2289 783 2355 ad
792 2291 1017 2357 vniuersorum
1031 2291 1186 2358 noticiam

51 2405 172 2470 harum
189 2401 271 2467 serie
295 2401 445 2466 volumus
471 2401 665 2483 peruenire:
682 2399 768 2484 quod
795 2398 1010 2466 Serenissimo
1030 2399 1186 2483 Principe

50 2512 188 2578 domino
202 2508 372 2575 Lodouico
397 2509 510 2575 eadem
534 2506 601 2575 Dei
615 2509 735 2592 gracia.
762 2507 883 2574 Inclitc
899 2509 991 2594 Rege
1006 2509 1187 2593 Hungarie,

48 2618 201 2700 Polouie‚
226 2614 396 2684 Dalmacie
416 2623 476 2683 etc.
492 2616 597 2683 felicis
613 2622 647 2683 et
662 2616 826 2683 laudande
841 2616 1080 2686 recordacionis
1096 2619 1186 2702 geni-

48 2737 126 2793 tore
143 2731 257 2791 nostro
274 2724 446 2790 karissimo
463 2723 593 2791 volente
618 2725 761 2792 Domino
777 2721 857 2805 Geli,
872 2725 963 2791 euius
978 2731 1060 2791 nutu
1077 2726 1187 2792 omnia

48 2842 214 2922 reguntur
239 2841 271 2901 et
296 2834 524 2920 disponuntur,
549 2832 674 2917 absque
698 2833 791 2918 prole
817 2833 998 2900 masculina
1023 2833 1185 2900 demedio

49 2943 196 3030 sublato,
212 2941 373 3027 nobisque
395 2945 469 3030 jure
494 2942 694 3007 successorio
709 2945 743 3006 et
758 2942 870 3007 ordine
890 2943 1041 3025 geniture
1059 2938 1186 3008 Solium

48 3059 86 3118 et
102 3050 268 3118 Coronam
284 3049 365 3116 dieti
380 3047 489 3134 Regni
504 3048 687 3133 Hungarie‚
705 3071 744 3115 ac
760 3056 890 3131 sceptra
899 3049 1068 3132 regiminis
1084 3049 1185 3133 ipsius

47 3159 159 3250 nostri
185 3159 340 3242 genitoris
364 3156 503 3223 feliciter
528 3158 668 3242 adeptis,
692 3155 864 3223 Gerendus
889 3156 994 3223 dietus
1011 3155 1185 3223 Prozselch

48 3275 86 3336 et
102 3267 291 3334 Hermanus
316 3264 476 3350 Serompb
501 3270 708 3349 nuncupatus
733 3263 832 3331 Oiues
848 3264 889 3330 de
905 3261 1029 3330 Sancta
1045 3261 1185 3331 Colonia
1234 3303 1243 3318 ·

47 3384 84 3443 at
99 3375 142 3441 de
159 3371 308 3440 Ciuitate
323 3372 401 3459 Hoy
419 3375 494 3455 suis,
509 3374 587 3440 item
603 3371 742 3456 Judieis,
761 3371 787 3439 J
787 3377 956 3440 uratorum
972 3378 1006 3438 et
1020 3373 1184 3440 vniuerso·

47 3503 127 3549 rum
142 3479 273 3548 (linium
290 3483 330 3547 de
345 3481 460 3550 eadem
474 3481 509 3547 in
525 3481 670 3566 personis
685 3482 808 3550 Nostro
825 3479 1021 3548 serenitatis
1036 3480 1184 3547 adientes

49 3596 274 3673 conspectum,
291 3589 509 3656 exbibuerunt
524 3589 617 3656 nobis
634 3588 793 3672 quasdam
809 3588 1098 3673 litteraspatentcs
1112 3611 1184 3673 pre·

46 3698 115 3766 fati
142 3697 280 3762 condam
305 3695 428 3765 domini
453 3696 612 3764 Lodouioi
637 3697 741 3782 Regis
764 3697 871 3781 patris
895 3697 1001 3763 nostri
1019 3697 1136 3763 maiori
1152 3702 1185 3763 et

47 3827 139 3874 nouo
153 3825 212 3872 suo
229 3805 338 3891 sigillo
363 3806 573 3890 consignatas
597 3805 722 3871 tenoris
738 3803 947 3890 infrascripti,
963 3805 1184 3888 supplicantes

48 3914 154 4002 ijdam
171 3912 340 3982 Gerardus
355 3921 389 3981 et
404 3913 590 3980 Hermanus
607 3912 731 3981 Nostre
741 3911 924 3999 Maiestati‚
936 3919 971 3979 vt
986 3910 1117 3979 easdem
1132 3933 1184 3978 ra·

47 4031 104 4088 tas
119 4029 154 4088 et
167 4029 319 4106 acceptas
343 4021 502 4106 habendo,
526 4043 565 4088 ac
588 4022 794 4108 presentibus
814 4022 1008 4089 verbotenus
1022 4021 1121 4090 inseri
1135 4021 1184 4088 la·

49 4130 179 4216 ciendo,
193 4153 252 4217 pro
269 4131 393 4199 eisdem
408 4130 535 4198 ciuibus
559 4135 672 4198 nostro
695 4130 905 4215 dignaremur
921 4129 1094 4216 priuilegio
1110 4151 1184 4198 cun·

47 4240 194 4306 firmare.
210 4239 359 4327 Quarum
374 4244 467 4306 tenor
483 4239 561 4308 talis
576 4243 647 4305 est:

160 4346 234 4416 Nos
248 4348 437 4415 Lodouicus
453 4346 517 4415 Dei
533 4349 646 4433 gracia
662 4345 734 4412 Rex
749 4344 924 4431 Hungarie
940 4344 1001 4411 stb.
1018 4343 1184 4430 (kbvetkc-

45 4443 108 4523 ‘zilr
123 4455 151 4522 Ι,
167 4454 271 4542 Lajos
285 4453 459 4541 kirtlynalr
478 4453 613 4522 rsus-ki
628 4451 950 4540 szabodalomlevelc,
964 4451 1049 4519 mint
1057 4454 1185 4540 gyujte·

49 4564 217 4651 menyiinlr
232 4565 280 4632 H.
295 4565 475 4634 kbteteben
490 4569 565 4632 633.
581 4564 602 4632 l.
618 4567 694 4632 471.
711 4586 752 4631 sz.
768 4563 812 4652 a.)
