3214 5250
635 329 732 396 1388,
881 399 883 404 ,
1177 337 1243 398 663

117 525 318 570 conservare.
342 505 433 571 Data
461 504 626 576 Florentio
652 510 704 576 die
730 509 843 575 ultima
867 510 951 595 Julij
979 509 1042 576 XI.
1065 511 1245 578 indictione

116 609 488 681 MCOOLXXXVIII.

116 757 244 820 (Eredeti
268 759 481 824 logalmazvany
503 775 519 809 s
543 761 678 826 »signori
693 763 847 827 Car-teggie‚
861 763 987 823 Miremur
1002 764 1054 815 stb.
1078 767 1154 818 XXI.
1169 767 1246 822 kilte-

326 847 413 914 geben
426 854 469 900 40.
484 867 521 901 sz.
536 868 569 914 a,
583 868 599 902 a
612 854 743 904 florenczi
757 869 831 920 nagy
845 855 1037 917 leveuarban.)
1232 859 1235 866 '

603 1015 761 1026 ...Μ

649 1179 722 1244 393.

243 1339 419 1428 Zsipmoud
435 1341 616 1429 kirdlyuuk
633 1365 654 1406 a
661 1341 820 1429 floreoczi
836 1343 1005 1431 kormdny.
1025 1348 1119 1411 1388.

334 1502 420 1586 Regi
436 1501 618 1587 Hungerie.

228 1609 438 1677 Serenissime
465 1618 565 1696 atque
589 1611 816 1678 Illustrissime
836 1612 1002 1699 Princeps
1020 1613 1247 1698 benignissime

115 1717 230 1784 fautor
254 1723 373 1784 noster.
399 1718 509 1785 Tanta
534 1720 597 1791 fuit
622 1742 749 1804 semper
773 1720 1037 1788 Florentinorum
1062 1725 1249 1789 inconeussa

115 1826 249 1892 devotio
276 1847 355 1912 erga
380 1826 570 1910 Regnorum
595 1829 769 1912 Hungarie
786 1827 1051 1896 sacratissimum
1067 1830 1246 1915 Dyadema,

115 1935 206 2020 quod
230 1935 323 2001 nobis
349 1934 466 2019 prebet
493 1935 673 2020 audaciam,
699 1943 736 2002 ut
761 1937 1032 2004 confidentissime
1052 1962 1112 2024 pro
1129 1941 1248 2006 nostris

115 2043 241 2109 civibus
251 2042 294 2109 ad
306 2040 646 2111 OelsitudinisVestre
657 2045 860 2111 clementiam
870 2067 1084 2113 recurramus.
1096 2044 1248 2114 Oumita

114 2173 182 2236 que
197 2151 315 2218 nobilis
341 2153 389 2217 vir
405 2151 430 2217 J
431 2153 574 2220 ohannes
592 2152 633 2218 de
650 2153 825 2238 Tosinghis
843 2155 881 2220 de
897 2156 1077 2236 Florentia,
1098 2155 1241 2240 plurium

115 2266 304 2328 nostrorum
329 2262 446 2326 civium
472 2262 561 2326 intra
585 2262 720 2345 gloriosi
746 2262 853 2347 Regni
880 2262 961 2328 fines
987 2265 1124 2348 negocia
1140 2285 1248 2348 prose·

116 2375 249 2454 quetur‚
266 2369 508 2435 considerantes
534 2377 691 2454 quantum
716 2374 820 2455 possit
836 2371 898 2438 sibi
915 2379 948 2437 et
964 2372 1061 2438 rebus
1078 2393 1159 2456 quas
1177 2373 1249 2457 agit

115 2478 213 2545 favor
227 2477 352 2562 Regius
369 2477 608 2544 commoditatis
626 2477 755 2561 afferre,
771 2479 1008 2562 benignitatem
1025 2477 1246 2547 Sublimitatis

118 2586 239 2656 Vestre
255 2586 370 2652 humili
398 2587 633 2672 supplicatione
660 2587 864 2670 deposcimus
880 2595 913 2654 et
929 2609 1067 2670 oramus,
1089 2595 1248 2672 quatenus

116 2701 232 2763 nostre
248 2694 428 2761 devotionis
445 2697 565 2762 intuitu
582 2697 733 2780 dignetur
749 2695 872 2763 Vestre
888 2694 1085 2762 Serenitatis
1101 2696 1249 2763 humani·

117 2811 172 2870 tas
196 2805 301 2888 ipsum
318 2805 351 2869 in
368 2807 493 2870 cunctis
519 2803 760 2888 emergentibus
785 2805 818 2870 in
836 2804 953 2873 Vestre
980 2805 1162 2872 Clementia
1178 2825 1250 2889 gre·

117 2913 185 2978 mio
202 2911 425 2978 favorabiliter
451 2913 614 2996 suscipere
632 2912 899 2978 commendatum.
926 2915 970 2979 Et
986 2911 1147 2997 quoniam,
1164 2914 1248 2977 sicut

118 3020 310 3104 audivimus
327 3019 374 3086 illi
385 3041 520 3104 quorum
532 3022 668 3104 negocia
677 3021 769 3104 gerit,
782 3018 881 3086 Ourie
891 3026 959 3086 tam
968 3019 1131 3104 Reginali,
1148 3042 1246 3104 quam

116 3130 232 3212 Regio,
257 3130 297 3194 de
317 3151 380 3195 non
396 3130 507 3214 parvis
531 3129 739 3213 pecuniarum
767 3128 1007 3213 quantitatibus
1023 3127 1126 3193 libere
1148 3131 1245 3193 servi-

117 3243 245 3318 verunt,
263 3236 432 3322 Majestati
456 3234 576 3303 Vestre
601 3236 804 3301 devotissime
831 3236 1059 3319 supplicamus,
1082 3242 1244 3318 quatenus

117 3369 218 3431 super
234 3348 378 3431 ipsorum
393 3344 616 3412 satisfactione
633 3345 913 3431 digneturVestre
924 3344 1165 3430 Magnitudinis
1176 3342 1249 3410 Oel-

118 3456 237 3538 situdo,
253 3462 411 3538 quantum
437 3453 567 3539 expedit
591 3457 768 3540 providere,
785 3455 833 3519 ita
848 3453 936 3539 quod
961 3454 1044 3519 alias
1059 3453 1188 3538 possint
1203 3453 1249 3519 of·

120 3563 239 3646 liciose,
255 3563 338 3629 sicut
354 3563 503 3647 expediet
528 3563 559 3627 in
577 3563 696 3629 futuris
716 3561 1006 3648 oportunitatibus
1023 3561 1196 3643 deservire,
1213 3569 1250 3627 et

121 3672 211 3756 qnod
229 3676 283 3754 qni
301 3693 363 3736 non
375 3673 441 3736 sine
459 3670 576 3738 damno
587 3678 621 3736 et
635 3671 825 3755 gravamine
837 3692 894 3736 sno
907 3667 1006 3735 Curio
1023 3670 1249 3751 subvenerunt,

123 3781 234 3848 debite
243 3780 407 3845 restitutio
419 3778 486 3866 (igy
496 3779 896 3865 »restitutionisehelyett)
906 3778 1110 3862 gratitudine
1121 3783 1250 3843 restau-

120 3897 244 3956 rentur.
254 3887 367 3955 Nichil
377 3889 462 3953 enim
473 3886 661 3953 devotorum
672 3889 795 3953 animos
806 3886 848 3951 ad
863 3887 1029 3970 implenda
1040 3885 1173 3950 servitia
1182 3905 1249 3953 ma·

121 4001 174 4086 gis
190 3997 349 4079 accendit,
366 4019 463 4081 quam
473 4003 624 4081 prompta
635 3996 801 4062 restitutio
813 3996 1020 4060 creditorum.
1036 3993 1248 4077 Majestatem

123 4107 289 4190 Vestram,
305 4107 356 4172 cui
372 4129 430 4172 nos
448 4128 519 4172 cum
536 4105 716 4170 reverentia
733 4103 1003 4184 commendamus
1020 4102 1173 4186 dignetur
1188 4100 1249 4167 Al-

121 4216 267 4282 tissimus
283 4235 483 4280 conservare.
499 4212 588 4278 Data
605 4212 658 4278 die
674 4211 791 4282 XXV.
807 4213 832 4278 J
834 4212 890 4295 ulij
910 4211 1058 4295 predicti.

124 4363 252 4426 (Eredeti
274 4363 485 4425 logalmazvdny
498 4377 514 4410 u
529 4359 666 4422 »Signori,
689 4360 842 4424 Carteggie,
864 4359 990 4408 Missive«
1006 4357 1148 4408 stb.XX1.
1175 4357 1252 4406 kole-

336 4452 422 4516 gdben
439 4459 480 4504 38.
494 4467 530 4501 ez.
545 4468 580 4518 a,
594 4466 610 4500 a
624 4452 755 4501 llovenezi
769 4466 842 4516 ηας)-
856 4449 1047 4508 levelteirban.)

614 4617 717 4624 ..ψ--
