3172 5254
597 361 691 423 lare.
1142 361 1204 422 207

1 525 2 530 ¹
84 536 253 620 gestiemus,
270 545 304 603 et
319 542 440 622 parata
464 543 536 602 erat
561 557 620 620 pro
637 543 731 620 parte
747 558 806 604 sua
821 535 928 603 facere
945 558 1025 622 erga
1040 537 1207 603 dominum
1308 557 1311 567 ’

1 643 2 702 l
85 641 203 728 Regem
228 653 261 710 et
286 643 459 727 colligatos
485 664 559 709 suos
585 666 633 726 ea,
660 666 721 727 que
748 645 794 711 eis
820 650 928 712 essent
943 645 1159 729 acceptabilia
1175 652 1208 710 et

1 739 2 804 l
83 761 182 835 grata.
216 753 359 838 Insuper
390 753 489 819 etiam
522 751 644 817 dictum
677 760 710 818 et
740 753 926 820 conclusum
951 752 1014 819 luit
1038 775 1098 838 pro
1123 753 1207 822 bono

83 859 288 943 agendorum,
307 859 393 943 quod
419 863 530 927 omnia
555 861 715 943 promissa
730 883 789 944 per
805 883 865 928 nos
880 862 914 927 in
931 861 1087 928 honorem
1105 861 1208 947 Regis

82 969 272 1052 Majestatis,
299 974 331 1033 et
357 969 465 1034 omnia
482 991 545 1054 que
563 971 632 1054 ipse
651 968 801 1034 dominus
818 967 966 1034 Kaeolus
982 974 1016 1035 et
1033 968 1087 1053 alij
1105 969 1207 1036 Baro·

1 1069 2 1139 Ῑ
82 1098 132 1142 nes
147 1077 300 1143 dixerant
316 1078 357 1142 de
373 1076 510 1143 volendo
529 1099 549 1142 a
565 1076 660 1143 nobis
676 1098 736 1161 pro
752 1084 846 1161 parte
857 1077 973 1161 Regia,
990 1079 1208 1145 secretissima

1 1169 2 1255 l
48 1253 57 1264 ‚
82 1183 192 1269 forent,
218 1193 252 1251 et
277 1185 366 1268 quod
391 1185 474 1251 nulli
492 1186 558 1252 ullo
579 1185 674 1252 modo
701 1189 917 1270 aperirentur,
944 1186 1032 1251 salvo
1049 1185 1205 1251 Dominio

81 1292 203 1362 Vestra
228 1295 275 1360 nt
301 1294 361 1360 hoc
385 1295 455 1378 ipse
476 1293 624 1360 dominus
656 1293 804 1360 Karolus
821 1302 852 1359 et
868 1294 926 1379 alij
952 1294 1101 1360 Berones
1128 1295 1207 1360 satis

1 1399 2 1450 l
82 1401 168 1468 nobis
192 1405 428 1488 promiserunt.
454 1403 639 1471 Voluerunt
663 1402 761 1470 etiam
778 1423 837 1467 nos
855 1403 913 1469 sub
940 1410 1142 1469 sacramento
1160 1403 1207 1467 eis

79 1511 222 1593 predicta
248 1513 450 1596 promittere,
485 1520 518 1576 et
543 1512 590 1576 sic
605 1509 753 1592 fecimus;
783 1517 815 1574 et
832 1509 919 1594 quod
936 1511 1034 1575 etiam
1051 1509 1209 1577 Domina·

80 1618 120 1684 tio
135 1616 262 1688 Vestra
288 1626 322 1685 et
346 1621 417 1704 ejus
445 1618 624 1685 Consilium
645 1618 794 1703 predicta
810 1618 870 1684 sub
887 1616 994 1685 debito
1011 1619 1208 1685 sacramenti

1 1701 11 1772 ³-
80 1724 243 1794 habebunt
259 1729 292 1795 in
310 1735 443 1795 secreto.
469 1728 549 1794 Fuit
575 1729 674 1794 etiam
691 1725 737 1792 ibi
754 1727 878 1792 dictum
894 1733 926 1792 et
942 1727 1129 1793 conclusum
1145 1748 1205 1812 pro

80 1832 157 1900 buno
172 1837 390 1920 negotiorum,
406 1833 493 1920 qnod
508 1841 672 1902 tractatus
697 1835 799 1918 pacis,
816 1834 871 1918 qui
890 1834 959 1900 fieri
976 1834 1126 1915 debebat,
1143 1857 1208 1899 non

79 1941 164 2009 ficret
180 1945 282 2009 simul
299 1951 332 2010 et
347 1944 452 2010 solum
476 1946 511 2010 iu
535 1943 701 2028 presentia
716 1944 859 2010 omnium
875 1942 1127 2026 colligatorum3
1152 1941 1207 2007 sed

80 2051 151 2134 quid
167 2058 327 2136 tangeret
351 2074 451 2118 unum
475 2073 636 2138 quemque
661 2050 899 2136 colligatorum,
924 2057 1121 2118 tractaretur
1136 2073 1208 2117 cum

78 2159 159 2242 ipso;
184 2159 278 2226 salvo
311 2159 398 2244 quod
422 2160 484 2244 ipsi
511 2161 674 2240 dixerunt,
700 2161 786 2243 quod
812 2160 873 2225 hoc
899 2159 971 2226 fieri
995 2181 1059 2226 non
1076 2166 1208 2244 poterat

80 2287 145 2332 cum
160 2267 309 2334 Domino
327 2267 454 2351 Padus,
479 2290 552 2334 cum
576 2270 647 2352 ipse
663 2267 887 2352 principaliter
903 2269 952 2333 ita
967 2275 1039 2334 erat
1053 2289 1207 2352 procura·
1245 2323 1247 2334 ,

79 2383 126 2442 tor
142 2375 268 2444 domini
285 2377 389 2461 Regis
405 2378 441 2442 ln
456 2377 527 2444 istis
542 2377 646 2458 factis,
672 2379 756 2443 sicut
772 2376 922 2444 domiuus
939 2375 1085 2444 Karolus
1102 2384 1135 2444 ct
1152 2377 1207 2461 alij

78 2485 241 2573 Berones;
264 2491 379 2574 itaque
394 2489 519 2576 absque
534 2492 606 2575 ipso
622 2490 745 2574 aliquid
772 2491 903 2557 omnino
920 2491 1059 2556 tractari
1074 2510 1136 2556 non
1153 2512 1210 2575 po·

78 2603 166 2664 terat
191 2600 240 2666 Et
268 2620 343 2664 cum
368 2598 433 2684 hijs
460 2599 722 2668 conclusionibus
747 2601 937 2664 recessimus
963 2598 1004 2665 ab
1022 2599 1079 2681 eis,
1094 2598 1209 2665 habui-

77 2727 208 2791 musque
235 2727 390 2774 securum
415 2708 610 2774 conductum
636 2714 784 2774 nostrum
812 2709 1024 2788 reiteratum
1049 2708 1125 2790 quia
1145 2710 1209 2792 pri-

78 2813 143 2879 dius
169 2817 292 2884 amodo
320 2815 510 2901 expirabat3
534 2823 576 2882 et·
592 2817 667 2882 hinc
692 2815 788 2882 hodie
821 2813 1006 2882 recedemus
1033 2823 1066 2883 et
1091 2815 1210 2882 ibimus

78 2923 276 3008 hospitatum
303 2921 534 3009 Coneglanum.
563 2924 608 2990 Et
634 2947 706 2991 cras
722 2925 795 2992 Deo
812 2922 910 2990 dante
939 2946 1107 3009 speramus
1123 2924 1210 2991 bona

77 3031 153 3099 hora
180 3054 253 3100 esse
278 3034 312 3098 in
339 3033 505 3114 Terrisio;
529 3034 666 3098 multum
683 3035 769 3098 enim
785 3051 896 3099 sumus
913 3033 1011 3114 avidi,
1030 3053 1090 3117 pro
1107 3031 1206 3097 infor·

1 3189 2 3194 η
78 3142 216 3208 natione
233 3139 437 3225 agendorum
453 3139 547 3206 nobis
564 3142 809 3208 commissorum
826 3140 947 3206 habere
964 3139 1211 3224 responsionem

77 3245 318 3317 Dominationis
335 3250 454 3317 Vestre
471 3271 568 3333 super
583 3251 670 3316 facto
689 3249 863 3334 principali
894 3249 985 3315 vobis
1002 3271 1061 3332 per
1077 3254 1210 3316 nostras

77 3354 199 3425 litteras
217 3359 388 3425 denotato
415 3358 509 3439 Heri,
527 3360 610 3424 sicut
626 3359 811 3443 scripsimus
828 3356 951 3424 Vestro
968 3355 1133 3440 Domini0,
1152 3378 1208 3441 ap·

0 3511 1 3514 ,
77 3465 186 3546 plicuit
213 3468 277 3532 huc
304 3468 450 3550 Magnus
476 3467 595 3533 Comes
622 3489 692 3534 cum
718 3473 814 3552 gente
840 3488 918 3547 sua;
951 3489 1050 3551 quam
1078 3472 1210 3551 gentem

78 3571 169 3640 hodie
187 3575 329 3640 uidimus
347 3574 497 3641 occulata
514 3574 586 3657 fide,
602 3582 739 3660 possunt
755 3596 824 3640 esse
841 3576 927 3640 inter
944 3574 1029 3641 tales
1047 3581 1079 3639 et
1095 3575 1210 3659 quales

78 3685 146 3765 equi
161 3682 302 3749 MHH⁰
329 3681 456 3769 (1400),
483 3689 516 3749 et
533 3683 638 3750 fulciti
655 3684 697 3750 ad
714 3684 844 3750 modum
864 3684 1087 3768 Vngarorum.
1111 3680 1210 3750 Sacili

77 3789 123 3855 tlie
140 3790 319 3862 XXVIII.
336 3789 481 3874 Augusti
498 3792 581 3858 hora
597 3789 718 3860 XVII.
1161 3821 1163 3824 ·

177 4071 179 4076 Ι
205 3990 260 4072 18)
285 3988 320 4057 A
344 3988 577 4056 velenczei
601 3989 806 4072 ‹logenelr
829 4011 850 4057 a
874 3987 1080 4054 kitvetek.

179 4115 391 4184 Serenissime
416 4118 556 4184 Domine
581 4122 705 4183 noster.
733 4115 819 4182 Heri
844 4116 927 4182 hora
958 4115 1098 4182 secunda
1133 4135 1209 4182 uec·

77 4224 115 4286 tis
130 4225 311 4308 recepimus
338 4224 420 4290 duas
445 4225 572 4291 litteras
598 4225 841 4292 Domiuationis
868 4223 1002 4307 Vester,
1030 4245 1129 4288 unam
1155 4222 1211 4290 cla·

77 4339 138 4397 tam
170 4333 223 4398 die
256 4331 445 4414 XXVHI.,
476 4342 509 4400 et
541 4334 680 4401 alterum
712 4331 825 4400 datam
858 4330 1053 4400 XXVIIII.
1092 4331 1212 4396 mensis

77 4442 239 4524 presentis,
270 4463 343 4508 cum
374 4443 581 4526 introclusis;
622 4464 704 4527 quas
736 4442 916 4527 diligenter
952 4440 1210 4508 examinavimus

78 4568 144 4612 cum
162 4548 311 4615 omnibus
327 4551 488 4616 contentis
505 4552 539 4615 iu
557 4553 611 4618 eis.
632 4551 679 4617 Et
696 4551 800 4635 primo
818 4549 861 4618 ad
878 4554 1032 4616 contenta
1049 4549 1082 4614 in
1097 4548 1209 4616 littera
