3214 5250
771 358 1006 404 nnnousczrrr
1021 341 1187 405 ansanus

939 651 1014 714 404.

415 815 444 876 A
478 812 775 900 Mopyororcziiphu
808 813 971 878 stridendo
1001 813 1153 876 celenczei
1178 813 1328 876 lduetnrlc
1352 813 1522 897 mephizu'su.

933 923 1026 986 1389.

520 1079 619 1148 Anno
636 1079 1009 1150 MCCCLXXXVIII.
1034 1079 1210 1146 indictione
1235 1079 1322 1146 ΧΠ.
1347 1079 1398 1145 die
1423 1087 1521 1144 octsro

413 1187 597 1256 Februarii.
623 1190 790 1274 Capta:
817 1189 903 1272 Quia
928 1189 1006 1255 facit
1031 1210 1090 1272 pro
1116 1188 1237 1256 honore
1262 1190 1367 1254 nostri
1391 1187 1520 1254 Dominii

412 1297 589 1364 informare
606 1295 855 1364 Serenissimum
881 1305 914 1363 et
938 1297 1254 1364 Excellentissimum
1280 1297 1443 1362 dominum
1468 1297 1522 1360 Re·

413 1427 484 1489 gem
502 1407 676 1491 Hungarie
692 1407 732 1471 de
748 1407 821 1490 hiis,
836 1429 900 1491 que
917 1407 1082 1486 sentimus,
1099 1411 1132 1470 et
1148 1427 1212 1488 que
1228 1411 1369 1488 tangunt
1394 1403 1521 1470 Serenis-

410 1516 508 1579 simas
525 1514 651 1600 Regias
667 1515 862 1581 Maiestates
878 1514 971 1595 Suas,
989 1521 1022 1578 et
1034 1514 1185 1597 Regnum
1201 1521 1235 1578 ct
1251 1513 1404 1578 honorem
1420 1521 1520 1578 etsta

409 1628 480 1688 tum
497 1647 606 1706 suum3
629 1625 720 1691 vadit
745 1647 831 1708 pars,
858 1624 946 1708 quod
970 1625 1121 1689 mittatur
1135 1643 1218 1688 unus
1237 1626 1351 1688 noster
1375 1621 1520 1686 Notarius

410 1731 574 1797 sufficiens
590 1734 633 1799 ad
650 1741 760 1815 partes
777 1732 958 1814 Hungarie‚
974 1752 1033 1815 per
1050 1753 1144 1814 quem
1159 1729 1367 1796 notificentur
1383 1729 1520 1794 ordinate

408 1841 527 1922 omnia,
543 1863 605 1924 que
622 1841 788 1921 habemus²
805 1840 935 1906 domino
952 1840 1037 1922 Regi
1053 1845 1087 1904 et
1103 1839 1231 1905 domine
1246 1838 1382 1921 Regius,
1399 1847 1464 1903 tam
1486 1836 1518 1900 de

406 1948 512 2014 literis
528 1950 621 2015 nohis
637 1951 743 2014 missis
759 1971 819 2033 per
834 1949 1001 2013 dominum
1012 1948 1171 2014 Thomarn
1182 1947 1222 2014 de
1233 1947 1355 2014 Sancto
1367 1946 1518 2026 Severino,

408 2079 503 2140 quam
520 2057 560 2123 do
576 2079 654 2124 casu
670 2079 802 2122 occurso
818 2055 911 2140 galee
928 2057 1190 2139 Zadratinorum,
1207 2063 1240 2121 et
1257 2057 1297 2120 de
1308 2057 1457 2140 captione
1472 2055 1519 2117 do-

406 2167 485 2230 mini
501 2167 656 2250 Episcopi
681 2165 930 2250 Isagrabiensis,
946 2172 979 2230 et
994 2167 1132 2230 aliorum
1152 2166 1364 2249 captivorum,
1378 2171 1410 2228 et
1425 2164 1463 2228 de
1478 2183 1519 2226 or·

406 2273 490 2354 dine,
507 2295 604 2358 quem
621 2272 772 2339 dedimus
789 2274 893 2356 galeis
909 2275 1029 2338 nostris
1040 2271 1134 2354 Oulfi,
1146 2295 1227 2356 quas
1239 2273 1388 2338 misimus
1405 2271 1519 2354 adpar-

405 2388 454 2446 tes
470 2379 580 2447 Sicilie
597 2389 629 2447 et
646 2383 713 2448 alia
728 2382 800 2448 loca
815 2385 982 2448 occasione
999 2382 1092 2466 galee
1107 2381 1262 2466 predicte,
1277 2389 1314 2446 ut
1338 2403 1402 2446 non
1428 2379 1518 2446 adim·

404 2491 509 2574 pleret
525 2491 646 2556 malum
662 2493 867 2575 propositum
885 2513 987 2556 suum.
1005 2489 1075 2573 Quc
1092 2492 1201 2556 omnia
1227 2492 1274 2555 eis
1290 2489 1458 2555 notificare
1472 2486 1518 2552 de

403 2599 621 2682 liberavimus,
638 2600 716 2690 quia
732 2601 887 2665 honorem
903 2606 936 2663 et
953 2607 1077 2665 statum
1094 2598 1294 2664 Excellentio
1320 2595 1385 2662 Sue
1410 2604 1441 2661 et
1463 2593 1517 2660 Co

403 2728 482 2773 rone
496 2715 528 2773 et
544 2708 653 2791 Regni
680 2709 852 2792 Hungarie
869 2707 958 2774 relut
973 2715 1119 2774 nostrum
1137 2708 1307 2792 proprium
1327 2711 1514 2789 reputamus
1586 2763 1587 2772 ,

403 2823 436 2880 et
452 2815 656 2880 indendimns
672 2824 828 2900 perpetuo
854 2823 1026 2902 reputare;
1051 2822 1084 2881 et
1107 2816 1209 2882 radat
1234 2817 1296 2880 iste
1322 2820 1433 2880 noster
1447 2833 1515 2877 nun·
1586 2839 1587 2880 3

402 2923 467 2989 tius
484 2946 555 2988 cum
566 2924 625 2989 illa
641 2926 864 2990 commissione
882 2933 915 2989 et
930 2925 1156 2991 informatiene
1168 2926 1201 2989 in
1218 2923 1376 3006 predictis
1392 2927 1421 2986 et
1439 2922 1515 2985 circa
1586 2911 1587 2994 ξ

402 3035 550 3118 predicta
567 3043 600 3100 et
616 3033 691 3118 alia,
708 3057 771 3118 que
788 3035 984 3101 ridebuntur
1000 3037 1030 3099 ei
1047 3033 1289 3114 committenda,
1307 3032 1390 3096 sicut
1407 3027 1515 3094 videbi·
1584 3011 1587 3134 j

401 3147 455 3208 tur
474 3142 622 3227 Collegio
639 3142 688 3208 rel
704 3145 820 3208 maiori
835 3145 931 3227 parti.
1584 3141 1586 3240 l

498 3291 533 3352 (A
548 3290 655 3339 ›misti‹
671 3291 761 3340 czimtl
775 3291 910 3342 relenczei
923 3291 1103 3354 sillamkiinyv
1117 3291 1176 3340 XL.
1190 3289 1340 3342 kdtetebol.
1355 3287 1427 3350 346.)

921 3601 997 3662 405.

399 3761 449 3825 De
468 3763 615 3826 ,llonucis
633 3764 768 3826 hdriucz
787 3761 937 3825 oelenerei
962 3761 1136 3825 titkdrnak
1161 3760 1334 3842 atacitdsa,
1361 3761 1398 3826 ki
1422 3759 1512 3826 letireti
1583 3729 1585 3768 l

559 3872 769 3957 mephizu'osal
786 3872 934 3937 titillent
947 3870 1253 3956 Mcpyarorsziipba.
1267 3875 1362 3937 1389.
1584 3861 1585 3866 ἵ

504 4029 603 4096 Anno
619 4028 988 4099 MCOCLXXXVIII.
1006 4031 1185 4098 indictione
1206 4031 1289 4098 XII.
1307 4033 1360 4098 die
1377 4032 1415 4097 X
1437 4030 1511 4097 Feb·

395 4139 506 4205 ruarii.
523 4138 682 4222 captain
700 4137 846 4222 Collegio
864 4163 870 4202 :
888 4139 984 4222 Quod
1001 4141 1154 4205 mittatur
1180 4141 1379 4206 Laurentius
1396 4141 1435 4206 de
1451 4139 1511 4204 llo-

396 4249 486 4312 nacis
503 4247 663 4312 Notarius
679 4254 790 4312 noster
807 4248 1059 4331 inHungariam
1085 4271 1157 4313 cum
1183 4250 1248 4314 ista
1272 4251 1508 4315 commissione:

502 4354 681 4420 Laurenti!
698 4354 779 4420 vade
811 4355 935 4420 solicite
953 4356 995 4420 ad
1020 4358 1219 4441 presentiam
1245 4356 1447 4423 Sercuissimi
1462 4356 1508 4420 do

394 4463 473 4529 mini
491 4462 592 4546 Regis
608 4464 781 4547 Hungarie
799 4473 832 4529 et
849 4465 1131 4530 Excellentissimo
1143 4466 1271 4532 domine
1286 4467 1421 4550 Regino,
1437 4483 1507 4547 quos

394 4571 453 4636 sub
469 4574 590 4636 nostris
606 4572 713 4637 literis
730 4572 935 4638 credulitatis
951 4580 1045 4656 parte
1062 4581 1174 4640 nostra
1191 4574 1351 4641 salutabis
1366 4597 1436 4639 cum
1451 4571 1504 4637 illis
