3172 5254
407 372 469 436 156
761 389 996 435 nrruonacmm
1014 365 1182 436 anianus.

403 551 591 633 dampnosis
618 549 855 614 discordiarum
871 549 1035 631 periculis,
1051 549 1223 631 presertim
1240 551 1357 634 quibus
1375 554 1480 614 status
1496 555 1523 612 et

404 664 537 742 sperata
554 657 780 741 tranquillitas
796 655 1144 722 uniuersalisEoclesie
1161 655 1282 724 Sancte
1299 659 1363 722 Dei
1373 657 1529 738 leduntur,

404 772 561 852 quantum
580 763 770 832 Altissimus
787 765 941 848 dignatur
957 764 1144 847 concedere,
1161 765 1336 831 salubriter
1358 765 1527 849 providere.

404 873 492 946 Sane
516 872 665 940 volubilis
690 873 776 938 fame
802 871 987 956 loquacitas
1011 872 1062 936 his
1089 871 1202 939 diebus
1229 871 1404 938 Oesareum
1423 895 1457 938 re
1473 881 1529 938 stu·

404 982 511 1066 penda
536 983 631 1046 nimis
656 979 801 1046 turbavit
827 979 985 1062 auditum,
1004 981 1147 1062 qualiter
1164 981 1298 1064 quidam
1316 981 1441 1047 domiui
1457 980 1527 1047 Car-

403 1090 526 1165 diunles
553 1109 586 1154 se
613 1087 826 1154 Sanctissimo
850 1089 883 1152 in
910 1087 1043 1155 Christo
1067 1088 1159 1154 Patri
1176 1095 1210 1154 et
1226 1088 1379 1169 Domino,
1396 1089 1525 1154 Domino

404 1205 515 1264 nostro
533 1197 824 1272 Revererulissimo,
842 1196 972 1260 domiuo
989 1194 1126 1262 Vrbano
1145 1196 1234 1279 Papo
1252 1196 1360 1277 Sexto,
1373 1218 1467 1278 quem
1484 1221 1527 1262 as·

401 1310 564 1389 sumptum
590 1304 764 1372 Divinitus.
789 1305 929 1368 electum
955 1304 1169 1383 concorditer,
1197 1312 1228 1367 et
1254 1305 1296 1370 ad
1314 1304 1524 1388 Apostolatus

405 1414 541 1498 Apicem
553 1411 675 1477 dudum
692 1411 868 1476 multorum
879 1417 946 1476 tam
957 1412 1161 1478 dominorum
1180 1411 1415 1491 Cardinalium
1433 1435 1522 1496 quam

403 1523 541 1597 aliorum
559 1520 620 1585 lide
637 1520 808 1602 dignorum
830 1519 973 1585 veridica
989 1520 1154 1603 scriptura
1169 1541 1227 1584 nos
1247 1520 1357 1585 docuit
1382 1521 1525 1586 canonico

404 1631 619 1700 sublimatum.
645 1628 821 1693 moliantur
846 1648 1019 1711 opponere,
1045 1635 1078 1692 et
1103 1628 1145 1692 ab
1165 1629 1236 1710 ipso
1255 1628 1449 1711 quibusdam
1465 1651 1527 1711 pre

403 1740 504 1808 tensis
520 1736 681 1802 coloribus
699 1738 762 1800 sint
778 1737 895 1800 diversi
909 1762 915 1816 3
939 1735 1027 1818 quod
1043 1742 1139 1801 tanto
1156 1737 1220 1802 fert
1236 1738 1369 1819 gravius
1380 1739 1527 1820 Imperia·

402 1848 444 1911 lis
461 1845 661 1923 Sublimitas,
679 1853 802 1928 quanto
819 1843 854 1909 id
869 1846 975 1928 ipsum
986 1847 1107 1911 versari
1124 1847 1292 1928 cognoscit
1306 1849 1341 1912 in
1357 1847 1526 1930 depressio-

403 1978 475 2020 nem
500 1954 594 2019 Sedis
622 1953 820 2037 Apostolioe.
837 1960 870 2017 et
887 1954 1126 2019 subversionem
1152 1954 1228 2019 fidei
1246 1952 1443 2020 Christiane.
1469 1952 1525 2018 Ve-

405 2083 478 2130 rum
497 2062 584 2144 quia,
601 2061 685 2125 sicut
701 2084 740 2124 ex
755 2061 876 2126 litteris
888 2062 1021 2145 majoris
1038 2062 1142 2144 partis
1153 2063 1312 2127 dictorum
1331 2063 1525 2127 dominorum

405 2167 641 2249 Cardinalium,
668 2169 760 2234 nobis
785 2174 860 2251 post
877 2169 1074 2247 electionem,
1093 2170 1290 2235 creationem
1307 2176 1338 2235 et
1356 2171 1524 2236 coronatio-

405 2299 477 2347 nem
504 2276 582 2341 dicti
609 2277 728 2342 domiui
762 2277 862 2343 nostri
897 2276 987 2360 Papo
1014 2280 1191 2344 successise
1217 2280 1524 2362 transmissisque

404 2389 498 2450 caute
514 2382 661 2450 custodia
678 2383 809 2449 recondi
828 2385 1061 2465 mandavimus,
1082 2391 1211 2450 constat
1228 2385 1416 2463 clarissime,
1433 2385 1527 2451 Colle·

404 2493 493 2576 gium
518 2491 719 2556 dominorum
748 2491 981 2572 Cardinalium,
1013 2513 1133 2575 vosque
1164 2495 1307 2576 singulos
1334 2493 1525 2571 Cardiuales,

404 2600 524 2665 dictum
542 2600 708 2664 dominum
719 2605 865 2664 nostrum
876 2599 1048 2665 Vrbanam
1060 2599 1194 2666 Sextum
1205 2600 1333 2687 Papam
1346 2602 1525 2666 modernum

403 2709 596 2785 nominasse,
631 2713 800 2790 reputasse
829 2714 862 2772 et
887 2710 1077 2788 asseruisse,
1109 2712 1287 2790 nominare.
1319 2719 1468 2794 reputare
1497 2713 1525 2771 et

403 2837 548 2882 asserere
574 2813 743 2880 Summum
771 2815 974 2894 Pontificem,
991 2821 1023 2880 et
1038 2818 1145 2899 ipsum
1166 2825 1322 2899 tanquam
1339 2840 1449 2884 verum
1466 2815 1522 2879 Pa·

405 2945 480 3006 pam
505 2923 709 2988 concorditer
726 2928 758 2986 et
775 2925 927 2988 canonice
954 2923 1093 2989 electum
1108 2947 1147 2989 ao
1164 2925 1387 3008 sollempniter
1402 2945 1523 2991 corona·

405 3037 482 3113 tum,
507 3032 594 3095 ultra
618 3053 665 3111 ea,
692 3053 748 3112 per
777 3051 839 3113 que
855 3029 1005 3095 Summus
1033 3031 1188 3096 Pontifex
1206 3055 1225 3096 a
1244 3030 1369 3098 Christi
1386 3032 1523 3098 fidelihus

403 3139 600 3221 agnoscitur,
624 3139 810 3201 nominatur
835 3145 868 3201 et
893 3141 994 3202 etiam
1027 3147 1207 3221 reputatur,
1240 3141 1467 3206 assistentibus
1495 3145 1524 3202 et

404 3245 677 3311 consentientibus
702 3244 763 3310 sibi
782 3245 891 3324 robis,
919 3246 1040 3328 plures,
1062 3249 1125 3312 imo
1153 3247 1351 3330 multiplices
1378 3249 1523 3313 solemnes

404 3362 496 3424 actus
523 3355 714 3430 exercuisse,
731 3359 762 3416 ot
775 3353 866 3436 justo
884 3355 982 3418 titulo
999 3352 1113 3421 fecisse
1133 3355 1279 3440 papulae,
1296 3365 1363 3421 tam
1383 3359 1416 3420 in
1431 3354 1524 3440 publi·

403 3463 448 3526 cis
466 3460 687 3542 Consistoriis,
705 3482 801 3542 quam
819 3462 974 3544 privatis:
999 3463 1135 3527 multum
1152 3472 1181 3528 et
1202 3463 1298 3546 digne
1327 3467 1485 3542 miramur,
1501 3462 1523 3525 si

402 3569 575 3634 diversitas
591 3569 786 3652 hujusmodi,
804 3569 890 3651 qnod
907 3575 1018 3634 tamen
1035 3593 1099 3635 non
1116 3571 1285 3652 credimus,
1309 3573 1437 3636 veritati
1453 3571 1524 3634 inni·

402 3681 502 3740 tatur.
520 3675 600 3758 Quis
617 3678 774 3742 intervos
792 3676 1092 3743 Reverendissimos
1113 3679 1259 3746 dominos
1277 3678 1468 3746 Oardinales
1484 3699 1525 3741 se·

404 3784 520 3848 ductor
547 3792 577 3848 et
596 3806 660 3849 uon
679 3783 867 3848 (lardinalis
885 3785 1058 3866 exstiterit,
1076 3788 1131 3868 qui
1149 3793 1216 3851 tarn
1235 3787 1438 3868 scandaloso,
1452 3794 1524 3851 tam·

405 3912 469 3971 que
495 3893 674 3975 dampnosa
702 3892 899 3976 reipublicae
928 3899 960 3958 et
987 3896 1167 3960 animarum
1196 3897 1291 3960 saluti
1320 3898 1479 3960 contrariu
1496 3895 1522 3956 iu

402 4001 492 4078 agris
517 4000 663 4064 Ecclesie
689 3999 809 4064 Sancte
839 4001 909 4082 Dei,
929 4021 990 4082 que
1008 4009 1056 4066 est
1072 4003 1181 4066 unitas
1198 4001 1282 4080 fidoi,
1300 4009 1333 4068 et
1359 4023 1523 4085 congrega-

403 4107 449 4169 tio
480 4104 602 4172 Christi
635 4107 785 4187 fidelium,
819 4109 969 4174 malivole
1000 4111 1179 4175 zizanizare
1216 4113 1440 4195 presumpsit?
1476 4113 1524 4175 aut

401 4215 544 4294 qualiter
560 4217 593 4279 in
609 4223 734 4281 tautam
748 4218 944 4299 imperitiam
962 4223 1009 4281 tot
1027 4221 1215 4300 peritissimi
1233 4221 1294 4283 riri
1308 4215 1524 4286 ‹lerenenmtl

402 4342 538 4403 quorum
555 4323 729 4388 concordia
755 4324 941 4406 salubrique
973 4326 1116 4407 presidio
1138 4349 1194 4410 per
1220 4327 1341 4392 dictum
1373 4329 1521 4394 domiuum

403 4435 547 4494 nostrum
565 4429 692 4513 Papam
721 4453 780 4513 per
806 4431 907 4495 multa
925 4433 1035 4498 secula
1050 4437 1210 4516 preterita
1230 4456 1294 4498 non
1321 4436 1445 4516 audita,
1470 4454 1522 4516 que

403 4538 531 4611 ruinani
558 4540 657 4604 totius
683 4540 855 4605 militantis
873 4542 1019 4606 minatur
1035 4541 1191 4622 Ecdesio,
1207 4541 1426 4610 obedientiam
1445 4541 1522 4627 Apo·
