3182 5252
626 297 722 360 ress.
758 369 761 375 ,

637 608 711 668 280.

102 765 266 830 Dandclo
281 765 427 830 Saracen
445 766 743 851 Muqyororszripbu
767 763 931 828 arridendo·
958 764 1106 826 oclenczei
1130 763 1229 828 bdoel-

454 872 515 936 nek
532 873 669 958 megbizc'
685 871 785 936 levele.
804 875 898 936 1383.

220 1033 261 1097 In
277 1031 404 1098 Christi
422 1032 551 1121 nomine
568 1029 683 1096 Amen.
701 1031 800 1098 Anum
809 1029 1005 1096 Natiuitatis
1022 1028 1149 1112 ejusdes
1168 1030 1236 1094 mil-

105 1141 227 1204 lesimo
243 1141 471 1204 trecentesimo
489 1139 711 1222 octuagesimo
726 1141 836 1218 tercio,
865 1138 1044 1204 indiccione
1060 1145 1162 1221 sexta,
1187 1139 1240 1204 die

102 1255 202 1312 sexto
219 1248 339 1312 mensis
355 1246 449 1327 Julii,
460 1246 604 1312 illustris
622 1253 654 1310 et
670 1246 827 1312 Excelsus
838 1245 997 1311 Dominus
1008 1246 1157 1312 dominus
1168 1247 1238 1312 An·

103 1356 222 1421 tonius
239 1353 382 1422 Venerio
408 1353 609 1437 Deigracia
636 1353 713 1418 Dux
739 1353 957 1420 Venecinrum
984 1375 1047 1418 una
1072 1375 1146 1418 cum
1170 1355 1236 1420 suis

104 1463 275 1542 Consiliis
285 1461 416 1540 Minori,
426 1460 641 1545 Rogatorurn,
653 1457 887 1544 Quadraginta
903 1470 935 1524 et
951 1462 1066 1541 Zonte,
1081 1461 1124 1527 ad
1139 1461 1239 1526 infra·

105 1571 276 1653 scriptaet
291 1570 358 1634 alia
374 1569 593 1652 plenissimam
601 1569 786 1635 libertatem
799 1569 1005 1652 habentibus,
1015 1577 1048 1636 et
1064 1591 1124 1653 pro
1140 1570 1238 1635 infra-

105 1679 241 1762 scriptis
258 1677 444 1743 exercendis
459 1677 502 1742 ad
517 1697 630 1742 sonum
647 1699 804 1760 campane
817 1685 936 1744 etvoce
946 1680 1099 1762 preconia
1115 1679 1239 1744 vocatis

106 1797 142 1852 et
159 1787 386 1870 congregatis,
411 1792 443 1850 et
462 1785 534 1868 ipsa
550 1782 696 1851 Consilia
715 1809 780 1852 una
795 1809 868 1852 cum
884 1789 955 1871 ipsc
980 1787 1110 1852 domino
1138 1787 1238 1866 Duce,

108 1895 310 1960 unanimiter
326 1900 358 1958 et
373 1893 576 1959 concorditer
587 1895 713 1958 nemine
723 1893 929 1977 discrepante
939 1917 999 1978 pro
1016 1917 1049 1959 se
1066 1899 1098 1958 et
1114 1915 1236 1960 succes·

105 2003 238 2068 scribue
255 2003 331 2082 suis,
349 2003 533 2068 eonomine
550 2009 582 2064 et
599 2001 667 2066 vice
683 2000 871 2067 Communis
900 2001 1114 2066 Veneciarum
1138 2003 1239 2067 ornni-

104 2111 172 2176 bus
188 2109 300 2189 modis,
314 2108 453 2192 juribus,
469 2107 581 2173 formis
598 2113 631 2172 et
647 2109 762 2187 causis,
780 2109 897 2190 quibus
914 2109 1027 2174 melius
1053 2116 1237 2192 potuerunt,

104 2219 265 2297 iecerunt,
282 2217 529 2296 constituerunt,
554 2223 746 2281 creaverunt
763 2225 794 2282 et
823 2217 1056 2282 ordinaverunt
1083 2239 1177 2283 suum
1204 2225 1238 2282 et

105 2325 190 2390 dicti
206 2323 393 2390 Communis
403 2319 622 2389 Veneciarum
633 2322 819 2407 Syndicum‚
829 2331 981 2403 actorem,
992 2332 1237 2408 procuratorem

105 2433 290 2516 legitimum
308 2438 341 2496 et
357 2431 562 2512 negociorum
573 2437 747 2514 gestorem,
757 2438 791 2496 et
803 2431 959 2514 quicquid
969 2431 1110 2515 amplius
1127 2433 1237 2497 eteffi-

106 2541 218 2606 cacius
234 2561 303 2604 esse
313 2545 347 2602 et
357 2537 423 2602 dici
433 2543 548 2620 potest,
564 2537 704 2603 nobilem
716 2545 749 2603 et
759 2540 937 2622 sapientem
955 2540 1059 2604 virum
1072 2539 1236 2606 domiuum

106 2647 311 2714 Saracenum
329 2644 490 2724 Dandulo,
506 2645 729 2712 honorabilem
747 2647 848 2711 civem
873 2645 1097 2727 Veneciarum,
1113 2647 1237 2714 Amba·

105 2756 267 2820 uiatorem
285 2753 327 2820 ad
345 2752 574 2819 Serenissimas
590 2753 782 2838 Majestates
795 2755 965 2837 Hungarie
975 2754 1144 2820 absentem
1154 2761 1236 2821 tam-

105 2883 207 2948 quam
223 2868 403 2947 presentem
423 2862 454 2927 in
472 2862 620 2928 omuibus
637 2883 749 2926 eorum
765 2870 797 2928 et
814 2863 892 2928 dieti
914 2863 1104 2928 Communis
1133 2864 1235 2930 Vene-

106 2973 233 3036 ciarum
249 2969 368 3048 litibus,
386 2971 616 3034 controversiis
632 2976 666 3034 et
682 2971 822 3052 querelis
848 2971 996 3035 civilibus
1013 2977 1045 3035 et
1061 2971 1236 3036 criminali·

106 3078 178 3157 bus,
190 3075 395 3160 presentibus
412 3085 446 3140 et
461 3077 589 3157 futuris
604 3083 638 3143 et
653 3078 839 3159 specialiter
855 3077 898 3142 ad
909 3077 1162 3160 comparendum
1173 3099 1232 3162 pro

106 3185 155 3250 eis
171 3191 331 3250 eteorum
346 3185 474 3248 nomine
490 3183 532 3248 ad
548 3186 748 3266 presenciam
766 3183 1052 3251 Serenissimarum
1073 3191 1104 3251 et
1119 3173 1235 3250 Excel-

10 3279 17 3286 ’
102 3293 359 3358 lentissimamm
370 3291 587 3357 Dominarum
604 3293 809 3358 dominarum
820 3293 927 3360 Marie
938 3291 1002 3360 Dei
1017 3295 1131 3376 gracia
1140 3295 1235 3360 Hun-

105 3399 207 3483 garie,
224 3399 400 3478 Dalmacie,
416 3397 578 3465 Obroacie
594 3407 653 3464 etc.
671 3421 728 3466 nec
744 3423 807 3466 non
834 3401 1007 3468 Elisabeth
1033 3402 1146 3466 eadem
1171 3402 1236 3468 Dei

107 3508 219 3590 gracia
244 3506 425 3591 Hungarie,
452 3506 602 3586 Polonie,
627 3506 798 3573 Dalmaeie
815 3515 875 3573 eto.
891 3507 1074 3573 Illustrium
1092 3507 1235 3592 Regina·

107 3621 233 3695 nosmet
249 3615 291 3680 ad
307 3616 502 3680 audiendum
521 3621 551 3679 et
569 3615 794 3681 asctdtandum
805 3623 838 3680 et
847 3616 1068 3700 recipiendum
1084 3641 1104 3682 a
1115 3616 1234 3700 Majes-

105 3721 231 3788 tatibus
248 3722 448 3806 prefatamm
467 3723 670 3788 dominarum
688 3723 889 3806 Reginorum
900 3732 933 3790 et
944 3726 1112 3809 utriusque
1123 3746 1233 3790 earum

107 3831 322 3912 corporaliter
334 3831 573 3915 juramendum,
590 3831 677 3914 quod
694 3829 819 3915 prefate
844 3830 974 3898 domine
990 3833 1118 3917 Regino
1135 3839 1168 3898 et-
1184 3841 1234 3899 ut·

107 3957 209 4019 raque
226 3958 338 4003 earum
351 3941 448 4022 juxta
463 3939 602 4003 sormam
619 3940 719 4022 pacis,
740 3940 988 4022 composicionis
1005 3949 1038 4004 et
1061 3947 1232 4024 pactorum

104 4047 192 4111 inter
210 4045 287 4111 olim
304 4044 552 4113 Serenissimum
569 4053 601 4110 et
617 4045 931 4112 Excellentissimum
956 4048 1154 4131 Principem,
1178 4050 1234 4114 dc·

105 4155 228 4219 minum
245 4154 443 4220 Ludovicum
462 4153 524 4219 Dei
548 4155 661 4236 gracia
685 4155 820 4238 Regem,
845 4155 1063 4239 predictarum
1089 4156 1233 4223 domina·

105 4283 177 4327 rum
195 4260 394 4345 Reginamm
407 4263 583 4346 genitorem
602 4267 635 4328 et
650 4269 830 4328 consortem
847 4263 1105 4329 Illustrissimum
1129 4263 1232 4330 felicis

99 4370 269 4449 memorie,
286 4376 318 4435 et
334 4391 533 4435 successores
543 4390 617 4435 suos
632 4369 674 4435 ab
685 4391 751 4435 una
760 4376 863 4454 parte,
873 4377 906 4436 et
915 4371 1112 4454 prelibatum
1128 4372 1229 4438 domi-

105 4500 181 4544 num
201 4477 326 4544 Ducem
346 4485 378 4544 et
394 4475 573 4544 Commune
589 4476 807 4543 Veneciarum
823 4479 983 4567 initorum*
996 4485 1028 4544 et
1044 4484 1230 4545 contracto·
