3214 5250
607 403 720 490 rass„
1152 401 1217 464 sss

87 605 186 669 quam
212 583 254 650 ab
279 585 354 650 aliis
380 585 646 668 quibuscumque,
663 585 805 646 vestrum
821 581 1038 665 patrocinium
1055 581 1217 652 exhibere.

88 690 188 775 Quod
204 692 334 776 quidem
352 693 446 760 nobis
461 692 505 758 ad
521 690 696 776 singularis
712 691 818 774 gratie
835 691 998 760 cumulum
1010 691 1216 762 ascribemus,

86 799 179 866 Data
194 807 231 865 ut
248 821 347 886 supra
362 798 429 884 (31.
449 798 571 883 Luglio
590 802 699 876 1388.)

85 947 210 1010 (Eredeti
223 947 436 1013 fogalmazvdny
450 961 467 996 a
483 947 617 1012 »Siguori
629 947 782 1012 Oarteggie.
794 946 931 1008 mimive«
947 950 998 998 stb.
1009 949 1085 1002 XXI.
1099 948 1158 1000 lot.
1172 952 1217 1002 40.

374 1053 411 1090 sz.
426 1053 459 1100 a,
473 1053 490 1088 a
502 1038 634 1090 floreuczi
646 1051 722 1102 uagy
734 1036 928 1100 lsvtltr'crbau.)

572 1194 732 1210 *ru—n—-n-

616 1366 690 1430 396.

86 1527 199 1592 Garat
222 1527 348 1593 Miklo's
372 1487 497 1594 mcosc'i
521 1528 654 1594 bdncolc
681 1553 702 1593 c
728 1527 885 1616 florcnczi
917 1529 1084 1617 kormdny.
1118 1531 1215 1594 1388.

301 1689 443 1757 Domino
458 1690 502 1756 N.
519 1690 558 1756 ds
575 1687 676 1757 Gara·

195 1796 368 1882 Magnifice
395 1806 455 1866 etc.
480 1806 517 1866 ut
557 1819 658 1884 supra
668 1821 727 1885 per
746 1806 853 1866 totum
868 1821 970 1883 usque
986 1797 1049 1880 ibi;
1073 1781 1215 1883 patroci-

83 1907 175 1972 nium
192 1907 352 1974 exhibere.
370 1905 525 1974 Ceterum
542 1911 620 1992 quia
635 1907 750 1976 Simon
768 1909 899 1976 Taleuti
911 1909 1072 1992 promisit,
1082 1914 1120 1974 ut
1136 1907 1214 1972 dici-

83 2021 149 2095 tur,
166 2014 255 2080 dicto
270 2015 296 2083 J
297 2017 419 2082 ohanui
435 2039 495 2100 pro
511 2017 676 2100 quondam
692 2017 893 2083 nobilissimo
909 2021 1006 2100 patre
1024 2020 1130 2082 vestro
1147 2033 1213 2082 cer·

81 2130 153 2190 tam
169 2125 305 2206 pecunie
322 2125 560 2208 quantitatem3
577 2126 730 2207 dignetur
741 2124 865 2192 Vestra
875 2123 1052 2205 Nobilitas,
1067 2129 1136 2189 tam
1151 2145 1213 2207 pro
1246 2163 1254 2177 ι

82 2232 210 2297 honore
227 2233 356 2316 paterni
382 2233 529 2316 nominis,
557 2257 654 2318 quam
671 2234 713 2300 ob
726 2235 856 2318 justicie
872 2234 996 2299 cultum
1011 2232 1126 2298 taliter
1141 2254 1214 2316 ope·

81 2343 161 2424 rari,
186 2342 273 2425 quod
299 2363 361 2427 que
387 2341 493 2408 dictus
520 2342 634 2410 Simon
651 2344 809 2428 promisit,
826 2343 960 2410 realiter
977 2343 1096 2409 debeat
1111 2341 1213 2408 adim-

80 2451 183 2536 plere.
199 2449 297 2536 Quod
314 2451 445 2535 quidem
462 2459 522 2519 etc.

78 2597 210 2664 (Eredeti
224 2599 440 2664 fogalmazvduy
453 2610 469 2649 a
484 2598 622 2664 »Signort
642 2601 799 2665 Carteggie,
812 2600 942 2650 illinire<
957 2601 1010 2652 stb.
1032 2600 1110 2655 XXI.
1133 2601 1212 2652 kete-

289 2689 378 2758 gebeu
392 2693 434 2741 40.
448 2705 485 2742 sz.
498 2707 532 2753 a,
547 2705 564 2740 a
575 2691 709 2742 fioreucci
722 2705 797 2759 nagy
811 2689 1002 2757 leveltdrbau.)

568 2857 728 2868 Μ,

613 3003 686 3064 397.

204 3166 378 3253 Zoipmcnd
393 3165 575 3251 birdtynck
593 3190 614 3230 α
622 3165 776 3254 florenczi
791 3164 959 3251 bormdap.
985 3163 1079 3230 1388.

295 3325 380 3409 Regi
396 3324 579 3410 Huugarie.

190 3432 404 3500 Sereuissime
422 3441 522 3518 atque
538 3434 769 3518 gloriosissime
786 3433 951 3518 Princeps,
968 3433 1209 3518 singularisque

76 3542 271 3609 benefactor
286 3551 405 3609 noster.
423 3543 571 3609 Litteras
588 3540 806 3609 Sublimitatis
822 3540 940 3608 Vestra
956 3547 1070 3607 nostra
1085 3543 1209 3625 recepit

76 3653 261 3736 humilitas
278 3659 312 3719 et
328 3654 436 3720 omnia
453 3674 515 3738 que
531 3675 590 3737 pro
607 3659 703 3736 parte
721 3649 918 3716 Serenitatis
942 3649 1062 3718 Vestro
1077 3649 1208 3716 Nobilis

74 3762 128 3828 vir
144 3759 306 3827 Albertus
323 3760 363 3826 de
380 3759 523 3828 Saldiuis
541 3761 580 3826 de
605 3760 629 3826 J
631 3761 720 3841 adra,
749 3759 894 3825 eiusdem
909 3758 1098 3843 Majestatis
1115 3755 1208 3823 Nuu-

74 3871 144 3936 tius
161 3867 292 3952 Orator,
308 3869 402 3935 uobis
420 3870 568 3952 exposuit
585 3870 656 3934 riva
672 3889 758 3950 voce,
775 3867 891 3933 devoto
907 3866 1094 3950 collegimus
1111 3866 1208 3931 intel-

73 3981 175 4045 lectu.
194 3976 252 4044 Ad
269 4000 331 4062 que
358 4001 429 4044 cum
455 3979 636 4044 reverentia
663 3982 818 4043 consueta
844 3976 1079 4058 respondimus,
1105 3997 1206 4059 quan-

74 4095 149 4155 tum
165 4087 352 4171 putavimus
369 4085 528 4170 expedire.
555 4085 626 4169 Que
644 4085 773 4169 quidem
790 4086 932 4151 inserere
948 4083 1068 4149 litteris
1082 4083 1207 4168 judica·

72 4199 181 4263 rimus
198 4217 267 4260 esse
286 4193 500 4278 superfluum;
528 4195 679 4277 quoniam
695 4193 776 4259 certi
792 4213 909 4272 sumus,
926 4191 1074 4257 eumdem
1090 4188 1206 4258 Orato-

72 4329 147 4372 rem
175 4309 292 4370 cuncta
318 4303 457 4368 fideliter
482 4303 670 4367 relaturum.
696 4301 773 4385 Ipse
798 4301 928 4384 quidem
945 4301 984 4364 de
1000 4300 1157 4381 omnibus,
1172 4309 1206 4367 et

72 4417 116 4480 de
134 4411 346 4496 dispositione
364 4417 474 4478 nostro
490 4412 669 4476 devotionis
685 4432 763 4493 erga
781 4409 875 4476 Sacri
890 4408 1106 4492 Dyadematis
1122 4407 1205 4478 Vcs·

71 4525 119 4589 tri
138 4523 302 4603 thronum,
319 4521 520 4586 clarissimus
537 4522 633 4586 testis
650 4522 731 4602 erit3
748 4527 784 4585 ut
799 4539 1075 4602 supervacaneum
1091 4520 1136 4584 sit
1151 4521 1204 4585 lit·
1271 4499 1277 4516 ⁶

71 4631 235 4697 teratoria
252 4631 429 4714 scriptione
455 4631 650 4716 depromere,
678 4629 765 4714 quod
783 4631 853 4712 ipse
870 4630 998 4712 copiose
1014 4630 1136 4711 poterit
1152 4649 1204 4694 ex-
