3172 5254
573 273 667 336 raro.
1025 327 1027 336 ,
1121 277 1182 354 ιιι

65 453 100 518 ad
113 458 219 537 partes
230 452 304 517 illas
315 471 417 535 prope
434 448 602 516 Venetiae.
619 449 747 535 Quibus
763 450 997 535 respondimus,
1014 454 1100 536 quod
1116 460 1184 519 tam

66 582 115 645 pro
140 562 255 646 majori
279 560 403 626 honore
429 581 496 640 suo,
521 579 618 645 quam
639 559 738 623 etiarn
755 579 814 642 pro
831 559 963 624 meliore
979 559 1184 626 conclusione

65 672 141 754 pacis
167 670 340 736 videbatur
366 667 469 750 nobis,
494 667 582 750 quod
606 673 769 734 tractatus
790 665 877 732 dicte
899 670 989 751 pacis
1006 667 1098 734 fieret
1115 670 1184 752 hic;

65 779 129 860 quia
152 779 299 863 colligati
325 779 430 861 magis
456 776 611 842 timerent
643 775 695 840 hic
710 775 834 858 injusta
858 782 891 840 et
912 778 1058 842 enormia
1072 785 1184 862 petere

1 914 2 926 ι
65 909 148 969 quam
163 887 252 967 alibi,
269 893 404 970 propter
414 884 631 949 reverentiam
647 884 804 967 Regiam,
822 891 854 950 et
872 885 900 949 si
915 886 1027 970 aliqua
1039 887 1182 952 enormia

1 990 2 995 ’
65 1000 91 1058 et
105 996 219 1080 injusta
236 999 395 1078 peterent,
420 991 678 1056 reformarentur
696 999 729 1056 et
744 991 976 1058 reducerentur
998 993 1040 1058 ad
1056 997 1186 1078 petitio·

65 1123 112 1166 nes
123 1099 278 1186 juridicos
296 1107 328 1166 et
344 1100 499 1165 honestas
515 1120 575 1182 per
591 1100 696 1183 ipsum
709 1098 873 1165 dominum
890 1099 1014 1184 Regem
1032 1101 1120 1186 quod
1136 1103 1184 1166 ita

66 1211 181 1275 omuino
198 1209 270 1274 fieri
288 1229 353 1273 non
369 1213 489 1292 posset,
516 1209 543 1271 si
567 1206 646 1272 alibi
663 1205 768 1272 dictus
785 1212 948 1273 tractatus
963 1209 1054 1292 pacis
1071 1208 1183 1291 fieret3

1 1337 2 1375 1
65 1319 118 1383 ino
142 1317 229 1382 clare
255 1315 543 1399 cognoscebamus
560 1313 640 1379 alibi
666 1335 764 1396 quarn
789 1314 841 1380 bio
868 1317 900 1380 in
925 1319 1015 1399 pacis
1037 1323 1183 1384 tractatu

65 1427 196 1508 predicto
212 1423 364 1490 concludi
382 1446 446 1490 non
463 1443 559 1506 posse
577 1423 807 1506 suprascriptis
818 1423 1000 1489 rationibus
1017 1431 1050 1490 et
1066 1428 1184 1506 cansis3

65 1535 141 1598 Etsi
157 1533 260 1618 aliqui
277 1532 506 1616 colligatorum
523 1552 588 1596 non
604 1531 772 1597 habebant
787 1531 916 1615 plenum
933 1532 1125 1599 mandatum
1141 1533 1183 1598 ad

1 1632 2 1719 f
65 1643 124 1722 hoc,
140 1647 294 1725 poterant
312 1641 444 1706 mittere
461 1663 521 1726 pro
539 1663 593 1720 e03
604 1661 679 1705 nam
697 1661 824 1706 eramus
840 1642 983 1708 content'
959 1641 1055 1708 thiel
1073 1664 1185 1726 expec-

65 1759 131 1828 tare
148 1757 182 1815 et
199 1751 328 1815 interim
347 1756 492 1816 tractare
508 1749 686 1834 negocium,
702 1757 739 1814 nt
725 1749 925 1815 reduceret
911 1754 966 1815 utr
982 1749 1025 1814 orl
1041 1750 1185 1833 aliquam

64 1857 168 1923 bonam
186 1858 434 1924 conclusionem.
461 1857 587 1923 Tamen
607 1880 673 1924 non
688 1856 762 1924 obst
749 1863 823 1923 ttan
809 1856 896 1924 tibus
911 1857 1051 1942 predict
1043 1879 1071 1922 rs
1087 1859 1186 1923 ratio-

64 1967 144 2032 nibus
161 1972 194 2032 et
210 1967 284 2052 elijs
302 1967 398 2032 dictis
413 1988 471 2051 per
487 1989 546 2033 nos
557 1967 786 2032 concluserunt
772 1966 903 2050 t‚quod
920 1969 1049 2032 omnino
1066 1968 1113 2032 ita
1131 1965 1184 2031 de-

64 2073 225 2140 liberatum
243 2080 315 2140 erat
340 2097 399 2158 per
425 2073 603 2140 Consilium
630 2075 779 2158 Regium.
796 2075 841 2139 Et
858 2067 932 2146 ιιιιιιι
949 2075 999 2140 bis
1016 2075 1112 2141 dictis
1129 2096 1187 2159 per

65 2183 141 2250 illum
157 2192 191 2250 et
208 2207 267 2250 nos
295 2185 537 2269 expectavimus
563 2207 635 2252 cum
656 2187 766 2250 multis
782 2206 821 2250 ex
837 2185 979 2252 Beronis
997 2187 1029 2250 in
1061 2185 1185 2250 antica·

65 2314 142 2358 nera
156 2293 316 2378 predicta,
334 2296 439 2360 vocati
456 2295 577 2360 fuimus
592 2293 628 2358 in
643 2300 817 2377 conspectu
835 2293 948 2376 Regio,
960 2294 1085 2378 sibique
1097 2292 1186 2358 facta

66 2405 140 2468 omni
157 2405 303 2469 bumana
328 2406 521 2488 reverentia,
538 2411 573 2470 ut
589 2404 714 2487 placari
741 2409 858 2486 posset,
878 2406 1085 2488 exposuimus
1103 2400 1185 2468 Am-

67 2510 226 2594 basiatarn,
243 2519 279 2576 ut
305 2511 399 2577 nobis
424 2513 605 2596 injunctum
621 2511 684 2577 fuit
700 2513 732 2576 in
750 2511 855 2596 primo
887 2514 1025 2579 articulo
1043 2513 1188 2578 commis-

66 2616 153 2686 sionis
168 2626 295 2702 nostre,
321 2621 420 2686 etiam
451 2621 542 2686 illam
568 2626 723 2686 ornantes
740 2642 811 2686 oum
829 2619 935 2685 vorbis
946 2621 1064 2703 dignis,
1079 2618 1187 2704 placa-

65 2724 170 2794 bilibus
197 2737 230 2793 et
256 2729 447 2794 decentibus
463 2730 620 2794 honorem
637 2729 778 2811 Regium
796 2735 828 2794 ει
845 2728 1010 2796 Vestrum.
1041 2729 1186 2813 Ipsaque

65 2833 251 2902 Ambaciata
277 2843 392 2902 nostra
417 2837 634 2902 attentissime
657 2836 771 2902 audita
788 2837 966 2920 peripsum
984 2837 1118 2922 Regem,
1134 2837 1190 2901 do·

66 2943 155 3008 ninus
167 2943 355 3028 Episcopus
366 2943 391 3008 J
393 2945 552 3010 auriensis
568 2944 784 3027 supradictus,
794 2945 849 3028 qui
860 2945 987 3010 videtur
1002 2945 1088 3010 inter
1104 2944 1188 3010 alios

66 3048 92 3114 in
113 3050 277 3133 loquendo
305 3052 391 3118 solus
417 3059 450 3117 et
474 3054 673 3137 principalis,
698 3053 780 3117 dixit
805 3053 839 3116 in
865 3058 1040 3136 conspectu
1061 3051 1184 3117 domini

65 3155 153 3241 Regis
179 3167 211 3225 et
240 3162 383 3225 omnium
409 3181 542 3226 suorum
568 3160 782 3240 Baronorum,
808 3161 897 3242 quod
923 3160 1083 3224 Dominus
1101 3181 1186 3241 suun,

68 3265 203 3334 dominus
231 3270 304 3336 Rex
330 3269 572 3336 deliberaverat
589 3292 660 3336 cum
677 3269 822 3336 Consilio
839 3291 896 3338 suo
913 3271 1042 3336 mittere
1059 3268 1102 3335 ad
1116 3291 1189 3353 par-

67 3379 107 3440 tes
122 3375 217 3447 Italic
236 3379 403 3445 dominum
429 3380 554 3446 Ducem
581 3380 744 3447 Karolum
762 3402 834 3446 curn
852 3380 947 3464 pleno
965 3389 998 3448 et
1014 3378 1188 3446 sufficienti

66 3485 207 3552 mandato
225 3509 323 3570 super
340 3488 412 3570 ipsa
428 3510 509 3572 pace
526 3489 706 3571 tractanda,
724 3494 756 3554 et
773 3489 923 3555 fulcitum
943 3509 1003 3573 pro
1019 3509 1138 3572 guerra
1155 3495 1188 3552 et

66 3611 115 3671 pro
130 3616 229 3677 pace;
255 3601 288 3661 et
305 3596 393 3679 quod
410 3598 510 3662 etiam
527 3596 705 3678 ordinaret,
725 3597 812 3681 quod
830 3617 939 3662 omnes
957 3597 1100 3679 colligati
1116 3595 1187 3660 mit-

65 3704 158 3765 terent
173 3701 253 3767 illuc
264 3703 455 3768 mandatum
472 3704 515 3770 ad
531 3703 661 3787 plenum
678 3725 736 3788 pro
752 3724 851 3788 pace;
876 3709 910 3769 et
926 3704 1012 3789 quod
1029 3712 1187 3787 quantum

51 3814 126 3873 erat
140 3811 173 3873 in
188 3811 263 3894 ipso
279 3811 381 3894 Rege,
398 3812 475 3876 dum
501 3813 533 3876 in
561 3813 631 3896 ipsa
647 3832 725 3895 pace
751 3819 1001 3878 conservaretur
1013 3813 1068 3896 jus
1084 3819 1116 3876 et
1132 3812 1188 3877 ho·

65 3934 114 3978 nor
135 3917 259 4002 Regius
284 3927 318 3986 et
342 3941 476 3987 suorum
496 3920 733 4004 colligatorum,
764 3921 893 3986 volebat
924 3921 1028 4005 ipsam
1059 3941 1184 4005 pacem.

66 4019 151 4090 Vnde
177 4049 216 4092 ex
244 4027 482 4094 deliberatione
507 4028 733 4094 tali'dominus
750 4027 822 4094 Rex
838 4028 978 4111 dicebat,
994 4029 1080 4112 quod
1097 4035 1185 4112 pote-

67 4150 161 4198 ramus
177 4136 330 4202 recedere
349 4157 410 4219 pro
426 4141 537 4202 nostro
555 4135 659 4216 libito,
676 4143 708 4200 et
724 4142 913 4219 poteramus
923 4157 1034 4200 secure
1050 4157 1109 4220 per
1127 4141 1187 4200 ter·

5 4225 10 4316 l
61 4259 112 4304 raa
135 4249 166 4307 et
189 4243 263 4309 loca
279 4265 340 4312 sua
356 4245 462 4311 redire
480 4245 646 4314 Venetiae.
664 4243 784 4329 Sicque
799 4246 841 4312 ab
858 4247 932 4330 ipso
947 4244 1077 4311 domino
1094 4245 1187 4326 Rege

5 4319 9 4456 Ι
68 4351 182 4417 omnino
199 4352 367 4418 licenciati
383 4356 592 4436 recessimus3
616 4353 782 4422 informati
808 4355 892 4419 enim
908 4352 1028 4418 fuimus
1045 4373 1065 4418 a
1080 4373 1189 4435 perso·

69 4459 110 4522 nia
124 4461 302 4548 fidedignis,
328 4464 415 4547 quod
441 4464 625 4530 Januenses
642 4470 676 4529 et
692 4463 845 4531 Paduani
863 4463 1115 4529 informaverunt
1135 4460 1189 4524 do-

108 4597 166 4637 ΙΟΙ.
182 4601 263 4638 nunti.
279 4603 350 4639 uror.
367 4609 411 4622 ‘³'
427 4603 495 4638 Ma'l'A
510 4603 572 4639 ΕΠ.
587 4603 627 4638 111.
1041 4577 1079 4638 l?
