3226 5254
630 349 725 413 1380.
1175 355 1238 416 365

1 585 2 588 ,
113 522 209 587 cobus
225 526 294 590 eius
310 523 406 605 filius,
423 525 532 590 Lucas
549 525 641 590 Pieri
656 525 789 608 Filippi,
806 523 925 590 Nicola
942 524 1079 591 Andree
1103 526 1240 611 Lippozi

113 629 256 697 Matteus
272 631 392 698 Jacobi
409 631 537 715 Artigi,
553 631 700 699 Jacobus
727 631 847 697 domini
874 631 1032 717 Rainerij‚
1060 633 1240 702 Tommasi·

114 761 171 805 nus
197 741 336 806 Antonii
353 747 388 806 et
403 739 634 807 Lanfranchus
659 739 757 806 Tocti
784 738 824 806 de
850 741 1014 824 Pennino,
1039 742 1240 810 Benedictus

112 847 253 914 Simonis
283 850 434 934 Rainerij
468 850 508 915 de
539 849 684 933 Parunis,
716 847 800 914 Besa
835 845 995 916 Gu1donis
1027 850 1240 936 Maghelocti‚

1 965 2 968 ’
112 952 339 1022 Gherardinus
365 957 454 1022 Pieri
483 953 618 1038 Velluti,
644 977 696 1022 ser
722 954 859 1023 Nofrius
884 979 936 1023 ser
959 958 1050 1024 Pieri
1066 980 1119 1024 ser
1143 957 1237 1040 Grtfi,

1 1131 2 1164 ἶ
111 1084 161 1130 ser
193 1064 335 1146 Brunus,
369 1064 566 1132 Franciscus
592 1071 625 1130 et
650 1065 843 1132 Leonardus
869 1065 929 1131 filii
954 1066 1034 1132 dieti
1060 1089 1111 1131 ser
1138 1066 1238 1150 Pieri,

1 1193 2 1246 ;
111 1168 221 1237 Guido
237 1171 292 1238 del
310 1172 486 1256 Bandiera,
502 1171 527 1238 J
528 1173 648 1240 acubus
675 1179 808 1239 vocatus
833 1172 1021 1254 Testinella,
1037 1174 1235 1240 Franciscus

1 1340 3 1384 ἰ
109 1279 238 1350 Bartoli
265 1275 451 1362 Guidarezi,
477 1279 626 1347 dominus
643 1279 751 1346 Lucas
768 1279 863 1346 'Ponti
886 1281 927 1346 de
953 1281 1118 1362 Panzuno,
1143 1280 1238 1348 Nico-

1 1395 2 1406 ’
110 1388 179 1455 laus
206 1390 303 1456 Becti
329 1389 444 1476 Bardi,
469 1392 619 1459 Matteus
645 1391 766 1457 domini
783 1390 870 1456 Luce
896 1392 936 1458 de
962 1392 1125 1475 Pauzano,
1140 1391 1242 1458 domi·

1 1495 2 1572 i
109 1519 167 1563 nus
184 1497 299 1581 Lupus
328 1506 361 1563 et
385 1496 541 1565 Albertus
558 1497 598 1563 de
616 1497 902 1582 Castiglionechio,
926 1499 1135 1566 Bonacursus
1159 1499 1241 1566 Neri

111 1605 207 1687 Picti,
223 1605 453 1672 Bartolomens
471 1603 688 1688 Gheradaocij
706 1605 745 1670 de
762 1604 876 1685 Prato,
899 1606 1047 1672 dominus
1078 1605 1239 1673 Albertus

1 1785 2 1790 γ
109 1712 191 1798 Pepi
224 1711 373 1799 Antonij,
406 1714 588 1798 Piggiellus
621 1713 743 1780 domini
777 1713 906 1800 Luigij,
941 1715 1079 1799 Luigius
1106 1720 1240 1782 vocatus

110 1821 289 1887 Moschone
314 1821 400 1886 filius
426 1821 603 1903 Bernandi,
628 1820 774 1888 Jacobus
799 1820 1002 1887 Bartolomei
1026 1822 1067 1888 (le
1092 1821 1241 1906 Medicis,

1 1983 2 2016 p
110 1929 269 1996 Nicolaus
280 1925 402 2025 Sandri
412 1927 451 1994 de
461 1927 592 2009 Baulis,
603 1927 794 1993 Dominious
805 1925 961 1994 Bonaiuti
971 1934 1104 1995 vocatus
1114 1928 1240 2012 Darna,

1 2087 2 2092 η
110 2033 241 2102 Oechus
258 2035 387 2102 domine
402 2035 589 2121 Imperiere,
606 2035 733 2101 Bindus
760 2033 902 2102 Gentilis
934 2036 975 2102 (le
1001 2036 1241 2104 Buondelmon·

108 2145 208 2226 tibus,
224 2144 381 2212 Nicolaus
397 2144 544 2229 Rainerij
563 2145 602 2210 de
618 2144 760 2227 Peruzis,
772 2144 889 2210 Pierus
905 2144 1027 2210 Masini
1043 2145 1084 2212 de
1100 2145 1240 2230 Antilla,

108 2254 220 2322 Lucas
236 2254 370 2336 Milane,
385 2251 539 2320 Andreas
555 2251 738 2320 Bartoloris
764 2252 879 2338 Cholij,
903 2254 1132 2322 Bartolomcus
1149 2277 1241 2322 vooa·

1 2363 2 2391 ¹
109 2368 161 2428 tus
178 2359 258 2430 Meo
275 2362 328 2429 del
347 2359 479 2444 Gnosso,
496 2360 608 2428 Simon
623 2359 757 2426 Andree
773 2369 908 2429 vocatus
924 2365 1076 2442 Morello,
1094 2363 1241 2433 Domini·

1 2446 2 2513 ss
109 2495 164 2540 cus
180 2473 308 2557 Filippi
324 2478 456 2538 vocatus
472 2469 646 2538 Ghabella.

1 2565 2 2625 l
219 2579 273 2646 Ac
298 2579 394 2646 etiam
421 2579 464 2645 ad
495 2579 759 2663 promittendum,
784 2580 1040 2647 conveniendum
1064 2580 1241 2666 Magnifico

108 2689 179 2755 viro
195 2689 330 2756 domino
347 2689 371 2755 J
374 2687 495 2752 ohanni
511 2685 605 2752 Bano
630 2685 855 2752 Machoviensi
876 2686 1031 2754 Generali
1057 2689 1240 2773 capitaneo

108 2798 218 2880 gentis
234 2795 439 2864 Serenissimi
455 2794 618 2878 Principis
634 2799 668 2859 et
683 2794 816 2860 Domini
840 2792 963 2861 domini
988 2795 1142 2863 Irudovici
1167 2797 1240 2881 Dey

109 2905 219 2989 gratia
243 2903 345 2987 Regis
369 2901 525 2986 Ungarie,
551 2924 622 2967 oum
649 2903 719 2985 ipso
745 2903 874 2969 domino
901 2902 1029 2970 Karolo
1049 2903 1092 2970 ad
1108 2926 1239 2988 presens

1 3044 2 3081 i
109 3013 142 3077 in
159 3010 279 3076 Ytalia
295 3011 464 3092 existente,
481 3008 657 3093 stipulante
674 3015 707 3074 et
723 3009 900 3093 recipiente
916 3033 977 3094 pro
993 3009 1080 3077 dicto
1107 3011 1236 3078 domino

109 3119 201 3202 Rege
218 3125 251 3184 et
265 3119 333 3185 vice
349 3124 383 3183 et
397 3116 526 3183 nomine
543 3115 621 3182 dicti
639 3116 762 3181 domini
778 3116 880 3202 Regis
891 3124 1051 3201 mutuare,
1061 3125 1095 3185 et
1106 3120 1191 3204 quod
1201 3142 1241 3185 ex

1 3315 2 3320 ἵ
109 3248 210 3296 causa
226 3229 330 3293 mutui
350 3225 473 3290 dictum
490 3222 669 3291 Commune
685 3224 853 3291 Florentio
871 3226 962 3292 dabit
979 3233 1037 3292 aut
1054 3228 1126 3294 dari
1142 3228 1240 3296 faciet

1 3371 2 3434 3
108 3334 195 3402 infra
213 3335 296 3401 duos
307 3355 434 3401 menses
451 3335 599 3417 proximo
615 3337 784 3400 secuturos
801 3353 821 3399 a
842 3333 893 3400 die
910 3333 995 3401 dicte
1011 3336 1236 3418 promissionis

1 3437 2 3470 ³
108 3441 214 3510 fiendo
230 3444 264 3508 in
278 3464 392 3527 eampo
408 3441 641 3527 Ungharorum
666 3448 722 3507 ant
746 3442 780 3508 iu
805 3439 925 3508 Castro
952 3440 1108 3538 Stuggie„
1124 3450 1181 3509 aut
1206 3445 1240 3508 in

1 3543 2 3552 ’
109 3547 230 3617 Castro
246 3550 286 3616 de
302 3549 525 3631 Podiobonizi,
540 3551 588 3616 ita
603 3556 712 3617 tamen
728 3555 849 3616 etcum
866 3550 927 3617 hoc
943 3558 1048 3636 pacto,
1071 3553 1158 3635 quod
1175 3552 1241 3618 dic·

1 3704 2 3734 2
109 3663 162 3725 tus
196 3659 347 3728 dominus
373 3659 454 3743 Rex,
480 3663 538 3724 aut
563 3658 631 3724 eius
657 3657 881 3724 mandatarius
907 3657 1041 3726 idoneus
1067 3661 1240 3744 promittat

110 3774 141 3833 et
151 3769 345 3854 promittere
355 3768 474 3835 debeat
488 3789 547 3851 per
563 3766 706 3832 solemne
723 3772 756 3832 et
771 3771 971 3834 autenticum
987 3769 1237 3836 instrumentum

1 3873 2 3912 ³
109 3875 344 3944 conficiendum
361 3897 433 3941 cum
448 3875 602 3942 clausulis
619 3882 652 3940 et
668 3873 929 3942 solemnitatibus
945 3878 1113 3960 oportunis
1141 3898 1240 3943 manu

109 3983 242 4052 Notarii
258 3984 441 4051 Florentini
457 3983 544 4050 dicto
561 3980 735 4048 Communi
762 3989 819 4049 aut
844 3983 940 4050 alteri
965 4006 1024 4068 pro
1048 3986 1119 4069 ipso
1146 3986 1240 4052 Com·

1 4077 2 4158 J
109 4093 199 4160 muni
215 4093 387 4177 recipienti
405 4099 551 4177 tempore
568 4092 740 4158 solutionis
766 4091 871 4157 frende
893 4094 1066 4159 occasione
1091 4093 1240 4177 predicta

1 4191 2 4254 ἶ
110 4199 148 4266 de
165 4200 310 4269 curando
326 4206 361 4267 et
374 4199 533 4282 faciendo,
550 4207 584 4266 et
600 4200 688 4284 quod
703 4200 802 4266 faciet
818 4206 851 4267 et
867 4200 994 4267 curabit
1015 4201 1064 4265 ita
1079 4205 1112 4265 et
1128 4200 1239 4266 taliter

1 4352 2 4356 =
109 4328 182 4375 cum
198 4308 324 4394 effectu,
339 4309 427 4394 quod
443 4307 531 4374 infra
540 4330 638 4374 unum
650 4330 771 4374 annum
779 4309 926 4392 proxime
935 4313 1128 4389 secuturum,
1140 4304 1239 4374 Sane·

109 4419 252 4484 tissimus
268 4419 302 4484 in
317 4417 450 4484 Ohristo
468 4417 570 4483 Pater
581 4422 614 4483 et
623 4415 784 4483 Dominus
794 4418 941 4483 dominus
952 4415 1108 4483 Urbanus
1118 4415 1239 4483 Divino

109 4526 313 4608 providentia
339 4526 434 4610 Papa
460 4523 587 4606 Sextus,
614 4525 662 4590 vel
689 4526 756 4590 eius
782 4545 955 4607 successor,
980 4525 1182 4609 computabit
1206 4531 1240 4592 ot
