3210 5252
428 363 469 425 78
532 442 536 456 ,
780 367 1013 425 nrrrrouactrsr
1031 368 1197 426 nunaunt.

428 539 643 604 Pontificatus
671 539 875 604 Satrrctissimi
900 541 934 604 iu
960 537 1091 604 (llrristo
1118 539 1230 604 Patris
1245 561 1284 603 ac
1301 535 1436 603 Domini
1456 539 1551 603 nostri

426 645 547 712 domini
574 643 725 730 Gregorii
758 645 880 711 Diuina
912 645 1128 712 Prouidentia
1153 645 1243 729 Pape
1269 645 1439 711 Undicimi
1469 666 1551 710 anrro

427 761 554 836 quarto,
580 755 612 832 io
629 761 814 821 nostrornm
830 753 1044 820 Notariorum
1061 753 1273 820 Publicorum
1289 753 1552 837 subscriptorum,

424 861 621 945 testiumque
647 863 928 946 infrascriptarum
953 864 996 928 ad
1020 863 1079 928 heo
1098 869 1284 928 vocatorum
1319 860 1507 946 specialiter
1522 869 1552 927 et

425 975 614 1054 rogatorum
646 973 812 1054 presentia
853 971 1068 1054 personaliter
1100 972 1268 1035 constituti
1307 970 1552 1035 Illustrissimus

424 1076 582 1161 Princeps
608 1078 758 1144 dominus
775 1077 913 1145 Carolus
931 1079 993 1144 Dei
1010 1079 1120 1162 gratia
1136 1080 1338 1144 Francorum
1355 1077 1429 1144 Rex
1445 1098 1506 1161 pro
1522 1098 1552 1142 se

425 1184 699 1253 etIllustrissimo
724 1187 866 1253 Domino
892 1188 1023 1252 domino
1049 1186 1217 1252 Irndouico
1243 1185 1310 1250 filio
1337 1207 1395 1250 suo
1413 1184 1551 1250 secundo

425 1295 535 1375 genito
561 1316 600 1358 ex
625 1317 692 1360 una
718 1302 821 1378 parte,
847 1301 880 1360 et
905 1294 1101 1360 venerabilis
1117 1294 1232 1360 nobilis
1249 1299 1282 1358 et
1297 1299 1449 1378 potenter
1465 1311 1552 1356 uene⁴

424 1400 546 1464 raudus
570 1402 602 1465 in
628 1400 760 1467 Christo
785 1403 887 1468 Pater
914 1402 1063 1467 dominus
1080 1399 1266 1485 Stephanus
1292 1400 1477 1485 Episcopus
1493 1399 1551 1464 Za-

424 1506 616 1590 grabiensis,
647 1509 842 1595 Magnificus
873 1512 921 1576 vir
952 1511 1101 1576 dominus
1134 1508 1251 1574 Petrus
1292 1509 1407 1575 Zudar
1439 1509 1549 1574 Banna

425 1609 606 1697 Solanonie,
632 1622 665 1681 et
681 1623 833 1683 strenuus
850 1617 943 1683 miles
970 1619 1118 1682 dominus
1144 1615 1257 1682 Simon
1274 1615 1315 1680 de
1330 1614 1447 1696 Pedio,
1464 1613 1551 1681 Nun·

424 1723 473 1802 tii,
499 1721 766 1792 Ambassiatores
783 1735 813 1791 et
840 1727 1074 1793 Procuratores
1090 1725 1302 1791 illustrissimi
1318 1725 1483 1808 Principis
1499 1720 1551 1788 do·

423 1830 500 1894 mini
527 1829 685 1897 Ludouici
711 1833 812 1918 Regis
829 1834 1010 1918 Hungarie,
1026 1833 1170 1916 Polonie,
1196 1833 1363 1899 Dalmatis
1379 1839 1440 1897 etc.
1456 1837 1552 1916 prout

423 1935 463 2000 de
489 1943 652 2020 potestate
678 1947 710 2006 et
725 1944 951 2024 procuratorio
968 1943 1109 2026 ipsorum
1129 1941 1301 2006 constabat
1317 1963 1376 2025 per
1393 1939 1550 2024 quasdam

422 2049 570 2128 patentes
593 2046 709 2113 literas
735 2049 836 2132 ipsius
861 2048 995 2114 Domini
1016 2050 1120 2134 Regis
1148 2049 1330 2133 Hungarie,
1347 2051 1418 2113 eius
1446 2046 1550 2132 sigillo

422 2153 455 2215 in
481 2152 613 2235 pedenti
639 2177 711 2219 cum
737 2179 812 2222 cera
840 2179 963 2240 crocea,
979 2164 1015 2224 ut
1031 2161 1137 2242 prima
1153 2158 1236 2223 facie
1252 2157 1445 2241 apparebat,
1463 2155 1550 2239 sigil-

422 2258 515 2342 latas,
540 2282 648 2326 coram
673 2265 767 2330 nobis
793 2265 940 2331 Notariis
957 2275 987 2332 et
1004 2265 1145 2332 testibus
1174 2266 1365 2350 subscriptis
1392 2263 1550 2330 exhibitas

423 2374 455 2433 et
477 2377 689 2452 presentatas,
716 2394 853 2455 quarum
885 2379 979 2440 tenor
1011 2375 1146 2440 inferius
1171 2381 1221 2440 est
1247 2376 1397 2457 insertus,
1421 2371 1549 2438 nomine

422 2477 524 2560 ipsius
540 2477 661 2545 domini
687 2480 790 2564 Regis
807 2481 979 2566 Hungarie
997 2491 1028 2547 et
1044 2505 1103 2566 pro
1120 2484 1241 2565 ipsoex
1257 2482 1364 2547 altera
1379 2487 1485 2565 parte,
1502 2499 1549 2544 ro·

424 2594 647 2669 cognoueruut
671 2595 704 2653 et
729 2590 864 2657 confessi
891 2592 1081 2672 fueruntne
1099 2597 1269 2674 tractasse,
1285 2590 1503 2656 concordasse
1519 2593 1550 2652 et

421 2690 575 2776 firmasse,
616 2699 912 2782 promiseruntque,
952 2699 1234 2766 concordauerunt
1274 2705 1308 2765 et
1339 2699 1550 2764 intrauerunt

421 2805 528 2884 pacta,
552 2806 779 2871 conuentionis
804 2813 838 2872 et
861 2806 1077 2891 obligationes
1094 2828 1157 2892 que
1173 2812 1374 2890 sequuntur,
1400 2803 1549 2870 videlicet

419 2907 568 2992 prelatus
593 2913 740 2980 dominus
765 2915 838 2981 Rex
869 2916 1009 2981 Francia
1034 2918 1068 2982 in
1101 2919 1235 3001 propria
1267 2939 1325 3000 pro
1358 2937 1393 2981 se
1424 2921 1458 2980 et
1489 2932 1548 2998 pro

420 3016 552 3102 prelato
569 3019 700 3086 domino
717 3021 885 3088 Ludouico
902 3023 968 3088 filio
985 3046 1051 3106 suo,
1068 3032 1101 3091 et
1121 3023 1261 3108 predicti
1280 3023 1549 3090 Ambassiatores

421 3147 481 3208 pro
507 3125 595 3192 dicto
622 3128 750 3194 domino
766 3130 858 3215 Rege
874 3132 1048 3217 Hungarie
1068 3137 1188 3200 virtute
1205 3134 1378 3218 potcstatis
1395 3131 1457 3197 sibi
1473 3129 1549 3196 date

420 3239 453 3297 et
468 3237 595 3302 nomine
621 3241 845 3322 procuratorio
871 3241 1029 3324 predicto.
1046 3241 1184 3318 Scilicet
1202 3241 1291 3325 quod
1307 3243 1334 3306 si
1350 3241 1423 3306 Deo
1439 3247 1472 3305 et
1487 3240 1550 3306 Ec·

418 3340 514 3407 clesie
539 3344 705 3428 placuerit,
731 3349 926 3414 contrahent
951 3350 1116 3434 sponsalia
1141 3355 1173 3416 et
1200 3350 1440 3415 matrimonium
1464 3348 1551 3412 inter

419 3450 582 3534 prefatum
609 3453 775 3520 dominum
802 3457 1009 3526 Ludouicum
1037 3459 1183 3538 Francia,
1200 3465 1233 3523 et
1250 3458 1411 3524 dominnm
1429 3453 1551 3522 Cathe-

418 3558 523 3622 rinam
549 3562 798 3646 primogenitam
823 3566 922 3632 tiliam
948 3566 1068 3652 prefati
1094 3569 1215 3633 domini
1241 3567 1343 3651 Regis
1369 3567 1551 3649 Hungarie,

419 3688 491 3730 curn
508 3673 692 3749 peruenerit
708 3672 751 3735 ad
763 3673 892 3740 nubiles
912 3695 1032 3757 annos;
1049 3682 1082 3739 et
1098 3678 1202 3759 ipsam
1219 3675 1381 3740 dominam
1401 3673 1552 3739 Catharr-

419 3795 492 3839 naur
520 3798 559 3841 ex
586 3800 671 3843 nuuc
697 3781 778 3846 dant
805 3788 838 3847 et
864 3783 1044 3850 concedunt
1075 3783 1193 3868 prelati
1220 3783 1491 3849 ambassiatores
1518 3785 1550 3847 in

417 3903 570 3966 sponsam
595 3894 628 3952 et
652 3911 785 3956 uxorem
809 3891 952 3957 futurum
971 3894 1032 3977 ipsi
1050 3893 1180 3959 domino
1197 3889 1368 3958 Ludouico
1384 3893 1419 3956 in
1433 3913 1546 3976 perso·

417 4009 492 4056 nam
518 3992 596 4059 dicti
620 3996 741 4062 domini
765 3997 868 4083 Regis
889 4000 1035 4080 Francia,
1061 4009 1094 4067 et
1118 4023 1178 4085 pro
1204 4004 1273 4086 ipso
1299 4002 1490 4085 stipulantis
1517 4005 1549 4066 et

417 4105 637 4186 conspirantis,
663 4107 696 4170 iu
713 4129 790 4173 casu
806 4114 915 4174 tamen
933 4109 1021 4192 quod
1037 4133 1096 4194 per
1113 4111 1275 4194 prefatum
1298 4111 1467 4177 domiuum
1486 4107 1552 4176 Re·

418 4228 488 4291 gem
515 4209 726 4296 Francorum,
745 4217 795 4282 rel
811 4215 923 4284 ambos
950 4217 1056 4302 Reges
1083 4219 1224 4286 Francia
1242 4227 1274 4285 et
1290 4219 1462 4304 Huugarie
1480 4240 1551 4304 pre·

419 4314 523 4383 dictos
534 4323 656 4402 poterit
672 4322 712 4387 de
728 4327 911 4410 propinguo
931 4327 1072 4392 obtineri
1089 4326 1270 4396 declaratio
1287 4352 1307 4393 a
1323 4326 1448 4394 Sancta
1464 4325 1550 4394 Sede

420 4421 612 4509 Apostolica
637 4451 734 4514 super
758 4431 872 4517 Regno
890 4431 1010 4517 Sicilie,
1027 4442 1060 4500 et
1076 4433 1196 4518 Terris,
1211 4435 1346 4521 Reguis,
1362 4435 1552 4520 appenden-

416 4530 506 4598 tibus
529 4540 563 4597 et
588 4535 848 4620 dependentibus
874 4541 1046 4625 adipsum
1073 4565 1132 4626 pro
1157 4544 1283 4629 prelato
1309 4544 1443 4611 domino
1459 4543 1552 4628 Rege
