3182 5252
580 369 675 434 1384„
794 427 796 432 ,
828 425 832 432 .
1133 375 1194 436 531

166 544 344 612 Millesimo
374 547 601 612 trecentesimo
632 547 852 629 octuagesimo
876 549 986 628 tertio,
1015 549 1067 615 die
1093 571 1180 616 nouo

54 659 180 722 mensis
198 657 379 740 Februarii,
394 658 464 723 dati
481 658 602 724 luerint
618 678 676 740 per
688 656 855 724 Officiules
866 656 1004 723 (lamere
1017 643 1193 724 Frumenti

54 764 90 828 in
106 763 269 830 Rivoalto
285 788 344 850 pro
359 773 451 850 parte
469 765 637 832 solutionis
654 764 741 830 dicte
758 745 1038 832 determinationis
1064 791 1116 832 ser
1132 768 1193 832 Be-

54 873 193 939 nedicto
211 869 344 938 Altiero
355 871 567 942 Gestaldioni
583 873 707 938 domini
717 873 822 938 Ducis
840 873 949 939 ducati
963 874 1050 939 mille
1061 883 1094 940 et
1104 876 1195 960 quin7

54 983 231 1065 quaginta,
248 1003 329 1064 quos
346 982 453 1049 dictus
469 1004 521 1047 ser
538 983 737 1048 Benedictus
763 985 946 1047 numeravit
963 989 995 1046 et
1020 981 1111 1047 dedit
1126 984 1191 1048 Fa·
1273 986 1277 992 ’

52 1091 157 1156 biano
176 1092 382 1174 procuratori
400 1090 556 1155 heredum
573 1088 712 1155 Oomitis
730 1087 896 1174 Gregorii.

605 1197 676 1281 Ego
705 1195 893 1262 Anthonius
918 1198 959 1262 de
985 1197 1195 1284 Bellancinis,

494 1309 640 1374 Ecclesie
657 1307 769 1374 Sancti
786 1307 884 1373 Pauli
894 1308 1064 1374 Presbiter
1080 1315 1112 1374 et
1127 1311 1194 1376 No-

495 1417 599 1482 tarius
629 1410 854 1497 Venetiarum‚
885 1414 1066 1500 Scribaque
1097 1413 1195 1483 Ourie

493 1526 703 1606 Petitionum,
722 1527 808 1590 hane
834 1525 1136 1592 determinationem
1154 1524 1194 1591 de

139 1631 182 1718 (J
185 1635 296 1716 egyzti
307 1632 410 1717 jegy.)
495 1640 653 1716 quaterno
679 1634 843 1698 autentico
861 1630 959 1697 Ourio
983 1632 1194 1715 Petitionum,

494 1743 577 1806 siout
602 1741 695 1821 iacet,
719 1741 761 1805 ad
780 1742 1077 1823 suprascriptorum
1094 1740 1194 1807 domi·

496 1869 611 1912 norum
635 1845 792 1913 Judicum
826 1845 1025 1912 Petitionum
1058 1847 1192 1913 mauda-

495 1961 563 2020 tum
595 1957 629 2020 in
659 1953 799 2020 formam
838 1954 1003 2038 publicam
1041 1955 1194 2039 legaliter

494 2065 644 2130 relevari.

51 2213 89 2274 (A
107 2210 216 2272 »Copia
229 2209 263 2258 de
276 2209 517 2260 Commemorisll«
539 2209 629 2260 czimtl
651 2211 789 2260 celenczei
803 2209 1031 2273 tllamlrdnyvbdl
1053 2209 1130 2260 VIII.
1143 2210 1193 2260 ko-

521 2301 626 2350 ietebor
641 2304 701 2350 eoo.
715 2301 745 2362 1.)

550 2477 708 2488 —Qq--u-

51 2769 84 2834 A
98 2767 252 2833 velericzei
262 2768 534 2854 rioyytaucicsaak
544 2769 746 2848 tatarozota,
758 2770 840 2854 doqy
850 2793 870 2832 α
882 2769 1193 2855 rrioqyarueleaczea'

50 2878 184 2942 habore
219 2875 302 2940 alati
339 2877 453 2940 tertiat
486 2877 756 2942 intc'zkede'sekrb'l
791 2877 854 2940 teli
889 2878 1051 2942 kioatuloa
1082 2875 1192 2940 iratolc

384 2983 756 3068 moysemmisittesseuek.
774 2985 871 3048 1384,

41 3211 44 3216 ,
168 3139 268 3206 Anno
284 3141 646 3210 MCCCLXXXIIII.
662 3144 840 3208 indictione
853 3145 998 3226 septima,
1015 3143 1066 3206 die
1084 3143 1190 3225 primo

50 3252 179 3317 mensis
196 3251 320 3314 Martii.
335 3250 481 3336 Capta
499 3275 504 3316 :
523 3251 604 3317 Cum
621 3252 655 3316 iu
673 3258 818 3334 tempore
834 3273 950 3332 guerre
967 3271 1069 3334 nuper
1084 3254 1191 3333 prete·

49 3362 118 3426 rite
136 3380 210 3424 cum
226 3357 355 3424 domino
373 3359 464 3442 Rege
480 3359 663 3443 Hungarie‚
679 3358 703 3425 J
705 3358 911 3439 curiensibus
921 3357 1063 3422 Domino
1075 3355 1190 3422 Padue

49 3475 89 3533 et
110 3466 307 3531 Patrierelre
331 3473 365 3530 et
392 3466 542 3532 Ecclesia
566 3467 783 3551 Aquilegensi
808 3467 941 3532 fuerunt
968 3471 1062 3549 cepte
1089 3466 1190 3530 multe

50 3581 170 3660 partes
188 3582 221 3639 et
237 3575 367 3640 ordines
384 3576 416 3638 in
434 3573 581 3640 Consilio
592 3573 785 3658 Sapientum
797 3575 934 3654 Guerre,
952 3581 985 3638 et
1000 3576 1034 3639 iu
1050 3574 1191 3655 Rogatis

49 3693 89 3750 et
105 3684 224 3764 Zonta,
239 3681 281 3747 ad
298 3703 379 3764 quas
395 3689 507 3766 portes
533 3691 566 3748 et
595 3683 725 3750 ordines
752 3681 931 3748 Consilium
958 3690 1034 3748 tuuc
1062 3679 1192 3746 condes-

50 3791 168 3858 cendit
184 3796 305 3871 coaete,
322 3790 399 3855 licet
415 3814 472 3874 por
488 3789 551 3857 Dei
569 3794 711 3873 gratiam
725 3793 849 3857 nullum
867 3789 1019 3856 habuerit
1035 3789 1192 3868 effectum,

35 3909 91 3968 et
105 3899 191 3966 tales
217 3901 381 3983 scripture
406 3900 455 3964 vel
472 3905 585 3983 partes
601 3923 666 3966 non
684 3895 749 3966 sint
765 3901 831 3966 ullo
848 3901 944 3965 modo
971 3899 1109 3964 tenende
1139 3896 1190 3961 vel

49 4007 194 4093 legende
210 4029 270 4091 pro
287 4007 422 4072 infinitis
448 4006 540 4074 bonis
557 4009 777 4092 respectibus;
802 4008 891 4074 vadit
916 4029 1004 4090 pars,
1021 4005 1109 4088 quod
1134 4003 1189 4070 de·

50 4119 158 4183 beant
174 4116 244 4198 ipse
260 4123 371 4198 partes
387 4125 421 4181 et
438 4119 599 4200 scripture
618 4116 750 4198 destrui,
775 4116 948 4180 anichilari
975 4123 1008 4179 et
1033 4114 1189 4195 comburi,

53 4229 109 4293 ita
138 4223 226 4308 quod
253 4245 419 4306 nunquam
444 4226 618 4290 videantur
634 4247 692 4308 per
709 4225 837 4308 aliquos
862 4244 922 4307 pro
939 4223 1070 4288 -lronore
1088 4222 1191 4286 nostri

56 4334 217 4402 Dominii.

55 4480 96 4546 (A
121 4475 233 4526 ›misti‹
259 4478 350 4527 czimlt
374 4479 514 4529 velenczei
537 4480 717 4544 tllsmlrtinyv
740 4477 899 4529 XXXVIII.
923 4475 1065 4524 kdtetebtl
1091 4481 1149 4526 150.
1164 4478 1193 4540 l.)

547 4639 704 4650 ...ψ--..κη

1024 4670 1086 4740 34*
