3226 5258
385 355 427 416 42
740 369 968 416 orenouuczmr
988 347 1157 416 austrum.

385 529 570 596 curabimus
604 530 783 614 providere.
823 529 945 594 Datum
977 525 1139 594 Aviuione
1170 525 1277 593 idibus
1308 522 1514 604 Novembris,

386 637 598 704 Pontificatus
615 637 721 702 nostri
738 657 822 703 anno
840 637 991 702 secundo.

714 783 773 841 (XI.
789 782 907 846 Gergely
921 783 995 848 pcipe
1009 781 1194 847 regestaibol.)

929 1092 979 1151 39.

388 1252 500 1316 [datio
522 1249 631 1335 opelui
655 1251 791 1334 berczep,
818 1247 1035 1312 Goliczia'ban
1061 1251 1091 1311 Ι.
1119 1251 1218 1332 Lojos
1239 1271 1380 1336 mapyar
1397 1250 1429 1311 e's
1445 1247 1508 1310 leu-

384 1358 454 1444 pyal
470 1356 891 1442 kirdlykormsduyaopiinalc
906 1357 1119 1420 embadalmo
1138 1357 1245 1421 Tboru
1263 1361 1358 1422 oris-os
1373 1356 1511 1420 kneske·

779 1462 835 1526 dda'
852 1465 1013 1526 szdmdra.
1033 1465 1127 1528 1372.

494 1622 564 1688 Nos
590 1622 764 1688 Ladislaus
790 1620 853 1686 Dei
874 1621 988 1706 gracia
1008 1621 1081 1686 Dux
1099 1622 1292 1706 Opolieusis,
1310 1621 1514 1700 Veluuensis,

388 1730 552 1813 Terreque
578 1729 697 1796 Russie
721 1729 882 1795 Dominus
908 1736 941 1794 ct
956 1729 1074 1810 Heres,
1099 1735 1210 1796 notum
1236 1728 1372 1798 iacimus
1406 1737 1516 1796 tenore

388 1836 590 1922 presencium
605 1839 773 1919 uniuersis,
789 1836 878 1920 quod
893 1858 952 1902 nos
968 1837 1011 1902 ad
1027 1839 1221 1903 instanciam
1239 1836 1434 1903 venerabilis
1457 1839 1518 1902 viri

388 1947 510 2012 domini
537 1945 676 2010 Winrici
702 1944 857 2028 Magistri
883 1943 1059 2012 Generalis
1085 1944 1187 2010 Terre
1211 1945 1358 2025 Prussie,
1373 1945 1471 2010 amici
1487 1951 1518 2008 et

389 2053 528 2119 fautoris
554 2052 655 2119 nostri
681 2053 849 2131 carissimi,
875 2051 990 2117 damus
1017 2059 1049 2116 et
1076 2053 1280 2118 consedimus
1305 2053 1467 2118 universis
1484 2059 1516 2116 et

390 2160 526 2244 singulis
542 2160 662 2226 civibus
679 2165 713 2224 et
729 2160 963 2226 mercatoribus
980 2159 1022 2225 de
1038 2159 1173 2226 Thorun
1189 2166 1222 2224 et
1239 2158 1278 2225 de
1298 2159 1404 2225 Terra
1421 2159 1521 2224 Prus-

390 2270 436 2332 sic
461 2267 591 2350 plenam
616 2273 649 2332 et
673 2267 890 2332 omnimodam
907 2268 1117 2333 securitatem
1129 2266 1172 2333 ad
1187 2288 1246 2332 nos
1263 2268 1355 2332 etad
1371 2268 1520 2333 civitates

358 2367 362 2374 ’
390 2381 489 2460 atque
513 2382 619 2441 terras
639 2381 768 2439 nostras
783 2373 904 2440 Russie
920 2395 1018 2458 super
1032 2378 1269 2458 protectionem
1285 2381 1432 2444 nostram
1447 2394 1520 2440 cum

390 2483 484 2549 bonis
507 2483 652 2565 ipsorum
678 2487 711 2546 et
735 2480 832 2546 rebus
856 2489 955 2564 atque
970 2483 1187 2549 mercimoniis
1205 2483 1453 2566 quibuscunque
1469 2503 1519 2544 ve-

391 2588 509 2670 niendi,
533 2588 718 2672 ibidemque
743 2587 903 2668 morandi,
934 2589 1135 2671 negociandi,
1160 2596 1194 2654 et
1224 2610 1296 2654 cum
1328 2611 1518 2673 quocunque

391 2718 430 2762 ac
457 2698 702 2779 quibuscunque
722 2697 897 2778 mercandi,
916 2696 976 2762 sub
992 2697 1173 2763 theoloneis
1189 2697 1308 2764 debitis
1324 2703 1358 2762 et
1374 2699 1522 2781 antiquis

392 2811 548 2890 perpetuo
574 2805 775 2870 duraturam.
802 2801 962 2872 Volumus
987 2805 1102 2888 eciam,
1117 2812 1154 2871 ut
1169 2807 1256 2872 cives
1271 2815 1305 2871 et
1320 2813 1530 2873 mercatores.

393 2913 530 2993 predicti
557 2913 590 2976 in
616 2912 736 2977 eisdem
761 2910 960 2978 Civitatibus
986 2919 1019 2978 et
1038 2913 1135 2979 terris
1150 2916 1272 2979 nostris
1287 2935 1349 2997 pro
1366 2935 1400 2979 se
1417 2919 1451 2980 ct
1465 2913 1523 2978 bo·

392 3021 443 3084 nis
451 3019 613 3110 ipsorum,
630 3018 791 3101 rebusque
809 3025 842 3084 et
858 3020 1075 3086 mercimoniis
1092 3019 1242 3086 adductis
1260 3026 1294 3086 et
1312 3019 1523 3098 adducendis,

393 3133 459 3192 tam
486 3127 518 3190 in
545 3126 679 3192 emendo
705 3146 804 3208 quam
829 3129 862 3190 in
889 3126 1056 3193 vendendo
1073 3147 1132 3210 per
1149 3148 1183 3192 se
1201 3136 1234 3192 et
1250 3148 1308 3211 per
1324 3128 1523 3212 interpretes

394 3235 551 3298 universis
576 3241 609 3300 et
635 3231 773 3316 singulis
792 3233 928 3316 iuribus,
947 3233 1157 3300 libertatibus
1174 3240 1206 3300 et
1222 3233 1524 3312 consuetudinibus,

396 3340 479 3404 sicut
504 3336 546 3406 ab
573 3340 718 3424 antiquis
744 3339 944 3423 temporibus
963 3340 1049 3408 circa
1065 3346 1195 3407 nostros
1212 3339 1458 3426 predecessores
1475 3343 1524 3408 usi

394 3447 535 3527 luerunt,
559 3448 609 3512 ita
625 3469 708 3512 nunc
732 3452 878 3530 tempore
903 3455 1013 3514 nostro
1038 3449 1086 3513 uti
1110 3449 1253 3515 debeant
1275 3449 1377 3516 libere
1395 3455 1430 3515 et
1445 3471 1526 3533 gau-

394 3555 481 3619 dere.
507 3555 547 3618 In
574 3557 663 3620 cuius
689 3555 819 3620 evidens
841 3556 1063 3621 testimonium
1078 3556 1332 3639 firmitatemque
1347 3557 1526 3623 cerciorem

343 3713 345 3720 ,
394 3667 561 3744 presentes
587 3662 685 3728 scribi
709 3661 843 3728 fecimus
868 3665 972 3728 nostri
1000 3662 1098 3747 sigilli
1116 3663 1313 3748 appensione
1330 3663 1526 3748 assignatas.

394 3767 519 3834 Datum
543 3769 576 3834 in
603 3768 714 3836 Sanok
740 3769 823 3835 feria
848 3771 988 3836 secunda
1013 3777 1087 3854 post
1111 3770 1232 3836 festum
1251 3769 1366 3836 Sancti
1385 3769 1527 3856 Nycolai

395 3875 597 3958 confessoris,
612 3897 698 3942 anno
715 3876 849 3942 Domini
864 3875 1036 3944 millesimo
1046 3878 1272 3944 trecentesimo
1284 3879 1527 3961 septuagesimo

398 3984 548 4050 secundo.

302 4169 310 4188 .
397 4127 537 4184 (Eredetia
559 4129 741 4194 borhdrtytm
764 4129 865 4180 Lasalb
887 4129 1061 4194 herczsgnslr
1084 4131 1170 4194 saggo
1194 4130 1313 4194 peccetje
1326 4131 1414 4196 slatt3
1428 4131 1527 4182 'rhum

807 4221 889 4270 varos
901 4219 1110 4282 levtltardban.)
