3182 5252
367 319 434 384 520
716 339 950 384 nmnounenmr
969 326 1135 384 unsrun.

365 517 456 573 rum;
473 503 570 578 prout
580 495 679 560 series
692 498 979 563 instrumentorum
991 497 1031 562 de
1048 503 1081 562 et
1097 516 1192 580 super
1205 494 1507 560 hoeconfeetorum

366 602 513 668 declarat
525 609 558 668 ot
574 605 734 686 exprimit,
752 605 791 670 de
802 604 1025 686 observandis
1053 602 1256 668 ratifieaudis
1267 609 1302 671 ‚et
1318 603 1507 687 approban-

368 709 418 774 dis
436 710 557 775 eisdem
573 712 866 794 composicionibns
877 718 910 777 et
925 715 1030 797 pactis
1046 714 1079 777 in
1096 710 1190 776 dietis
1206 711 1438 775 instrumentis
1459 730 1508 772 se-

366 817 450 882 riose
466 820 665 899 expressatis
681 819 803 902 singuli
820 841 1020 886 successores
1045 817 1164 902 prefati
1191 817 1315 884 domini
1342 817 1507 883 Ludovici

366 924 442 992 olim
459 923 679 988 Illustrissimi
690 925 951 1009 Regisprestare
959 933 1112 992 tenentur
1124 948 1183 1009 pro
1194 925 1343 1008 quolibet
1353 925 1452 1008 Rege
1462 946 1510 989 se·

366 1031 429 1096 mel
444 1035 581 1110 tantum,
598 1039 717 1114 cartas,
734 1034 952 1099 instrumenta
967 1039 1001 1098 et
1010 1034 1138 1098 litteras
1148 1032 1189 1097 de
1200 1033 1413 1116 prestaoionc
1426 1031 1508 1096 dieti

362 1137 538 1222 juramenti
555 1137 764 1204 obtinendum
781 1140 1051 1224 suscipiendum,
1077 1148 1109 1204 et
1127 1139 1326 1222 generaliter
1336 1138 1379 1202 ad
1392 1140 1508 1202 omnia

366 1246 474 1310 aliaet
485 1245 614 1328 singula
625 1245 816 1328 laciendum,
828 1271 890 1331 que
907 1250 939 1312 in
956 1247 1110 1332 predictis
1127 1253 1160 1311 et
1177 1245 1370 1328 singuli8,et
1385 1245 1509 1329 depen-

366 1353 526 1428 dentibus,
537 1361 570 1416 et
579 1357 731 1419 connexis
741 1356 924 1420 necessaria
934 1355 1056 1420 fuerint
1072 1361 1104 1418 et
1115 1362 1310 1437 opportuna,
1320 1361 1355 1417 et
1365 1374 1431 1435 que
1441 1353 1510 1418 die·

365 1467 399 1526 to
411 1479 523 1525 eorum
534 1457 677 1543 Syndieo
694 1460 900 1542 videbuntur,
916 1462 1048 1527 eciamsi
1064 1461 1145 1526 talia
1162 1459 1281 1541 forent,
1293 1481 1358 1543 que
1370 1459 1510 1524 manda·

370 1574 439 1631 tum
450 1567 618 1649 exigerent
628 1568 784 1650 speciale3
802 1569 918 1635 dantes
928 1576 961 1634 et
972 1568 1186 1635 concedentes
1196 1567 1285 1632 dicto
1295 1589 1411 1632 eorum
1423 1568 1511 1651 Syn-

368 1675 440 1739 dieo
452 1681 485 1739 et
497 1676 704 1757 procuratori
714 1679 746 1741 in
755 1677 910 1760 predictis
921 1683 954 1741 et
964 1678 1051 1742 circa
1062 1675 1220 1759 predicta,
1231 1683 1264 1740 et
1274 1677 1307 1739 in
1320 1675 1510 1759 dependen-

367 1783 455 1848 tibus
480 1789 512 1846 et
528 1785 681 1848 connexis
696 1783 838 1866 plenum,
855 1784 992 1848 liberum
1018 1792 1052 1849 et
1080 1784 1231 1865 generale
1247 1783 1455 1864 mandatum,
1471 1803 1511 1849 ae

369 1890 470 1956 eciam
486 1890 638 1972 speciale,
648 1890 703 1955 ubi
719 1891 872 1975 exigitur,
889 1912 959 1955 cum
978 1890 1084 1974 plena,
1110 1889 1215 1956 libera
1230 1896 1264 1954 et
1279 1889 1433 1973 generali
1453 1891 1511 1956 ad·

367 1999 612 2062 ministraeione
629 2006 662 2064 et
679 2005 850 2081 potestate,
860 1998 1136 2080 repromittentes
1152 1997 1231 2063 mibi
1247 1999 1280 2064 N
1282 1998 1393 2064 otario
1403 1999 1511 2064 infra·

262 2127 266 2134 ·
366 2105 487 2187 scripto
506 2104 678 2187 stipulanti
695 2112 727 2170 et
743 2107 915 2190 recipienti
935 2105 1065 2171 nominc
1083 2113 1117 2170 et
1142 2106 1212 2170 viee
1228 2106 1375 2169 omnium
1392 2112 1427 2170 et
1444 2106 1510 2170 sin-

365 2211 524 2294 gulorum,
541 2234 679 2294 quorum
694 2214 830 2277 interest
845 2213 894 2277 vel
916 2214 1072 2278 iuteresse
1097 2219 1217 2295 posset,
1232 2234 1267 2276 se
1294 2211 1401 2290 firma,
1428 2219 1509 2277 rata

367 2326 400 2382 et
417 2323 514 2400 grata
530 2316 650 2383 habere
661 2325 825 2402 perpetuo,
842 2326 877 2384 ct
891 2325 1011 2399 tenere,
1027 2320 1196 2385 attendere
1212 2326 1246 2384 et
1261 2317 1453 2398 observare,
1468 2342 1510 2384 ac

367 2425 558 2507 adimplere,
585 2447 787 2509 quecumque
810 2427 918 2492 dictus
935 2449 1046 2492 eorum
1064 2426 1224 2510 Syndieus
1247 2433 1281 2490 et
1304 2435 1510 2509 procurator

368 2536 400 2598 in
417 2533 573 2616 predictis
590 2540 623 2598 et
640 2535 728 2599 eirea
744 2534 901 2617 predicta,
917 2535 999 2600 etin
1016 2533 1272 2619 dependentibus
1289 2541 1322 2598 et
1347 2537 1509 2600 connexis

367 2640 504 2705 duxerit
519 2640 677 2725 facienda,
693 2649 726 2706 et
742 2664 806 2706 non
821 2642 1044 2708 contrafacere
1069 2643 1120 2708 vel
1146 2643 1265 2722 venire,
1290 2640 1351 2706 sub
1378 2641 1509 2726 obliga·

367 2749 459 2814 eione
480 2755 512 2813 et
526 2748 688 2832 ypotheca
714 2751 856 2815 omnium
880 2750 1038 2817 bonorum
1064 2750 1254 2817 Communis
1272 2750 1510 2834 Veneeiarum,

367 2857 536 2923 mobilium
553 2865 586 2922 et
602 2857 824 2940 immobilium,
835 2862 1040 2941 presencium
1050 2867 1084 2924 et
1093 2859 1285 2925 futurorum.
1297 2859 1423 2925 Actum
1435 2858 1507 2929 Ve-

368 2966 468 3029 neeiis
483 2966 518 3029 in
534 2965 653 3030 Dueali
669 2967 807 3049 palacio.
823 2967 885 3031 stb.

797 3074 1230 3158 EgoJobannesPlumaeio
1249 3075 1336 3140 filius
1355 3098 1410 3140 ser
1422 3075 1510 3142 Ber·

796 3183 894 3246 tueeii
907 3181 946 3246 de
959 3181 1292 3266 Veneeiis,Imperiali
1302 3185 1510 3250 auctoritate

435 3285 475 3368 (J
477 3287 587 3368 egyzoi
600 3285 701 3371 jegy.)
791 3287 951 3354 Notarius
967 3295 1000 3354 et
1017 3286 1164 3354 Ducatns
1181 3288 1399 3355 Veneeiarum
1416 3287 1511 3356 Seri-

798 3394 850 3476 ba,
869 3396 1036 3479 premissis
1053 3397 1200 3462 omnibus
1217 3401 1251 3459 et
1267 3396 1406 3480 singulis
1431 3419 1510 3480 pne-

800 3524 873 3570 sens
889 3503 944 3586 fui,
959 3525 1063 3588 eaque
1080 3504 1120 3568 de
1137 3505 1292 3569 mandato
1310 3505 1431 3588 prefati
1450 3506 1509 3570 In-

798 3611 867 3675 cliti
884 3611 1006 3675 domini
1023 3610 1126 3676 Ducis
1142 3612 1256 3695 scripsi
1272 3618 1419 3696 rogatus.

369 3747 404 3806 (A
422 3747 520 3797 »hiber
533 3749 701 3798 Paetorum«
716 3751 805 3800 ezimtt
819 3752 960 3803 veleuczei
973 3753 1152 3815 allambenyv
1166 3753 1214 3803 VI.
1228 3753 1382 3818 temetum,
1398 3759 1460 3806 rol.
1473 3759 1506 3816 l.)

895 4061 968 4119 281.

562 4215 717 4281 Daedalo
732 4218 947 4282 Saracennule
960 4220 1190 4304 pdtutaaitdau.
1211 4221 1306 4284 1383.

477 4372 576 4438 Anno
593 4372 934 4441 MOCCLXXXIH.
951 4377 1128 4442 indictione
1154 4384 1255 4458 sexta,
1282 4377 1335 4442 die
1360 4377 1504 4445 XXVI.

370 4483 393 4549 J
397 4481 464 4547 ulii.
488 4479 633 4564 Capta
650 4507 655 4546 :
673 4479 769 4567 Quod
786 4483 898 4547 statim
907 4505 966 4569 per
978 4483 1057 4549 duos
1066 4482 1193 4550 veloces
1208 4505 1358 4552 cursores
1374 4485 1498 4552 scriba·
