3226 5254
560 357 561 362 ,
614 311 709 370 1380.
1161 311 1223 374 341

5 467 16 582 ζ’
92 475 126 534 ta
139 475 287 556 pecnnia,
303 479 414 546 balteo
427 488 460 546 et
479 505 565 566 aquo
584 483 762 568 spoliasset,
782 483 942 568 funusque
968 485 1015 571 (Ρ)
1044 487 1166 554 eisdem
1191 491 1224 554 in

5 585 7 680 t
93 583 173 649 rotis
184 588 392 653 conterendo.
400 587 507 675 Super
516 613 580 674 quc
591 593 744 686 tidelitati
755 600 862 658 vestre
872 593 1008 661 firmiter
1017 596 1227 680 precipiendo

5 685 7 788 l
94 690 292 774 mandamus,
319 703 483 781 quatenus
507 707 614 768 vestre
640 701 778 768 firmiter
803 703 999 786 precipendo
1025 705 1227 786 mandamus,

5 801 9 864 ξ’
95 806 264 882 quatemus
275 812 419 872 vestrum
430 809 571 876 mittatis
581 810 742 876 hominem
751 831 813 894 pro
825 811 1228 898 testimonicfidedignum,

94 929 154 990 quo
170 919 324 994 presente
341 913 510 983 Johannes
526 917 612 984 filius
622 919 647 985 J
649 919 786 984 ohannis
797 918 836 982 de
851 918 989 998 Maltha,
1006 918 1055 983 vel
1073 919 1226 988 Andreas

5 1051 7 1078 ι
95 1015 175 1084 lilius
192 1019 294 1086 Pauli
311 1021 352 1086 de
367 1021 494 1108 Bucka,
509 1031 566 1090 aut
575 1025 752 1092 Ladislaus
762 1026 848 1090 filius
860 1027 956 1092 Baxa
967 1025 1008 1092 de
1019 1025 1145 1112 Abrae,
1154 1029 1229 1114 alijs

5 1119 7 1144 ³
95 1124 282 1196 absentibus
307 1131 404 1197 homo
435 1131 570 1218 Regius,
587 1134 629 1199 ab
645 1132 792 1200 omuibus
809 1134 926 1218 quibus
943 1137 1093 1219 congruit
1108 1159 1229 1205 meram

96 1234 132 1301 dc
147 1239 317 1319 premissis
328 1242 516 1325 experiatur
526 1244 706 1324 veritatem,
719 1265 818 1328 quam
834 1243 967 1309 tandem
978 1239 1230 1314 dominonostrc

95 1341 177 1428 Regi
187 1345 331 1414 fideliter
341 1349 556 1417 rerscribatis.
566 1353 691 1418 Datum
701 1351 795 1418 Bude
806 1353 909 1418 tercio
919 1353 971 1418 die
982 1353 1057 1419 festi
1069 1353 1228 1440 Assump-

97 1453 194 1520 cicnis
210 1454 317 1522 Beate
335 1457 483 1544 Virginis
499 1481 585 1526 anno
602 1459 736 1526 Domini
753 1459 1051 1527 Mcuuaxxx.

238 1585 380 1646 (Ercdetie
393 1588 519 1652 papircn,
534 1603 551 1638 a
563 1589 657 1638 leleszi
672 1590 851 1640 lronvcntnek
862 1589 1076 1653 lereltrirtban.)

629 1879 700 1940 164.

211 2029 362 2124 Bolopna
379 2040 545 2103 rarescat
562 2065 583 2104 a
590 2041 746 2127 florencai
762 2041 981 2124 ktiztctrsusrip.
993 2042 1103 2104 '138st

311 2197 582 2265 Bononiensibus.

202 2308 342 2374 Fratres
358 2307 532 2374 karissimi.
550 2307 603 2374 Ea
619 2329 681 2392 que
698 2309 839 2375 scribitis
857 2329 912 2374 vos
929 2308 1079 2375 habuisse
1098 2329 1118 2374 a
1134 2309 1229 2394 Mag-

99 2413 191 2481 nifico
207 2415 313 2481 fratre
330 2419 444 2482 nostro
472 2416 602 2482 domino
620 2416 788 2497 Galaotto,
805 2423 958 2500 putamus
974 2438 1032 2500 per
1048 2439 1120 2482 eum
1137 2401 1228 2484 vobis

5 2563 7 2592 ,
100 2519 240 2589 fidebter
255 2525 418 2604 intimata,
443 2526 614 2608 ipsumque
631 2525 725 2608 plene
743 2526 909 2610 scripsisse
927 2548 990 2610 que
1006 2527 1105 2591 novit.
1131 2527 1228 2592 Nunc

5 2645 6 2654 ¹
101 2639 203 2697 autem
232 2653 299 2714 nos,
317 2635 372 2717 qui
398 2636 647 2719 propinquiores
674 2655 793 2718 sumna,
818 2635 997 2701 certissime
1026 2635 1229 2719 percepimus

102 2743 194 2822 atque
210 2743 340 2824 scimus,
366 2741 533 2806 dominum
557 2741 722 2808 Karclum
733 2743 803 2826 jam
820 2742 985 2806 civitatem
1004 2740 1158 2825 Eugubii,
1174 2764 1227 2808 ca-

100 2847 213 2928 piendo
242 2849 342 2934 ipsius
366 2850 614 2933 possessionem,
634 2851 851 2934 personaliter
868 2849 1050 2930 intravisse,
1067 2857 1100 2916 et
1116 2857 1228 2935 gentes

101 2952 248 3040 ngaras
275 2958 445 3024 confestim
471 2960 504 3024 in
530 2955 745 3024 Aretinorum
771 2959 978 3024 territorium
1009 2979 1228 3041 processuras,

101 3071 202 3131 erecto
213 3067 331 3134 vexillo
342 3064 513 3148 Jauuensi,
530 3071 566 3132 ut
581 3067 753 3132 videantur
763 3072 878 3131 contra
888 3064 1150 3132 Mediolanenses
1160 3065 1226 3131 Do-

102 3173 200 3242 mincs
217 3175 387 3261 proficisci.
409 3175 480 3241 Nos
506 3183 615 3240 autem
632 3175 764 3240 aliunde
781 3176 934 3240 sentimus
952 3176 1038 3257 ipsos
1055 3173 1138 3238 velle
1155 3173 1229 3238 ciui-

102 3285 209 3362 tatem,
225 3283 335 3349 Aretii
361 3305 418 3368 per
443 3289 631 3363 tractatum,
656 3304 754 3367 quem
771 3283 922 3348 continue
942 3281 1061 3347 ibidem
1078 3283 1229 3362 retinent,

5 3457 7 3486 ,
104 3411 267 3478 occupare.
284 3389 432 3476 Quorum
449 3390 676 3476 quodcumque
693 3397 858 3475 sequatur,
876 3412 934 3454 nos
951 3397 1085 3473 oportet
1101 3391 1135 3456 in
1152 3389 1227 3456 forti

5 3553 7 3588 ,
103 3497 233 3568 brachio
250 3506 360 3566 nostre
377 3500 544 3566 consulere
560 3501 715 3566 libertati».
738 3501 783 3565 Et
801 3499 842 3564 ob
859 3500 900 3582 id,
917 3499 1037 3565 fratres
1053 3499 1229 3582 karissimi,

5 3613 6 3664 ἶ
105 3605 128 3668 si
143 3613 425 3675 statnm'nostrum
444 3607 591 3692 diligitis,
606 3609 632 3672 si
648 3607 837 3673 libertatem
864 3612 1020 3687 nostram,
1037 3627 1099 3690 que
1116 3607 1227 3689 procul

105 3711 194 3782 dubio
211 3721 321 3782 vestra
337 3722 396 3797 est,
413 3717 566 3800 appetitis
578 3716 771 3794 conservari,
782 3715 955 3799 magnifica
965 3719 1074 3780 vestra
1085 3712 1231 3778 subsidia

105 3819 227 3902 placeat
251 3825 319 3890 sine
343 3845 434 3889 more
460 3823 629 3907 dispendio
646 3824 820 3889 destinare.
845 3819 1009 3908 Quoniam
1026 3824 1229 3905 properanti-

5 3957 6 3962 *
106 3927 158 3996 bus
174 3934 326 4019 gentibus
352 3934 434 4016 istis,
460 3935 542 3999 sicut
567 3934 700 4015 faciunt,
727 3934 901 3998 maximum
928 3930 1106 4014 periculum
1133 3936 1183 3996 est
1197 3931 1231 3997 in

5 4043 8 4120 l
106 4057 196 4111 mora.
224 4042 277 4109 De
303 4050 411 4110 restro
437 4045 550 4126 itaque
577 4064 741 4122 succursu,
768 4063 823 4106 vos
852 4041 969 4106 iterum
986 4045 1086 4123 atque
1102 4039 1230 4119 iterum,

5 4137 7 4184 t
108 4151 273 4217 cumulatis
289 4150 439 4235 precibus
465 4170 645 4215 exoramus.
665 4148 755 4214 Data
772 4146 941 4213 Florentie
958 4145 1010 4212 die
1028 4144 1129 4213 VIII.
1147 4143 1227 4228 Sep·

5 4245 7 4302 l
107 4259 234 4324 tembris
250 4259 316 4324 III.
332 4256 508 4324 indictione
524 4255 800 4322 MOOOLXXX.

5 4453 6 4456 Ἴ
108 4381 592 4456 (A»signori,carteggie‚n1iasive«
617 4387 667 4434 ctb.
684 4385 761 4434 XIX.
776 4383 924 4448 lstitege'bttl
948 4389 990 4432 38.
1005 4398 1040 4434 sa.
1056 4399 1090 4444 a,
1105 4398 1120 4432 a
1134 4384 1232 4434 floreu-

5 4469 7 4496 ²
494 4475 536 4525 rai
549 4490 622 4540 nngy
636 4475 834 4532 levetur-nnn.)
