3214 5250
607 421 701 494 1387.
1152 422 1216 496 639

84 608 327 673 constituerunt
352 615 579 691 procuratores
605 609 785 692 predictos;
811 609 955 676 volentes
976 610 1064 692 quod
1080 608 1135 676 illa
1152 633 1217 675 eur-

82 718 141 782 uia
159 723 193 781 et
210 715 338 801 singula
353 716 407 783 bic
421 716 648 800 intelligantur
673 715 886 800 singulariter
902 724 934 782 et
951 740 1102 802 expresse
1129 741 1217 802 repe·

81 826 157 890 tite.
184 823 365 889 (lertilicati
381 824 470 891 dicta
486 825 616 890 domina
633 825 818 909 Margarita
833 825 972 909 Regina,
987 831 1019 890 et
1035 826 1143 891 dictus
1161 826 1217 892 do·

80 933 193 998 minus
208 929 385 998 Ladizlaus
402 931 484 1014 Rea,
500 939 534 998 et
550 931 688 1016 quilibet
712 955 821 998 eorum
840 932 879 998 de
896 933 1044 998 omnibus
1061 939 1093 998 et
1110 934 1217 1017 singu-

78 1038 124 1104 lis
142 1041 384 1124 suprascriptis,
409 1045 442 1105 et
466 1040 548 1122 quid
572 1040 684 1106 dicant
700 1046 733 1105 et
750 1040 927 1124 importent
953 1049 986 1106 et
1005 1040 1217 1124 preiudioent,

72 1157 116 1220 ‚et
133 1169 195 1213 seu
211 1147 419 1231 preiudicare
444 1154 597 1232 poterant
623 1148 746 1214 eisdem
761 1147 811 1212 rel
827 1148 924 1214 alieni
940 1169 1052 1214 eorum
1068 1148 1108 1214 de
1124 1148 1150 1214 J
1151 1169 1217 1213 ure.

78 1256 136 1320 De
153 1253 273 1336 quibus
299 1255 447 1321 omnibus
472 1261 506 1320 ct
531 1253 667 1338 singulis
694 1254 784 1320 dicta
805 1255 937 1320 domina
952 1256 1137 1340 Margarita
1153 1256 1216 1322 Re·

78 1364 173 1446 gina,
183 1373 217 1427 et
233 1363 383 1428 dominus
399 1362 574 1428 Ladizlaus
592 1362 664 1427 Rex
679 1363 864 1428 nominibus
881 1361 1000 1444 quibus
1016 1385 1113 1447 supra
1123 1384 1217 1446 roga-

77 1478 203 1536 verunt
222 1491 272 1535 me
288 1470 465 1536 Notarium
483 1470 659 1536 Publicnm
684 1493 748 1537 una
774 1493 845 1536 cum
863 1472 1000 1538 testibus
1017 1469 1217 1555 subscriptis,

77 1587 120 1645 ut
147 1579 337 1646 conficerem
362 1601 463 1645 unum
487 1587 518 1644 et
543 1579 639 1663 plura
672 1579 837 1666 publicum
863 1602 921 1646 seu
944 1579 1076 1666 publica
1098 1581 1218 1646 iustru-

77 1696 207 1757 menta.

194 1795 315 1883 Actum
332 1798 367 1862 in
384 1795 504 1864 Oastro
531 1798 594 1867 Ori
612 1819 713 1882 prope
740 1795 915 1881 Neapolim
931 1797 965 1862 in
983 1817 1114 1864 camera
1129 1798 1215 1863 dicte

77 1901 216 1970 domine
231 1904 366 1989 Regiae,
391 1904 450 1969 sub
477 1925 563 1970 anno
580 1904 756 1969 indictione
773 1901 826 1969 die
842 1925 950 1970 meuse
967 1912 999 1970 et
1015 1903 1217 1970 Pontificatu

76 2012 262 2099 predictis;
285 2012 492 2096 presentibus
509 2011 629 2077 ibidem
646 2010 820 2076 Nobilibus
840 2016 873 2075 et
898 2011 1050 2095 Egregiis
1067 2013 1142 2077 viris
1159 2013 1214 2077 do-

75 2121 184 2188 minis
210 2117 340 2185 Gentile
365 2119 406 2184 de
430 2118 590 2186 Merdinis
615 2117 655 2184 de
681 2117 846 2200 Sulmone,
861 2117 1015 2184 ,Iohanne
1040 2118 1080 2184 de
1107 2118 1216 2199 Tiens,

74 2227 281 2296 Martucello
295 2226 337 2292 de
353 2225 538 2306 Bonifatiis,
550 2223 705 2292 Gamellc
717 2225 850 2309 Urilgia
869 2232 903 2290 et
919 2223 1067 2291 Antonio
1085 2225 1217 2310 Urilgia

74 2338 124 2403 de
136 2335 286 2420 Neapoli,
303 2335 467 2401 Militibus
484 2343 516 2398 et
532 2334 660 2417 Legum
675 2333 884 2416 Ductoribus
900 2342 934 2400 et
950 2356 1048 2418 qnam
1064 2333 1216 2419 pluribus

72 2445 159 2511 aliis
199 2443 336 2509 testibus
375 2443 545 2526 fidedignis
584 2443 626 2509 ad
666 2443 826 2526 premissa
867 2442 991 2508 vocatis
1032 2443 1216 2526 specialiter

73 2559 114 2618 et
133 2554 270 2635 rogatis.

626 2658 671 2724 Et
697 2657 770 2740 Ego
796 2654 965 2724 Antonius
991 2657 1077 2725 Oicci
1095 2659 1134 2723 de
1151 2659 1216 2724 Ra·

518 2765 617 2850 uerijs
648 2764 688 2829 de
722 2765 860 2831 Ciuitate
898 2765 1018 2846 Penne,
1059 2767 1216 2834 Publicus

518 2873 657 2940 ubilibet
683 2871 875 2957 Apostolica
900 2881 933 2939 et
958 2876 1126 2959 Imperiali
1142 2898 1214 2942 auc-

516 2983 650 3047 toritate
675 2983 843 3064 Notarius,
864 2982 1083 3066 predictorum
1100 3005 1213 3066 procu·

154 3089 307 3178 (Jegyzei
321 3089 424 3176 jegy.)
514 3095 619 3154 torum
646 3089 880 3170 constitutioni,
905 3111 943 3154 ac
969 3089 1117 3156 omnibus
1143 3090 1215 3156 aliis

516 3205 549 3262 et
575 3198 710 3282 singulis
736 3199 974 3283 suprascriptis,
991 3197 1068 3265 dum
1100 3200 1148 3262 sic
1179 3205 1216 3262 ut

516 3308 720 3392 premittitur
750 3314 934 3388 agerentur,
965 3306 1151 3374 dicerentur
1182 3312 1215 3371 et

516 3415 640 3496 tierent,
659 3437 724 3480 una
740 3437 810 3480 cum
828 3415 1060 3498 prenominatis
1076 3416 1215 3481 testibus

515 3544 648 3606 presens
664 3523 720 3604 fui,
732 3545 833 3608 eaque
850 3525 896 3590 sio
908 3524 976 3588 ridi
988 3521 1058 3589 fieri
1075 3529 1107 3588 et
1123 3522 1214 3588 audi-

516 3633 556 3712 vi,
572 3631 635 3698 boc
651 3651 780 3715 quoque
790 3631 953 3714 publicum
964 3631 1216 3697 instrumentum

515 3741 650 3823 propria
667 3761 764 3806 mauu
782 3740 896 3823 scripsi
913 3747 943 3803 et
962 3740 1124 3823 publicari
1144 3762 1215 3804 cum

517 3847 612 3914 solito
628 3850 719 3934 siguo
745 3869 816 3914 meo
836 3856 972 3932 rogatus
991 3855 1024 3913 et
1040 3848 1215 3931 requisitus

516 3957 549 4020 in
575 3955 670 4021 fidem
689 3962 722 4021 et
738 3957 957 4022 testimoninm
982 3957 1124 4022 omnium
1144 3978 1215 4039 pre·

517 4065 699 4131 missorum.

67 4211 228 4279 (Eredetie
242 4211 414 4274 bbrhdrtydu
437 4220 470 4259 aa
495 4209 572 4260 »Atti
593 4210 704 4273 publicu
726 4211 754 4260 di
775 4210 892 4274 uapor«
908 4209 984 4260 VIII.
1008 4209 1156 4260 kbtete'ben
1172 4213 1215 4259 44.

374 4317 410 4351 az.
425 4317 458 4363 a,
473 4318 489 4352 u
502 4301 633 4350 floreuczi
648 4315 720 4365 nagy
735 4301 928 4362 levtltarban.)

682 4461 730 4472 ιιι-1
