3226 5254
724 517 960 564 nrrnouaozmr
977 507 1143 565 suranus.

891 808 963 869 157.

366 967 393 1030 l.
411 969 513 1053 Lajos
532 990 674 1055 mngyar
691 969 724 1033 tr
741 967 865 1054 lenqyel
880 967 1091 1052 kirdlyaaka
1101 967 1259 1056 floreaezi
1274 969 1509 1058 ktztdrsaadq.

885 1077 981 1140 1380.

581 1235 667 1318 Regi
683 1234 841 1320 Ungarie.

473 1341 648 1424 Timemus,
678 1343 908 1426 benignissime
932 1341 1132 1428 Principum,
1166 1363 1205 1409 ne
1235 1345 1357 1411 totiens
1382 1343 1509 1410 audire

366 1451 517 1534 querelas
532 1459 671 1533 nostras,
689 1472 788 1536 grave
803 1450 847 1516 sit
863 1449 1058 1516 humanitati
1074 1455 1190 1534 vestre,
1216 1457 1267 1518 tot
1291 1451 1505 1536 Regnorum,

366 1566 445 1643 quot
460 1560 551 1626 vobis
563 1559 701 1625 subiecit
715 1559 836 1624 Divina
847 1557 1067 1641 Providentia,
1083 1560 1230 1642 negociis
1247 1565 1416 1645 occupate.
1433 1557 1507 1626 Sed

267 1703 269 1708 ,
366 1689 437 1732 cum
454 1668 541 1734 redit
556 1668 591 1732 in
607 1673 755 1748 mentem,
773 1673 806 1732 et
821 1688 954 1751 presens
971 1668 1154 1749 etantiqua
1170 1666 1307 1750 devotio,
1324 1689 1425 1752 quam
1451 1669 1504 1734 in·

365 1798 522 1842 concusso
538 1777 707 1860 proposito
719 1782 830 1842 nostra
840 1796 967 1859 semper
979 1775 1203 1842 Communitas
1213 1774 1323 1856 habet,
1334 1776 1453 1843 habuit
1465 1783 1503 1842 et

366 1882 500 1950 habebit
516 1883 556 1948 ad
568 1883 820 1966 gloriosissimos
836 1883 1063 1966 progenitores
1076 1888 1210 1966 vestr0s,
1229 1887 1262 1948 et
1283 1881 1504 1950 Oelsitudinis

364 1990 483 2056 Vestro
498 1992 670 2073 thronum3
686 2013 823 2075 cumque
839 1990 1007 2055 uobiscum
1023 1991 1159 2055 memori
1175 1996 1285 2055 mente
1305 1991 1499 2074 repetimus,

365 2110 490 2183 quanta
506 2099 645 2165 caritate
661 2100 704 2164 sit
721 2099 841 2167 Vestra
858 2097 1020 2183 Majestas
1035 2105 1145 2163 nostre
1162 2097 1340 2166 devotionis
1363 2105 1502 2180 statum,

365 2209 559 2291 quantisque
576 2207 740 2274 favoribus
756 2214 945 2292 prosecuta3
960 2206 1047 2291 fugit
1060 2206 1116 2272 ille
1129 2206 1322 2272 vanissimus
1338 2209 1447 2285 timor,
1463 2213 1503 2271 et

365 2315 453 2381 subit
470 2317 626 2381 immensa
643 2317 810 2395 securitas,
825 2313 912 2400 quod
927 2315 1124 2380 humilitatis
1150 2321 1260 2379 nostre
1275 2315 1357 2399 justi
1375 2313 1500 2379 clamo·

364 2446 417 2489 res
443 2425 681 2508 patientissime
696 2446 754 2509 per
772 2422 1012 2489 sublimitatem
1027 2421 1167 2508 Regiam
1186 2421 1373 2489 aulientur.
1390 2423 1438 2488 Et
1454 2444 1498 2488 eo

364 2533 476 2616 magis,
493 2533 581 2614 quod
597 2537 662 2597 tam
675 2529 852 2597 Serenitati
867 2529 996 2614 Vestre,
1012 2551 1111 2614 quam
1128 2531 1252 2596 cunctis
1267 2529 1300 2594 in
1316 2530 1395 2595 orbe
1410 2551 1501 2594 mor-

364 2639 487 2705 talibus
504 2646 614 2706 notum
633 2646 692 2719 est,
708 2637 888 2704 Commune
898 2637 1066 2704 Florentio
1087 2644 1161 2722 post
1177 2638 1284 2703 Deum
1296 2638 1330 2702 in
1340 2639 1438 2703 terris
1448 2639 1502 2703 ni-

364 2746 429 2811 ohil
444 2768 587 2832 unquam
597 2747 798 2812 reverentius
809 2745 954 2826 coluisse,
965 2766 1062 2827 quam
1074 2743 1274 2811 Altitudinis
1285 2745 1405 2814 Vestre
1416 2743 1499 2811 Oul-

364 2877 446 2935 men,
462 2863 494 2920 et
510 2875 629 2937 omneS,
640 2857 696 2939 qui
709 2855 747 2920 de
757 2855 844 2920 illius
854 2875 980 2938 semper
998 2852 1091 2919 nobis
1110 2875 1181 2919 cum
1198 2854 1380 2919 reverentia
1391 2855 1499 2918 nomi·

364 2963 434 3028 nati
445 2963 608 3048 Principis
625 2955 745 3030 Karoli
756 2963 853 3048 primi
863 2963 888 3029 J
889 2961 1071 3027 herusalem
1082 2967 1116 3026 et
1127 2960 1239 3026 Sicilie
1250 2961 1351 3044 Regis
1362 2962 1495 3046 semine,

365 3071 450 3137 unde
465 3074 566 3138 totius
583 3074 682 3138 vestri
698 3073 924 3157 gloriosissimi
942 3071 1109 3154 sauguinis
1119 3070 1290 3136 descendit
1301 3071 1411 3151 series,
1422 3093 1496 3155 pro-

364 3187 539 3261 pagantur.
556 3178 639 3247 Cum
657 3181 754 3246 fateri
769 3202 828 3247 nos
844 3186 1004 3264 oporteat,
1020 3179 1197 3246 Civitatem
1215 3178 1299 3245 hanc
1324 3201 1390 3244 non
1416 3179 1493 3246 Flo·

364 3285 534 3368 rentinam,
560 3285 618 3352 sed
643 3287 781 3372 Regiam
807 3288 849 3354 ab
874 3288 991 3353 iuotito
1015 3286 1253 3353 recordationis
1279 3285 1496 3370 Imperatoris

365 3393 486 3459 Karoli
518 3395 635 3477 Magni
667 3395 835 3460 clementia
853 3401 1050 3478 reparatam,
1082 3394 1294 3460 reformatam
1319 3415 1339 3459 a
1362 3393 1496 3460 Karolo

363 3501 478 3585 primo,
494 3507 528 3566 et
542 3523 563 3566 a
579 3500 762 3567 serenitate
780 3501 911 3582 Vestra,
927 3522 967 3568 ac
984 3503 1102 3568 ceteris
1119 3524 1159 3567 ex
1176 3501 1292 3568 eodem
1309 3523 1403 3567 sacro
1420 3523 1494 3568 san·

363 3609 461 3692 guine
492 3608 759 3675 descendentibus
791 3617 1026 3675 conservatam.
1057 3607 1103 3675 Et
1128 3616 1165 3676 ut
1198 3609 1242 3675 ad
1274 3610 1496 3693 querimonias

363 3738 444 3802 quas
460 3716 666 3799 intendimus,
681 3717 863 3799 veniamus;
889 3719 976 3800 cogit
1000 3739 1070 3794 nos,
1086 3717 1215 3799 Regum
1232 3717 1496 3798 clementissime,

363 3846 516 3908 perversa
541 3825 696 3908 iniquitas
722 3833 754 3890 et
778 3825 891 3909 iniqua
915 3826 1110 3909 perversitas
1133 3824 1255 3890 domiui
1278 3824 1438 3891 Jannotti
1453 3825 1495 3890 de

365 3931 608 4014 Prothoiudice,
640 3934 696 4015 qui
728 3954 762 3998 se
802 3933 1093 3999 Locumtenantem
1125 3934 1271 4018 appellat
1310 3931 1493 4001 Clarissimi

364 4041 527 4126 Principis
554 4041 675 4108 domini
691 4041 812 4108 Karoli
829 4043 869 4107 de
886 4041 1063 4125 Dyrachio,
1080 4063 1181 4108 novas
1202 4043 1353 4127 querelas
1378 4065 1495 4128 expro-

362 4170 459 4230 mere,
475 4155 509 4215 et
525 4149 725 4216 auditionem
740 4150 882 4234 Regiam
907 4151 1018 4216 mestis
1034 4149 1319 4234 conquestionibus
1342 4151 1494 4235 fatigare.

363 4257 429 4322 Hic
446 4257 530 4323 enim
557 4258 706 4325 dominus
722 4260 919 4340 Jannoctus,
936 4259 1029 4340 quasi
1057 4258 1223 4342 quoddam
1247 4257 1358 4325 furens
1384 4261 1494 4326 ineen-

364 4364 460 4446 dium,
477 4365 654 4450 Divinique
670 4373 703 4431 et
718 4366 851 4432 humani
866 4366 890 4433 J
892 4365 960 4430 uris
975 4365 1259 4432 manifestissimus
1271 4367 1420 4452 violator,
1434 4369 1494 4433 im-

361 4493 495 4556 memor,
510 4474 575 4538 imo
593 4475 765 4558 spontanei
779 4475 956 4560 juramenti
972 4480 1207 4558 transgressor,
1225 4474 1312 4557 qnod
1323 4476 1357 4541 in
1367 4477 1493 4560 magni·

362 4580 497 4647 ficorum
512 4581 652 4648 fratrum
668 4589 857 4650 nostrorum
872 4583 1127 4649 Bononiensium
1155 4582 1302 4649 manibus
1327 4583 1368 4649 de
1394 4583 1493 4650 Com-

361 4709 457 4755 mune
473 4695 622 4757 nostrum
637 4712 702 4758 non
718 4690 910 4758 offendendo
926 4691 1138 4776 prestiterat,
1163 4695 1338 4775 postquam
1364 4689 1404 4757 de
1422 4691 1487 4759 Bo·
