3226 5254
602 416 696 476 13811.

618 719 690 780 181.

16 871 22 984 ζ
99 873 600 966 1111111111Κάνοῑῃᾶωαικοί
626 882 752 966 kercaeq
777 882 809 945 11
835 905 856 946 a
880 882 1030 964 florescat
1047 885 1211 950 111111111-

215 990 273 1072 adp
289 987 367 1052 ledat.
396 989 567 1052 Durazzoi
583 987 778 1072 Kdrolynak
795 989 966 1076 okmdrryo.
985 993 1079 1056 1380.

190 1143 231 1208 In
247 1147 312 1212 Dei
330 1147 459 1213 nomine
476 1145 594 1213 Amen.
621 1144 722 1212 Anno
738 1145 780 1213 ab
806 1149 875 1212 'eius
891 1148 1124 1216 Incarnatione
1141 1151 1211 1215 mil-

16 1269 18 1302 (
95 1247 196 1317 lesimo
206 1256 434 1322 trecentesimo
446 1253 700 1340 (octuagesimo)
712 1255 889 1321 indictione
901 1267 1020 1342 quarta
1036 1259 1211 1324 secundum

16 1361 18 1410 l
94 1377 209 1425 cursum
226 1369 256 1427 et
281 1362 545 1429 consuetudinem
563 1361 778 1428 Notariorum
796 1361 947 1430 Civitatis
973 1366 1141 1432 Florentie
1158 1366 1210 1430 die

16 1435 21 1498 l
94 1487 167 1531 nono
183 1472 300 1536 mensis
315 1469 489 1552 Octubris;
520 1479 667 1555 tempore
686 1469 889 1537 Sanctissimi
906 1475 939 1537 in
951 1473 1083 1538 Christo
1100 1473 1210 1542 Patris

16 1597 17 1610 ¹
94 1579 120 1636 et
134 1575 259 1644 Domini
276 1581 379 1644 nostri
395 1579 518 1645 domini
538 1579 666 1645 Urbani
682 1579 803 1645 Divina
828 1580 1018 1662 providente
1038 1581 1208 1646 elementia

93 1678 174 1764 Papo
189 1683 290 1751 Sexti.
315 1685 439 1754 Actum
464 1690 497 1753 in
524 1686 694 1753 Comitatu
710 1687 861 1754 Civitatis
879 1685 1036 1753 Senarum
1063 1689 1096 1753 in
1122 1687 1209 1769 villa,

94 1807 149 1868 que
164 1793 290 1876 vulgari
308 1815 454 1862 sermone
480 1801 686 1879 nuncupatur
712 1794 841 1876 Strova,
857 1796 889 1859 in
907 1796 1003 1860 domo
1031 1797 1207 1862 residentie

16 1915 19 2000 f
92 1895 281 1985 infrascripti
307 1904 430 1969 domini
462 1905 591 1986 Karoli‚
614 1903 820 1987 presentibus
845 1903 983 1968 testibus
1007 1905 1150 1987 providis
1176 1913 1208 1968 et

16 2035 18 2072 1
91 2006 321 2094 circumspectis
338 2013 416 2077 viris
433 2013 475 2078 ad
491 2013 551 2077 hec
566 2013 699 2094 vocatis,
709 2011 896 2095 habitisque
913 2014 1046 2095 rogatis,
1057 2012 1208 2077 videlicet

16 2205 18 2212 Ι
87 2113 205 2183 domino
223 2117 377 2187 Ghinello
392 2121 509 2186 Riessa
520 2121 559 2186 de
570 2119 718 2204 Neapoli,
729 2120 859 2185 domino
870 2119 1111 2186 Baldaxaredo
1127 2119 1206 2203 Spi-

16 2227 18 2256 ¹
89 2223 166 2286 nolis
181 2224 219 2290 de
239 2223 360 2308 Janua,
379 2229 509 2293 domino
532 2227 677 2292 Marsilio
694 2224 992 2293 deGonfaioneriis
1017 2227 1057 2294 de
1083 2228 1207 2308 Brixia,

88 2329 208 2398 domino
224 2333 378 2401 Johanne
394 2337 419 2403 J
421 2337 594 2420 urisperito
611 2335 733 2400 domini
750 2334 908 2417 Herrighi
926 2335 966 2400 de
978 2335 1207 2418 Regio‚Fran·

87 2439 186 2505 cischo
204 2441 317 2509 Luchs
334 2444 373 2510 de
390 2441 484 2509 Senis
509 2444 621 2528 populi
638 2442 751 2508 Sancti
778 2441 872 2507 Petri
888 2444 928 2508 de
945 2443 1065 2509 Castro
1082 2443 1207 2516 Veteri,

16 2597 18 2654 ,
86 2548 206 2632 Angelo
232 2549 334 2617 Ghini
360 2550 510 2618 Schiaote
527 2551 640 2635 populi
657 2549 770 2616 Sancti
786 2550 811 2616 J
812 2549 948 2615 ohannis
965 2553 1103 2616 tertierii
1121 2549 1206 2616 Civi-

16 2659 18 2752 j
85 2656 156 2720 tatis
180 2656 349 2743 Senatum,
365 2667 397 2725 et
413 2682 465 2724 ser
481 2659 587 2743 Ligho
603 2658 772 2724 Francisoi
788 2657 828 2722 de
854 2659 940 2724 Loro
957 2659 1068 2743 populi
1087 2658 1206 2726 Sancte

85 2761 184 2833 Marie
199 2769 232 2833 in
250 2789 365 2853 campo
381 2769 421 2834 de
438 2769 608 2835 Florentia
624 2775 683 2834 etc.

186 2875 240 2940 Ad
257 2877 389 2942 laudem
406 2884 438 2942 11
454 2876 666 2941 reverentiam
688 2874 900 2942 Sanctissime
926 2873 1108 2957 Trinitatis,
1126 2873 1204 2942 (1111-

16 3001 18 3070 3
83 2981 225 3067 rioseque
242 2983 350 3049 Mario
367 3003 494 3068 semper
510 2981 658 3067 Virginis
669 2984 783 3048 matris
793 2983 818 3049 J
820 3003 875 3047 esu
886 2979 1019 3063 Christi,
1036 3005 1075 3047 ac
1087 2982 1205 3065 glorio-

84 3091 108 3152 si
123 3088 291 3158 Patriaroe
308 3090 421 3158 Sancti
436 3093 461 3159 J
463 3091 601 3158 ohannis
625 3091 788 3174 Baptista,
806 3100 839 3154 et
856 3089 1037 3156 Beatorum
1056 3088 1202 3173 Aposto-

83 3193 178 3262 lorum
198 3199 289 3265 Petri
316 3205 349 3264 et
374 3201 481 3280 Pauli,
498 3204 531 3265 et
546 3202 647 3265 totius
674 3195 813 3264 Celestis
830 3197 941 3264 Curtis
958 3197 1202 3282 triumphantis.

16 3373 18 3394 ,
83 3300 286 3373 Clarissimus
303 3309 462 3393 Princeps
487 3309 635 3374 dominus
654 3305 801 3372 Karolus
819 3307 859 3370 de
886 3305 1027 3372 Duratio
1044 3327 1084 3370 ex
1109 3313 1201 3390 parte

82 3432 149 3492 nna,
165 3423 197 3478 et
213 3416 337 3481 nobiles
354 3424 387 3480 et
404 3417 528 3500 egregii
544 3415 669 3480 Milites
687 3414 834 3478 dominus
845 3413 969 3478 Rossus
986 3413 1151 3478 Ricciardi
1164 3414 1202 3477 (11

16 3563 17 3610 ζ
81 3515 193 3606 Rieeis,
209 3530 243 3588 et
258 3523 409 3590 dominus
426 3523 581 3590 Beotinus
598 3522 720 3588 domini
748 3519 888 3586 Coronis
905 3521 944 3586 de
961 3519 1155 3601 Coronibus,
1172 3530 1204 3586 et

81 3631 248 3710 prudentes
266 3635 328 3698 viri
344 3633 514 3716 Jaohopus
531 3631 683 3697 Michelis
712 3630 752 3695 de
778 3628 898 3711 Rosso,
916 3636 949 3694 et
966 3629 1122 3696 Silvester
1144 3631 1170 3697 J
1172 3653 1204 3695 ο-

80 3733 190 3805 hannis
201 3739 418 3820 Cortenuova,
428 3741 513 3805 cives
523 3737 735 3805 honorabiles
745 3737 939 3820 Florentini,
949 3735 1204 3802 Ambaxintoros

16 3893 17 3896 ,
80 3865 117 3908 ac
131 3843 253 3914 Sindici
274 3847 465 3914 Communis
491 3848 667 3926 Florentia,
688 3852 720 3910 et
736 3846 805 3910 vice
830 3852 862 3910 et
887 3845 1016 3909 nomine
1034 3843 1152 3928 Populi
1169 3852 1202 3910 et

80 3947 262 4022 Communis
279 3955 456 4038 Florentia,
474 3956 631 4021 habentes
651 3953 839 4046 mandatum
851 3973 870 4018 a
881 3953 1019 4017 dominis
1030 3952 1201 4017 Prioribus

16 4083 17 4088 ¹
77 4057 205 4128 Artium
222 4070 256 4130 et
271 4063 465 4131 Vexiliil'oro
483 4063 630 4144 Jnstitie,
641 4060 930 4128 etGonialoneriis
942 4057 1150 4142 Sotietatum,
1168 4068 1201 4125 11

78 4163 243 4237 duodecim
269 4173 361 4237 bonis
386 4173 462 4238 viris
489 4171 607 4254 Populi
623 4175 655 4234 et
672 4168 859 4235 Communis
885 4167 1062 4247 Florentia
1087 4168 1202 4234 infras-

79 4277 178 4359 cripta
195 4281 303 4345 omnia
319 4281 468 4361 faciendi,
484 4281 524 4345 de
542 4301 605 4362 quo
622 4277 775 4343 mandato
800 4282 929 4341 constat
945 4297 1042 4341 manu
1058 4277 1120 4339 mei
1136 4275 1202 4342 No·

78 4385 153 4448 tarii
167 4387 375 4472 infrascripti,
391 4410 430 4452 ex
445 4394 539 4472 parte
556 4387 631 4451 alia.
653 4383 830 4468 Cupientes
857 4391 1046 4449 aumentare
1071 4390 1104 4447 et
1129 4406 1201 4468 per-

76 4487 187 4559 fectius
218 4519 256 4560 ac
289 4497 422 4561 solidius
455 4516 648 4560 conservare
689 4495 847 4558 sinceram
882 4492 1086 4556 dilectionem
1121 4514 1201 4576 erga

77 4595 251 4667 Commune
268 4603 434 4668 Florentie
452 4602 655 4669 Serenissimi
672 4601 834 4683 Principis
861 4606 893 4663 et
918 4598 1052 4662 Domini
1078 4599 1202 4664 domini

1033 4705 1093 4774 24*
