3172 5254
393 365 456 434 144
737 383 967 436 rrrr‘uonnrmm
988 377 1155 438 mineus-tn.

391 549 481 628 digni
506 551 539 612 in
565 550 661 614 terris
688 551 837 628 gerimus,
864 551 906 613 ad
933 551 1171 633 pracilicmulunr
1198 555 1299 616 toturn
1326 551 1462 614 ltaliam
1478 549 1514 613 sd

389 657 468 722 istas
483 661 596 738 partes
612 678 684 721 cunr
702 659 827 738 irragnis
843 657 1110 724 tribulationibus
1126 679 1164 722 ac
1181 658 1333 740 periculis
1350 663 1384 722 et
1400 677 1517 740 expen-

390 765 434 828 sis
451 765 654 845 accessimus,
671 771 707 828 ut
723 765 829 829 eidem
850 765 997 831 Ecclesic
1014 773 1047 831 et
1063 765 1124 830 tibi
1141 767 1269 830 nomine
1286 772 1397 829 nostro
1415 787 1516 849 recep·

389 879 463 937 turo
491 873 612 939 vellent
638 874 811 940 secundnm
830 896 940 939 eorum
966 875 1138 942 facultates
1164 874 1305 940 libenter
1322 881 1352 938 et
1369 875 1519 954 celeriter,

389 1001 428 1044 ao
453 980 565 1046 taliter
590 980 772 1062 subuenire,
799 981 884 1066 quod
911 984 955 1047 eis
971 989 1156 1048 teneremur
1172 987 1284 1065 grates
1310 981 1440 1048 debitas
1456 982 1520 1047 red-

390 1088 476 1170 dere,
501 1089 656 1173 ipsosque
681 1089 834 1172 prosequi
861 1089 1029 1155 sanioribus
1054 1090 1218 1172 gratiosis,
1235 1097 1333 1172 prout
1349 1092 1383 1154 in
1400 1089 1517 1156 eisdem

388 1196 508 1260 litteris
524 1197 650 1278 plenius
667 1197 859 1262 continetur.
879 1195 1003 1263 Verum
1019 1199 1054 1280 si,
1072 1197 1159 1281 quod
1176 1197 1271 1277 absit,
1289 1196 1385 1262 iidem
1403 1197 1515 1262 Archi-

389 1305 531 1388 episcopi
556 1313 653 1388 atque
678 1301 805 1369 Prolati
823 1311 856 1370 et
871 1327 1010 1388 porsoue
1036 1305 1250 1371 ecclesiastice
1272 1307 1362 1370 iuxta
1379 1327 1455 1371 suas
1471 1304 1513 1370 fa-

389 1412 528 1477 cultates
545 1431 579 1476 se
596 1411 771 1477 redderent
786 1412 936 1479 difficiles
952 1420 983 1477 et
1000 1415 1159 1494 ingratos,
1175 1433 1234 1476 nos
1251 1435 1362 1477 eorum
1388 1413 1518 1496 ingrati·

391 1521 535 1587 tudinem
560 1523 704 1588 tolerare
726 1525 882 1605 nolentes
899 1530 931 1589 et
949 1523 1134 1588 necessitati
1152 1525 1290 1587 maxime
1307 1521 1393 1588 dicte
1410 1521 1518 1588 Eccle-

389 1631 435 1692 sie
452 1651 568 1714 sponse
586 1637 693 1695 nostre
711 1631 881 1696 subvenire
892 1629 1011 1695 debitis
1029 1631 1179 1694 remediis
1196 1631 1380 1713 cupientes:
1405 1630 1517 1697 fratcr·

390 1738 487 1803 nitati
504 1744 568 1817 tue,
586 1739 624 1803 de
642 1759 708 1821 qua
725 1741 758 1802 in
774 1738 837 1802 hiis
855 1745 888 1802 et
904 1738 978 1803 aliis
995 1740 1138 1820 gerimus
1155 1739 1187 1802 in
1203 1739 1344 1802 Domino
1370 1737 1516 1802 fiduciam

389 1846 571 1929 specialem,
598 1867 658 1929 per
683 1845 880 1928 Apostolica
906 1847 1026 1929 scripta
1060 1845 1292 1910 committimus
1324 1852 1358 1909 et
1390 1844 1518 1910 manda·

390 1975 470 2034 mus,
496 1960 657 2038 quatenus
686 1954 762 2036 ipsis
788 1952 931 2017 Prelatis
950 1959 982 2017 et
999 1952 1224 2017 ecclesiasticis
1252 1953 1412 2034 personis,
1428 1952 1515 2017 simul

309 2093 312 2100 ·
387 2064 437 2126 rel
464 2061 592 2126 diuisim
619 2061 809 2142 convocatis,
826 2061 987 2144 precipias
1004 2066 1037 2126 et
1052 2061 1216 2142 iniungas,
1233 2067 1266 2125 rt
1283 2059 1367 2125 infra
1395 2069 1514 2126 certum

386 2173 560 2236 terminum
576 2171 831 2254 peremptorium
858 2191 917 2252 per
942 2175 975 2233 te
1002 2168 1223 2254 prefigendunr
1250 2169 1381 2250 eisdem,
1414 2176 1513 2235 certas

387 2281 523 2363 pecunie
548 2301 699 2360 summae,
730 2301 811 2362 quas
837 2279 882 2343 eis
910 2286 942 2343 et
968 2277 1102 2343 cuilibet
1129 2299 1240 2342 eorum
1267 2281 1357 2342 iusta
1384 2300 1512 2344 suarum

388 2387 609 2470 predictarum
637 2388 872 2470 suppetentianr
900 2384 1092 2452 facultatum
1118 2387 1264 2469 imponas
1291 2392 1323 2450 et
1347 2395 1450 2466 taxes,
1466 2384 1512 2447 rel

388 2516 484 2578 super
495 2497 556 2561 hiis
567 2517 742 2578 componas
760 2515 831 2558 cnm
849 2494 901 2576 eie,
918 2503 1017 2576 prout
1032 2495 1090 2557 tibi
1110 2491 1273 2559 ridebitur
1289 2495 1407 2559 melius
1423 2515 1513 2576 expe

387 2605 464 2684 dire,
491 2627 586 2688 super
614 2604 732 2687 quibus
757 2611 849 2667 tuam
865 2603 1094 2667 conscientiam
1113 2623 1303 2682 oneramus,
1320 2603 1445 2686 tibique
1463 2624 1514 2666 seu

386 2711 459 2776 aliis
485 2735 542 2796 per
568 2719 601 2777 te
626 2712 823 2795 deputandis
841 2713 968 2776 nomine
993 2717 1104 2775 nostro
1131 2709 1512 2795 recepturishuiusmodi

388 2840 539 2903 summas,
556 2821 724 2902 assignare
741 2825 773 2883 ot
788 2815 919 2883 tradere
936 2819 1005 2883 sine
1022 2817 1213 2884 difficultate
1228 2827 1426 2901 procurent3
1445 2840 1515 2884 rou·

386 2926 584 2994 tradictores
604 2929 823 3010 cuiuscunque
835 2932 950 3010 status,
965 2925 1095 3010 gradus,
1112 2925 1237 2992 ordinis
1253 2928 1303 2992 rel
1319 2927 1514 2992 conditionis

387 3036 538 3116 existant,
554 3037 681 3100 etiamsi
698 3034 883 3100 Pontificali
900 3036 950 3099 vel
961 3034 1133 3118 qualilibet
1148 3034 1214 3100 alia
1229 3037 1449 3102 ecelesiastica
1468 3033 1515 3098 sel

384 3146 550 3210 nrrrndana
574 3143 782 3230 prefulgeant
806 3143 975 3226 dignitate,
1000 3146 1197 3210 auctoritate
1222 3151 1336 3210 nostra
1362 3167 1420 3229 per
1446 3165 1514 3209 eeu·

386 3273 494 3317 suram
504 3251 765 3330 ecclesiasticam,
782 3258 814 3316 et
829 3271 887 3336 per
903 3254 1188 3336 sequestrationem
1206 3251 1367 3317 bonorum
1384 3273 1514 3319 snorum

383 3360 684 3434 ecelesiasticorum,
695 3367 728 3425 et
738 3359 804 3425 alia
814 3365 976 3443 oportuna
986 3361 1136 3444 ronedia,
1153 3360 1344 3445 simpliciter
1356 3369 1389 3426 et
1400 3362 1439 3426 de
1450 3361 1516 3442 pla·

385 3488 435 3547 no,
447 3467 514 3531 sine
526 3470 666 3550 strepitu
682 3475 716 3534 et
732 3467 838 3551 figura
854 3467 878 3531 J
881 3469 987 3550 ndieii,
1005 3463 1224 3552 appellatione
1240 3471 1423 3551 postposita
1433 3491 1516 3532 conr-

385 3574 562 3660 pescendo;
586 3574 765 3641 invocando
777 3576 819 3641 ad
830 3577 898 3652 hoe,
910 3577 935 3638 si
953 3597 1033 3660 opus
1049 3577 1156 3656 frieril,
1172 3577 1293 3642 anxilio
1310 3575 1418 3641 brabii
1429 3597 1516 3640 seon·

383 3683 472 3747 laris.
490 3679 564 3748 Nou
582 3683 797 3764 obstantibus,
815 3689 882 3747 tam
894 3682 996 3748 felicis
1008 3681 1416 3750 recordationisBouifaeii
1427 3683 1515 3765 Pape.

385 3789 486 3858 VHI.
513 3789 749 3873 predecessoris
775 3793 876 3855 nostri
897 3798 956 3856 etc.
976 3789 1099 3856 Datum
1115 3789 1220 3854 Rome
1246 3789 1332 3874 apud
1359 3789 1514 3856 Sanctum

384 3899 522 3963 Petrum
549 3899 613 3964 ΙΙΙ.
640 3919 744 3963 nonas
765 3897 889 3977 Martii,
909 3898 1124 3962 Pontificatus
1141 3898 1244 3962 nostri
1262 3917 1348 3962 anno
1370 3901 1516 3980 septimo.

491 4006 564 4091 III)
590 4005 771 4090 Gregorius
803 4007 987 4089 Episcopus
1013 4012 1071 4070 etc.
1103 4003 1281 4070 venerabili
1307 4004 1404 4070 fratri
1431 4006 1510 4071 Ber-

383 4115 486 4180 nardo
512 4115 679 4200 Episcopo
704 4114 916 4195 Bononiensi,
941 4113 1132 4197 Apostolice
1159 4112 1252 4178 Sedis
1279 4115 1409 4180 Nuncio
1426 4114 1512 4178 saln-

382 4229 446 4287 tem
464 4230 521 4288 etc.
540 4223 631 4302 Cum,
648 4229 747 4304 prout
763 4228 812 4286 est
828 4223 1000 4304 notorium,
1015 4222 1166 4286 Romana
1182 4223 1330 4286 Ecclesia
1348 4243 1408 4305 pro
1426 4243 1514 4286 reen-

382 4333 549 4412 peratione
576 4329 804 4395 nonnullarum
832 4351 963 4394 suarum
980 4338 1141 4395 terrarum
1158 4353 1177 4394 a
1194 4329 1359 4395 nonnullis
1376 4332 1515 4396 tirannis

383 4447 415 4504 et
441 4440 513 4504 aliis
539 4445 778 4523 occupatarum,
811 4461 849 4504 ac
881 4438 1064 4504 defensione
1090 4439 1237 4520 aliarum,
1264 4459 1325 4522 que
1354 4441 1385 4503 in
1412 4440 1514 4522 ipsius

384 4548 528 4613 Ecclesie
554 4548 737 4614 obedientia
763 4555 995 4628 rernanserrurt,
1022 4549 1149 4628 nragnis
1175 4555 1343 4630 prrematnr
1360 4545 1513 4613 oneribus
