3182 5252
736 315 969 402 irrttotfnctmr
989 335 1155 404 sutrinse.

910 648 984 709 279.

338 831 343 838 ·
381 801 411 867 A
438 805 590 867 velerrczei
614 805 885 890 napyfuoa'csaofc
911 803 1208 889 Mapyarorschpba
1226 803 1393 867 caluendo
1410 804 1508 867 kbcete
1578 881 1580 904 ἰ

673 909 904 975 urasiatsunat
921 909 1113 997 tu'rpyriban.
1131 910 1228 973 1383.
1579 905 1580 918 ¹

489 1069 588 1136 Anno
639 1068 977 1136 MOOCLXXXHL
1028 1069 1081 1134 dei
1123 1077 1213 1134 sexto
1256 1071 1379 1135 mensis
1422 1069 1512 1136 Julii.

383 1178 552 1259 Capta:
569 1177 664 1262 Quod
682 1177 741 1242 fiat
769 1179 919 1244 comissio
936 1177 1039 1242 nobili
1064 1177 1134 1242 viro
1150 1199 1202 1243 ser
1228 1176 1398 1243 Saraceno
1424 1177 1510 1242 Dan·

384 1286 460 1351 dulo
490 1285 710 1351 Ambaxatori
737 1292 848 1351 nostro
873 1287 962 1351 ituro
988 1284 1030 1350 ad
1054 1291 1166 1368 partes
1193 1285 1369 1370 Hungarie
1396 1286 1431 1350 in
1459 1286 1513 1350 hac

384 1393 498 1476 forma,
514 1394 666 1459 videlicet
682 1421 689 1459 :
708 1395 794 1476 quod
811 1415 882 1459 cum
899 1394 1005 1459 literis
1020 1395 1141 1458 uostris
1158 1394 1366 1460 credulitatis
1383 1414 1510 1477 compa·

384 1523 454 1566 rere
472 1501 593 1567 debeat
610 1523 719 1566 coram
746 1499 962 1566 Serenissima
987 1508 1021 1566 et
1047 1500 1333 1567 Excellentissima
1361 1500 1515 1583 Reginali

383 1611 565 1677 Maiestate
582 1609 765 1694 Hungarie,
791 1611 842 1674 cui
868 1610 958 1676 facta
983 1611 1167 1674 reverentia
1191 1618 1225 1675 et
1250 1611 1458 1676 salutatione
1482 1629 1517 1673 ex

383 1727 480 1803 parte
498 1721 605 1784 nostri
623 1719 770 1784 Dominii
788 1740 861 1782 cum
887 1719 993 1784 verbis
1018 1719 1138 1784 amoris
1164 1726 1198 1783 et
1223 1719 1420 1799 dilectionis,
1448 1717 1518 1783 offe

385 1825 487 1890 rendo
503 1847 562 1890 nos
579 1833 613 1890 et
639 1826 818 1892 Commune
843 1831 990 1890 nostrum
1016 1826 1059 1890 ad
1086 1824 1290 1909 beneplacita
1316 1835 1350 1890 et
1377 1827 1517 1892 honores

384 1933 450 1999 Sue
476 1933 647 2017 Reginalis
674 1933 881 2015 Maiestatis;
905 1953 1079 2016 procurare
1104 1933 1224 1998 debeat
1249 1933 1290 1999 de
1322 1935 1519 2018 accipiendo
1578 1931 1580 1938 ‘

387 2047 627 2107 sacramentum
644 2043 685 2108 ab
702 2043 773 2126 ipsa
790 2041 944 2123 Reginali
956 2040 1143 2120 Maiestate,
1159 2041 1245 2106 sicut
1260 2040 1333 2106 fieri
1350 2042 1454 2108 debet
1465 2063 1518 2126 per
1579 2067 1580 2072 ¹

385 2147 523 2214 formam
540 2151 648 2232 pacis;
680 2149 789 2215 dando
820 2149 854 2212 in
882 2149 1011 2230 scriptis
1037 2147 1126 2212 dicto
1152 2154 1264 2214 nostro
1290 2147 1516 2216 Ambaxatori

385 2256 512 2340 copiam
537 2258 628 2339 pacis
655 2255 812 2339 predicte,
829 2276 892 2337 que
908 2256 1056 2338 loquitur
1080 2275 1177 2338 super
1201 2254 1288 2319 facto
1304 2256 1474 2339 predicto,
1490 2264 1517 2321 et

384 2363 522 2428 formam
537 2363 747 2428 instrumenti
764 2348 851 2428 soliti
868 2361 938 2426 fieri
956 2362 996 2426 de
1012 2362 1084 2444 ipso
1110 2372 1318 2428 sacramento
1335 2362 1450 2427 fiendo
1467 2385 1520 2448 per

387 2473 551 2556 prefatam
568 2471 760 2554 Reginalem
773 2471 980 2536 Maiestatem
994 2492 1067 2535 oum
1078 2470 1412 2554 omnibusscriptun's
1428 2481 1466 2538 et
1480 2476 1523 2537 in·
1579 2555 1580 2558 Ἴ

385 2579 636 2644 formationibus
652 2579 846 2661 opportunis
863 2579 911 2643 ita
928 2577 1015 2660 quod
1040 2577 1140 2641 nichil
1155 2577 1289 2644 deficiat
1315 2586 1434 2644 nostro
1461 2603 1524 2647 am-

386 2687 538 2753 baxatori
558 2689 716 2772 predicto.

493 2797 633 2879 Insuper
650 2818 721 2861 cum
738 2794 931 2879 permultos
947 2794 987 2859 de
1012 2793 1199 2860 Batonibus
1215 2801 1248 2860 et
1268 2794 1412 2861 Prelatis
1431 2795 1524 2862 Sere·

387 2904 518 2968 nissime
539 2903 711 2987 Reginalis
737 2903 928 2968 Maiestatis
954 2902 1127 2987 Hungan'e
1154 2903 1253 2969 fuerit
1280 2904 1372 2969 facta
1398 2907 1523 2970 mentio

387 3012 507 3077 nostris
524 3010 816 3094 AmbaxatoribuS,
836 3011 892 3094 qui
908 3010 1013 3094 pridie
1025 3019 1182 3076 venerunt
1199 3012 1239 3077 dc
1256 3012 1411 3094 partibus
1429 3013 1525 3078 Hun-

387 3119 487 3202 garie,
503 3126 537 3182 et
552 3119 650 3184 etiam
668 3141 725 3202 per
742 3119 907 3184 dominum
940 3119 1151 3202 Episcopum,
1177 3121 1233 3201 qui
1258 3117 1323 3182 huc
1349 3119 1442 3184 venit
1467 3141 1524 3204 pro

388 3224 496 3292 dando
514 3234 754 3293 sacramentum
772 3225 984 3292 Serenissimo
1000 3227 1142 3292 Domino
1153 3227 1236 3291 Duci
1247 3237 1372 3310 nostro,
1389 3229 1432 3294 de
1449 3231 1525 3294 faci-

308 3393 311 3398 ,
388 3334 472 3397 endo
488 3335 588 3416 figam
605 3341 638 3398 et
655 3335 804 3399 unionem
824 3335 911 3398 inter
930 3333 1177 3399 Serenissimam
1189 3333 1383 3417 Reginalem
1402 3335 1525 3402 Maias

388 3449 491 3507 tatem
516 3441 697 3524 Hungarie,
721 3448 754 3505 et
779 3462 839 3505 nos
864 3447 898 3506 et
924 3437 1101 3506 Commune
1127 3449 1291 3523 nostrum;
1323 3441 1525 3510 informetur

388 3553 499 3613 noster
517 3547 734 3630 Ambaxator,
752 3549 840 3630 quod
856 3549 929 3631 ipsa
945 3549 1014 3632 liga
1030 3556 1065 3613 et
1091 3549 1168 3613 unio
1186 3547 1279 3614 nobis
1301 3548 1453 3632 placeret
1468 3575 1524 3636 per

389 3656 529 3739 modurn,
546 3656 602 3737 qui
619 3658 805 3721 continetur
814 3657 959 3735 inferius,
976 3663 1010 3722 et
1024 3659 1246 3740 proptereain
1264 3676 1342 3723 casu
1358 3678 1425 3740 quo
1436 3659 1523 3725 dicto

388 3769 501 3828 nostro
518 3761 738 3828 Ambaxatori
764 3762 857 3827 fieret
872 3764 993 3828 mentio
1019 3785 1078 3847 per
1102 3764 1300 3848 Reginalem
1325 3765 1522 3833 Maistatem

389 3872 571 3956 Hungarie,
596 3872 646 3936 vel
673 3872 817 3955 aliquem
834 3872 886 3937 vel
903 3871 1030 3954 aliquos
1047 3871 1087 3935 de
1105 3871 1297 3937 Beronibus
1313 3872 1363 3938 sel
1381 3873 1523 3940 Prelatis

390 3982 465 4063 suis,
482 3999 590 4044 sumus
607 3981 764 4061 contenti,
780 3979 867 4062 quod
885 3979 1124 4047 condescendat
1145 3979 1188 4044 ad
1204 3981 1312 4063 ipsam
1339 3980 1444 4065 ligem
1468 4003 1522 4066 per

389 4089 519 4153 modum
537 4094 688 4154 notatum
705 4087 758 4152 hic
774 4087 927 4170 inferius;
944 4090 1047 4154 etiam
1063 4091 1097 4153 in
1109 4110 1187 4154 casu
1200 4109 1266 4172 quo
1276 4090 1401 4155 mentio
1411 4091 1522 4174 aliqua

391 4197 452 4262 sibi
468 4219 533 4262 non
549 4196 644 4262 fieret
659 4218 717 4280 per
734 4197 878 4278 aliquem
895 4197 935 4261 de
956 4196 1127 4279 predictis,
1154 4197 1360 4280 relinquatur
1377 4200 1411 4263 in
1429 4199 1520 4264 liber·

389 4311 461 4367 tate
478 4301 713 4368 Ambaxatoris
730 4303 840 4382 nostri,
852 4303 934 4368 siout
950 4311 983 4368 et
999 4304 1130 4386 qnando
1142 4295 1171 4368 ei
1182 4304 1355 4388 ridebitur,
1365 4305 1521 4391 tangendi

392 4417 425 4473 et
440 4411 636 4492 procurandi
653 4411 693 4476 de
711 4412 782 4494 ipsa
799 4411 866 4492 liga
882 4419 916 4476 et
933 4413 1060 4493 unione,
1071 4413 1149 4495 quia
1161 4413 1326 4496 babemus,
1337 4416 1425 4496 quod
1438 4422 1519 4480 esset

393 4517 485 4584 utilis
501 4526 531 4582 et
551 4521 637 4583 bona
654 4521 687 4582 in
704 4521 817 4600 forma,
835 4541 900 4602 qua
917 4522 1133 4604 volurnuspro
1144 4518 1235 4587 nobis
1246 4530 1279 4587 et
1290 4528 1381 4586 statu
1402 4531 1521 4588 nostro.
1579 4611 1580 4614 Ἴ
