3182 5252
722 366 959 414 nnuoaaczrar
974 351 1142 412 amaras.

898 656 972 716 322.

371 817 399 882 Α
418 817 573 881 valenczai
590 817 863 902 lrormrinytana'ca
882 813 1089 892 intdzkeddsa
1108 811 1237 875 mintrio
1253 836 1275 875 a
1294 809 1406 873 illaria
1430 833 1495 872 mo·

368 949 453 1014 pyus·
469 925 622 1010 loir-‹tigua'
638 925 670 988 e's
701 925 795 1009 iujos
819 921 979 986 ordonna-i
1005 923 1132 1004 berrzep
1157 919 1244 983 kozri
1270 918 1496 1003 ddzoasdpnnb

780 1032 864 1096 lires
881 1042 965 1094 cette.
985 1031 1079 1094 1385.

479 1193 648 1260 Guilelma
670 1191 860 1275 Recipinrus
871 1190 968 1257 hodie
985 1189 1193 1273 aMagnitioo
1210 1186 1341 1253 domino
1357 1187 1500 1270 Georgio

373 1303 500 1370 Comite
517 1301 687 1382 Corbavie,
704 1301 903 1367 Consiliario
921 1299 1024 1384 Regia
1040 1297 1226 1364 Maiestatis
1242 1298 1427 1382 Hungnria,
1452 1297 1501 1360 lit·

372 1419 461 1477 teras
477 1411 572 1477 datas
589 1409 713 1494 Brigne
730 1408 905 1476 XXVIII.
929 1409 1032 1488 Junii,
1057 1429 1117 1491 per
1143 1427 1235 1490 quas,
1261 1407 1350 1473 sicut
1376 1403 1499 1471 videbis

373 1542 432 1604 per
447 1527 591 1584 tenorem
608 1539 720 1582 aarum
737 1518 824 1582 intra
840 1516 1051 1600 descriptum,
1077 1514 1270 1598 significavit
1296 1513 1401 1595 nobis,
1418 1513 1501 1598 quod

374 1626 572 1692 Serenisima
589 1625 720 1690 domina
738 1624 848 1690 Maria
865 1623 1038 1706 Hungarie
1063 1621 1194 1706 Regina
1209 1623 1336 1706 accepit
1350 1623 1385 1686 in
1411 1623 1502 1686 mari-

373 1743 441 1799 tum
459 1733 628 1799 illustrem
645 1732 810 1798 dominum
826 1732 1026 1797 ludovicum
1052 1729 1187 1796 fratrem
1217 1727 1424 1796 Serenissimi
1438 1728 1501 1794 Re·

373 1841 425 1924 gis
442 1840 590 1906 Francia.
608 1838 704 1904 L’nde
721 1840 790 1924 ipse
807 1839 957 1904 dominus
978 1838 1140 1922 Georgius
1158 1843 1191 1903 et
1215 1839 1281 1904 dno
1298 1838 1357 1904 alii
1384 1839 1502 1904 radunt

374 1948 613 2015 Ambaxatores
629 1947 673 2013 ad
689 1945 929 2013 conducendum
948 1946 990 2012 ad
1006 1947 1157 2030 Regnum
1174 1946 1350 2030 Hungarie
1366 1945 1503 2030 preliba-

372 2063 442 2122 tum
459 2057 623 2121 dominnm
640 2055 853 2121 Ludovicum.
870 2053 980 2139 Quare
997 2055 1230 2120 committimus
1256 2053 1326 2137 tibi,
1341 2061 1379 2119 ut
1404 2053 1504 2120 radas

372 2167 528 2246 Paduam,
545 2173 578 2230 et
594 2167 621 2230 si
638 2171 733 2231 erunt
749 2165 803 2246 ibi,
821 2186 1013 2248 compareas
1025 2165 1143 2230 dextro
1154 2163 1251 2230 modo
1268 2165 1502 2230 corameodem

372 2274 503 2339 domino
519 2271 663 2355 Georgia
679 2295 751 2336 oum
767 2272 886 2337 litteris
905 2273 1024 2338 nostris
1041 2271 1258 2354 credulitatis,
1274 2275 1354 2356 quia
1369 2273 1440 2356 ipse
1457 2295 1503 2339 so

372 2382 422 2446 lus
440 2380 532 2447 nobis
549 2380 698 2464 scripsit3
715 2380 889 2446 salutando
906 2379 1012 2464 ipsum
1033 2379 1317 2464 affectuoseparte
1333 2387 1502 2461 nostrast

378 2488 523 2569 dicendo,
540 2486 627 2570 qnod
655 2487 767 2553 statim
794 2488 968 2554 intellectis
991 2489 1113 2554 litteris
1139 2488 1214 2567 suis,
1239 2489 1439 2554 misissemus
1463 2489 1503 2554 ad

374 2619 443 2663 eum
462 2595 634 2679 providum
650 2598 753 2662 sirum
764 2595 995 2661 Desideratum
1005 2595 1182 2662 Notarium
1198 2603 1358 2682 nostrum,
1374 2597 1432 2664 sed
1443 2619 1503 2662 uon

372 2713 422 2772 cst
437 2704 471 2769 in
486 2702 655 2784 Venetiis;
680 2702 765 2770 unde
784 2705 856 2770 loco
883 2703 962 2770 dicti
990 2703 1182 2770 Desiderati
1207 2705 1410 2788 providimus
1435 2706 1504 2770 mie

374 2819 443 2878 tera
463 2816 497 2876 te
518 2810 560 2877 ad
586 2810 686 2878 Suam
713 2812 974 2894 Magnitudinem
1001 2812 1042 2878 ad
1069 2811 1313 2896 regratiandum
1341 2836 1417 2880 cum
1435 2820 1502 2879 toto

373 2919 491 2985 affectu
509 2919 756 3003 Magnificentie
772 2919 837 2986 Sne
854 2920 894 2984 de
910 2941 957 3001 eo,
974 2921 1063 3004 quod
1079 2919 1139 2986 sibi
1158 2920 1278 3004 placuit
1300 2927 1370 2987 tam
1386 2922 1503 2988 amica·

375 3027 485 3094 bilitcr
504 3027 687 3110 significare
713 3029 807 3094 nobis
824 3028 989 3112 predict-a;
1017 3028 1094 3111 qnia
1119 3029 1210 3093 novit
1226 3029 1327 3111 Dens,
1355 3029 1395 3095 de
1422 3032 1504 3095 omni

376 3135 576 3201 exaltatione
593 3137 723 3201 honoris
740 3142 772 3200 et
788 3143 892 3202 status
910 3135 1211 3220 RegieMiaestatis
1228 3144 1261 3202 et
1277 3137 1380 3202 totius
1398 3135 1504 3221 Regni

373 3242 545 3326 Hungarie
560 3241 734 3326 plurimum
750 3243 1000 3328 congaudemus,
1017 3243 1190 3311 offerentes
1216 3267 1275 3310 nos
1292 3244 1336 3312 ad
1352 3245 1505 3330 benepla-

373 3351 438 3417 cito
455 3347 702 3433 Magnificentie
719 3350 802 3430 Sue3
826 3357 858 3415 et
876 3352 901 3416 si
920 3352 1009 3434 quod
1030 3350 1160 3418 volebat
1176 3351 1285 3418 dicere
1302 3351 1505 3434 Desiderato,

351 3545 356 3550 .
375 3464 482 3543 potest
499 3457 605 3522 dicere
623 3456 684 3522 tibi
700 3457 782 3522 sicut
806 3457 1012 3525 Desiderato.
1570 3473 1574 3484 ’

482 3562 713 3648 Signifioamus
730 3566 864 3650 insuper
880 3569 950 3650 tibi,
967 3568 1135 3650 quodiam
1152 3569 1265 3635 multis
1282 3569 1399 3636 diebus
1416 3594 1506 3656 para·

375 3673 480 3738 rimus
498 3673 671 3740 solemnem
689 3674 924 3741 Ambaxiatam
943 3676 1064 3740 ituram
1079 3676 1122 3741 acl
1149 3675 1387 3745 Serenissimas
1411 3680 1507 3766 Regi

375 3779 465 3846 nales
482 3782 696 3864 Maiestates3
720 3783 777 3848 sed
794 3784 1037 3868 supersedimus
1052 3785 1093 3850 cb
1110 3785 1255 3868 pericula
1272 3793 1306 3852 et
1320 3787 1508 3854 discmmiuo

374 3889 509 3971 viarum,
525 3911 588 3972 que
605 3896 681 3954 sunt
696 3912 758 3974 pro
776 3893 975 3958 novitatibus
992 3890 1182 3975 Hungarie3
1206 3899 1239 3958 et
1254 3893 1328 3960 ideo
1357 3917 1507 3979 rogamus

372 3995 473 4064 Suam
490 3995 773 4080 Magnificentiam
790 4000 881 4064 velut
898 3999 1123 4066 honorabilem
1139 4008 1171 4066 et
1190 4002 1339 4068 intimum
1366 4006 1505 4073 amicum

373 4110 528 4186 nostrum,
545 4109 580 4170 ut
598 4107 728 4189 placeat
754 4106 923 4173 notificare
947 4107 1051 4188 nobis,
1079 4108 1106 4171 si
1132 4107 1298 4175 rideretur
1324 4111 1396 4194 sibi,
1423 4110 1506 4196 quod

374 4212 451 4279 dicti
467 4209 572 4278 ¹nostri
589 4209 833 4282 Ambaxatores
844 4221 980 4300 possunt
996 4237 1067 4282 curn
1079 4216 1257 4282 securitate
1268 4217 1315 4284 ire
1326 4227 1359 4286 et
1369 4220 1506 4304 quando¹

482 4321 587 4388 Dabis
605 4321 853 4407 etiam'operam
871 4325 910 4390 de
927 4325 1060 4390 sciendo
1076 4324 1118 4389 ab
1145 4345 1183 4390 eo
1200 4324 1323 4392 factum
1341 4334 1374 4395 et
1399 4329 1506 4395 eondi-

373 4427 496 4493 cionem
521 4428 639 4496 Jacobi
667 4427 804 4514 Quirino
832 4431 964 4512 detenti,
982 4431 1136 4496 videlicet
1161 4429 1201 4496 de
1227 4454 1328 4499 cansa
1354 4436 1507 4503 rotando
