3210 5252
424 385 465 449 50
777 395 1013 444 nrrnounczmr
1030 379 1200 442 aurnuns.

423 564 470 627 sie
494 560 614 627 debent
638 561 724 626 dare.
752 558 877 624 Datum
895 557 1055 625 Arinione
1081 557 1229 623 kalendis
1258 557 1284 623 J
1286 555 1426 636 anuarii,
1444 553 1547 620 Ponti-

421 668 537 735 ficatus
554 670 659 734 nostri
674 689 759 734 anno
776 667 925 734 secundo.

745 813 803 876 (XI.
820 813 941 879 Gergely
954 813 1029 876 papa
1042 810 1231 876 regestaibol.)

907 975 1066 983 ——-.....--

961 1121 1014 1183 46.

421 1284 453 1350 Ι.
469 1283 571 1370 Lojoa
595 1307 737 1371 maggae
766 1285 799 1347 ta
823 1283 947 1368 leaqyel
972 1282 1086 1368 kirdly
1102 1305 1141 1346 az
1158 1283 1284 1367 ujonan
1309 1281 1410 1347 lcitb'rt
1434 1281 1548 1345 habore

468 1393 554 1458 alatt
576 1392 683 1458 talea:
691 1393 912 1480 joqositvdnyt
929 1391 1038 1455 hirdet
1055 1415 1076 1454 a
1095 1392 1284 1456 velcaczeielc
1300 1391 1391 1456 allen.
1415 1391 1509 1456 1373.

529 1553 719 1618 Lodouicus
735 1552 799 1617 Dei
814 1554 929 1636 gracia
944 1550 1016 1616 Rex
1033 1551 1212 1635 Hungarie,
1223 1551 1371 1634 Polonie,
1388 1549 1547 1616 Dalmacie

422 1667 482 1726 etc.
498 1663 657 1730 rninersis
675 1669 708 1728 et
723 1662 859 1745 singulis
875 1659 1001 1726 Christi
1016 1659 1167 1726 fidelibus
1183 1659 1305 1742 quibus
1324 1659 1458 1744 expedit
1473 1659 1549 1725 salu-

421 1774 488 1834 tem
513 1765 547 1833 in
564 1790 611 1848 eo,
628 1766 848 1852 qn'Regibus
864 1767 922 1835 dat
938 1769 1146 1852 triumphum.
1176 1767 1342 1834 Nouerint
1357 1767 1498 1832 uniuersi
1513 1765 1549 1830 ad

424 1898 564 1960 quorum
582 1879 735 1944 noticiam
752 1879 946 1961 peruenerit,
962 1876 1050 1959 quod
1067 1898 1215 1960 cumpro
1232 1876 1380 1942 sedanda
1391 1877 1548 1959 questione

425 1991 458 2050 et
474 1984 640 2050 discordia
655 1987 741 2051 inter
756 1985 934 2050 Dominum
949 1983 1065 2049 Padne
1081 1983 1270 2067 colligatum
1280 2006 1389 2050 meum
1405 2005 1444 2048 ex
1460 1989 1547 2068 parts

423 2115 494 2175 rna,
510 2099 542 2158 et
558 2090 685 2158 Ducem
702 2091 920 2160 Veneciarum
936 2113 975 2157 ac
990 2091 1136 2159 Venetos
1152 2113 1191 2156 ex
1207 2091 1323 2175 altera,
1341 2113 1421 2176 sepe
1438 2098 1470 2156 et
1484 2091 1548 2175 plu-

422 2201 488 2266 ries
515 2206 646 2265 nostros
670 2201 853 2283 solempnes
879 2201 1148 2265 Ambasciatores
1184 2201 1332 2265 misimus
1359 2199 1402 2264 ad
1428 2197 1549 2264 eosdem

422 2315 669 2392 conquerentes,
695 2308 782 2391 quod
807 2309 913 2392 ipsum
941 2308 1117 2373 Dominum
1143 2309 1348 2388 Paduannm,
1373 2308 1451 2373 licet
1474 2307 1549 2372 adeo

422 2417 662 2482 consideratum
691 2437 711 2480 a
735 2416 837 2496 nobis,
863 2415 1058 2482 offenderint
1078 2417 1221 2499 grauius,
1237 2416 1326 2481 nullo
1340 2416 1426 2500 juris
1443 2415 1550 2480 ordine

422 2525 604 2606 subsecuto,
630 2525 793 2590 innianter
819 2525 945 2589 enixius
961 2525 1004 2589 ad
1022 2525 1112 2607 pacis
1129 2523 1337 2589 concordiam
1353 2529 1387 2588 et
1402 2544 1549 2602 amorem,

423 2653 464 2696 ne
481 2632 570 2714 quod
584 2633 720 2716 pietatis
745 2639 858 2697 nostre
876 2632 983 2697 carius
1000 2630 1159 2696 habemus
1175 2631 1362 2711 visceribus,
1378 2631 1551 2695 inhumana

423 2745 615 2824 sequeretur
641 2740 755 2807 effusio
781 2742 948 2824 sanguinis
975 2737 1257 2822 Christianorum
1282 2723 1419 2823 cumqire
1437 2736 1550 2822 prefati

424 2848 546 2917 Veneti
561 2849 684 2914 Diuine
708 2848 803 2914 obliti
828 2848 987 2933 potencie,
1004 2869 1067 2930 que
1084 2847 1233 2930 deposuit
1257 2853 1409 2931 potentes
1425 2847 1464 2912 de
1481 2844 1552 2912 sede

423 2961 457 3019 et
472 2955 632 3021 exultauit
647 2954 798 3036 humiles,
825 2973 859 3018 se
885 2956 990 3039 magis
1013 2953 1209 3020 extollerent
1223 2955 1257 3019 in
1273 2955 1491 3038 ampullosum
1506 2974 1552 3018 su-

422 3063 589 3148 perbiam;
612 3065 690 3145 quia
715 3062 758 3128 ad
782 3083 896 3146 pacem
921 3084 1088 3146 nunquam
1116 3083 1149 3126 se
1174 3063 1433 3128 humiliauerunt
1456 3061 1554 3128 refor-

424 3170 589 3253 mandam,
615 3191 712 3253 quam
740 3169 870 3254 quidem
896 3171 959 3254 ipsi
978 3172 1058 3236 elati
1073 3173 1106 3235 in
1123 3171 1273 3254 spiritum
1290 3170 1442 3254 superbie
1459 3168 1553 3234 viola-

422 3284 523 3343 runt:
540 3278 628 3361 quod
645 3279 854 3346 dissimulare
872 3301 937 3344 non
953 3280 1098 3346 valentes
1108 3279 1256 3363 ulterius,
1265 3301 1338 3345 cum
1355 3277 1478 3344 eisdem
1494 3277 1554 3343 Re·

422 3384 519 3469 gibus
536 3391 569 3450 et
584 3385 792 3471 Principibus
816 3394 907 3454 terre
932 3386 1100 3452 Diuinitus
1126 3385 1230 3470 detur,
1246 3393 1281 3452 rt
1296 3387 1492 3454 comburant
1508 3406 1556 3450 su-

422 3494 549 3577 perbos,
576 3494 747 3560 subleuent
762 3497 867 3561 eciam
891 3515 1080 3579 oppressos;
1104 3499 1218 3561 contra
1242 3495 1410 3578 predictos
1429 3495 1556 3559 Ducem

423 3599 642 3668 Veneciaeum
668 3609 701 3667 et
726 3600 905 3669 Commune
922 3602 1065 3671 Venecie
1081 3603 1291 3688 procedentes
1306 3610 1377 3668 tam
1393 3625 1451 3687 per
1466 3623 1556 3668 mare

424 3728 523 3792 quam
548 3731 607 3794 per
633 3718 760 3777 terram
785 3712 909 3778 Diuino
935 3713 1029 3779 nobis
1054 3712 1253 3796 suffragante
1279 3713 1429 3800 brachio,
1455 3731 1557 3796 aquo

422 3814 545 3882 Nostra
572 3815 783 3886 Oelsitudinis
808 3819 937 3904 gladius
963 3822 1098 3907 supplex
1119 3823 1202 3906 petit
1217 3825 1312 3906 vires,
1327 3821 1487 3889 bellicoso
1506 3842 1558 3884 uo

423 3927 510 3990 mine
526 3929 676 4012 potencie
687 3929 806 3994 vexilla
823 3930 866 3994 ad
881 3928 1116 4013 flagellandum
1125 3931 1191 3996 iam
1203 3926 1325 3994 dudum
1335 3931 1558 3996 inueteratanr

422 4034 617 4118 superbiam,
643 4035 824 4105 distrahere
849 4041 1059 4123 proponimus
1085 4040 1120 4103 in
1144 4041 1216 4123 pios
1232 4045 1264 4104 et
1280 4041 1313 4102 in
1330 4040 1457 4122 piorum
1485 4059 1559 4103 con·

424 4140 502 4208 finia
519 4143 665 4226 quelibet
680 4143 767 4210 bona
783 4153 817 4211 et
833 4168 884 4212 res
900 4153 1056 4231 tanquam
1071 4147 1287 4226 inimicorum,
1303 4146 1434 4211 eosdem
1450 4143 1561 4214 Vene-

421 4253 474 4315 tos
490 4271 564 4316 cnm
580 4251 704 4335 ingenti
730 4255 875 4319 exercitu
900 4254 1063 4320 hostiliter
1088 4253 1288 4320 invadentes.
1308 4237 1473 4337 Quocirca
1490 4254 1561 4320 Nos

419 4357 606 4425 Lodouicus
625 4359 697 4426 Rex
721 4361 761 4426 de
788 4361 938 4428 Oulmine
953 4363 1146 4429 Maiestatis
1163 4360 1284 4427 Nostro
1301 4360 1418 4427 darnus
1434 4353 1476 4427 et'
1487 4356 1562 4427 eon-

420 4467 571 4548 cedimus,
586 4469 621 4532 in
638 4475 732 4552 parte
749 4471 826 4535 item
844 4471 1048 4553 assentimur,
1059 4470 1267 4554 largicionem
1278 4471 1428 4536 omnibns
1445 4478 1481 4536 et
1498 4471 1562 4536 sin-

426 4574 512 4659 gulis
528 4575 714 4644 volentibus
730 4579 821 4664 ipsos
837 4576 985 4649 Venetos
1002 4587 1036 4645 et
1051 4583 1198 4666 ipsorum
1213 4580 1300 4645 bona
1315 4579 1566 4668 dampnificare,
