3182 5252
381 369 445 434 teo
734 381 967 436 nrauounoarar
985 367 1155 436 sautans.

379 549 434 630 qui
453 555 526 614 erat
542 549 664 615 electus
683 549 889 614 Ambaxator
905 548 948 614 ad
963 548 1155 631 Reginalem
1177 547 1387 614 Maiestatem
1412 547 1500 612 Hun-

379 657 478 739 garie,
494 661 527 721 et
542 655 613 720 ibat
630 657 784 722 alacriter
809 663 842 720 et
867 657 1024 737 libenter;
1048 661 1164 740 postca
1190 678 1247 739 pcr
1273 657 1446 722 Excelsum
1473 663 1502 720 el

381 763 592 846 Magnificum
609 763 776 829 dominum
793 761 952 829 Coruilenr
980 762 1150 830 Virtutum
1178 765 1275 828 luerit
1291 764 1413 828 electus
1444 763 1502 828 Po·

381 879 485 937 testas
510 871 701 957 Mediolani,
733 872 775 937 ad
808 893 906 954 quam
930 871 1152 937 Potestariam
1178 871 1356 955 dispositus
1381 877 1430 936 est
1451 872 1505 953 ire,

378 980 538 1065 placendo
555 989 666 1046 nostro
683 979 858 1060 Domini03
883 981 972 1046 radit
998 1001 1085 1064 pars,
1109 979 1142 1044 in
1169 978 1256 1044 bona
1279 981 1398 1062 gratia,
1423 980 1505 1063 quod

378 1091 447 1173 ipse
464 1111 516 1155 ser
532 1090 679 1157 Karolus
696 1088 792 1156 Geno
809 1089 997 1156 absolvatur
1012 1087 1114 1154 libere
1130 1097 1162 1154 et
1178 1090 1248 1154 siue
1264 1089 1378 1172 aliqua
1395 1112 1506 1173 penae

379 1198 469 1264 dicta
485 1195 676 1264 Ambaxata
691 1197 874 1282 Hungarie,
891 1204 924 1263 et
941 1205 1038 1281 capta
1053 1195 1117 1262 ista
1133 1203 1235 1280 parte,
1252 1196 1311 1262 fiat
1327 1198 1411 1264 alius
1424 1197 1503 1264 Am·

226 1373 234 1396 ,
378 1304 518 1384 braxatur
535 1307 606 1372 leco
623 1307 710 1388 eius3
729 1313 761 1371 et
777 1307 804 1370 si
822 1304 1004 1371 Consilium
1020 1311 1080 1370 etc.

429 1454 464 1512 (Δ
480 1451 590 1501 »Mitti«
605 1453 694 1502 czlmtt
707 1453 847 1502 velencaei
861 1451 1041 1516 allamkbnyv
1055 1451 1186 1500 XXXIX.
1201 1451 1346 1500 kbtetebol
1362 1456 1418 1501 ltt.
1432 1452 1462 1512 l.)

955 1615 1024 1623 ..—

825 1755 829 1764 ’
906 1761 982 1822 318.

383 1920 524 1984 Tastrtlco
540 1919 584 1982 11.
603 1919 709 1984 latoria
728 1921 816 1984 azerb
832 1922 865 1984 ds
880 1922 1026 1986 berzelai
1036 1919 1221 2007 kirdlyaok
1236 1945 1258 1984 a
1275 1921 1428 1986 veteremi
1437 1922 1505 1988 tta

812 2034 973 2118 tdrcoao'p.
993 2030 1088 2096 1385.

489 2187 589 2254 Anno
606 2187 918 2257 MCCOLXXXV.
934 2190 986 2255 die
1009 2188 1073 2255 ΙΙΙ
1097 2189 1200 2256 Junii.
1224 2187 1283 2255 Ca
1293 2195 1372 2273 pta
1389 2187 1503 2272 :Quod

380 2295 543 2362 scribatur
560 2297 691 2362 domino
708 2296 794 2380 Regi
811 2297 930 2362 Rassie
947 2297 980 2362 in
997 2297 1059 2362 hac
1074 2295 1204 2362 forma:

487 2404 592 2487 Regio
610 2405 779 2470 Maiestati
807 2406 1031 2489 quamplures
1056 2404 1186 2469 litteras
1212 2404 1455 2484 destinavimus,
1472 2413 1505 2468 et

382 2513 496 2578 ultim0
523 2536 622 2578 unam
648 2513 759 2578 datam
791 2514 946 2596 vigesimo
978 2513 1117 2578 secundo
1149 2511 1342 2578 Decembris
1367 2515 1506 2596 proxima

381 2620 491 2704 elapsi,
508 2621 726 2687 amicabiliter
742 2626 897 2704 rogantes
908 2641 947 2684 ao
956 2620 1191 2686 instantissime
1201 2621 1416 2702 requirentes
1432 2642 1505 2703 qua·

379 2735 473 2793 tenus
490 2751 548 2813 pro
565 2729 674 2794 debito
688 2730 817 2815 justitie
833 2733 866 2792 et
881 2726 1015 2793 honoris
1030 2728 1126 2810 aegri
1156 2726 1287 2811 placeat
1311 2735 1423 2794 tencre
1446 2748 1507 2792 mo·

380 2835 455 2902 dum
472 2838 595 2920 absque
612 2837 686 2902 aliis
696 2837 918 2918 dilationibus,
929 2835 1016 2920 quod
1026 2836 1200 2901 virnobilis
1211 2835 1369 2903 Nicolaus
1384 2837 1506 2914 Bassia,

379 2946 457 3009 ciris
474 2953 585 3011 noster
602 2952 635 3010 et
645 2946 832 3012 Maiestatis
844 2944 964 3013 Vestro
976 2943 1188 3028 capitaneus,
1198 2945 1334 3010 realiter
1349 2947 1506 3029 acciperet

378 3053 541 3136 integram
557 3053 813 3120 satisfactionem
830 3074 922 3117 suam
940 3053 979 3118 de
989 3051 1153 3118 nonnullis
1169 3055 1305 3136 pecunie
1323 3052 1463 3130 summis,
1473 3052 1505 3114 in

380 3160 496 3242 quibus
513 3161 672 3227 Maiestas
689 3162 811 3231 Vestra
827 3169 959 3228 tenetur
986 3159 1088 3227 eidem
1115 3182 1177 3244 pro
1203 3160 1300 3226 factis
1317 3159 1431 3245 Regiis
1449 3159 1506 3223 sibi

379 3269 569 3352 commissis,
585 3290 646 3354 pro
663 3270 779 3354 quibus
796 3269 925 3352 quidem
943 3269 1089 3352 pecuniis
1100 3269 1169 3352 ipse
1186 3274 1238 3332 est
1254 3267 1505 3353 quampluribus

379 3379 526 3460 personis
540 3379 714 3463 obligatus,
730 3381 784 3463 qui
801 3379 978 3444 solutiones
996 3399 1071 3442 suas
1087 3398 1196 3443 coram
1217 3375 1312 3441 nobis
1339 3399 1412 3442 cum
1436 3397 1505 3440 con

377 3487 477 3550 tinuis
495 3487 660 3551 instantiis
677 3489 845 3571 petierunt
861 3494 894 3551 et
910 3493 1026 3570 petunt
1043 3485 1133 3568 adeo,
1143 3485 1230 3569 quod
1247 3484 1333 3550 idem
1351 3484 1505 3551 Nicolaus

378 3595 493 3660 timore
509 3597 648 3659 carceris
666 3615 854 3677 comparere
871 3616 935 3659 non
952 3599 1080 3677 potest;
1096 3613 1155 3676 pro
1175 3615 1241 3677 qua
1258 3593 1388 3676 quidem
1417 3591 1505 3656 satis·

377 3701 518 3765 factione
534 3703 710 3786 propinqui
727 3702 759 3766 N
762 3703 858 3768 icolai
875 3723 950 3785 sepe
968 3709 1159 3784 comparent
1175 3723 1283 3765 coram
1303 3699 1396 3766 nobis
1413 3697 1507 3782 supli-

379 3816 500 3886 cantea
517 3815 553 3873 ut
570 3811 782 3892 provideatur
798 3811 838 3875 de
854 3809 998 3874 remedio
1025 3816 1195 3892 oportuno,
1211 3814 1247 3872 ut
1273 3814 1369 3872 exeat
1394 3805 1434 3871 de
1458 3814 1505 3870 tot
1546 3795 1548 3800 ’

379 3916 557 3996 laboribus,
575 3926 606 3984 et
622 3929 655 3984 ut
674 3920 730 4001 illi,
748 3921 803 4003 qui
820 3920 942 3984 habere
960 3918 1087 3995 debent,
1113 3919 1242 4002 possint
1258 3919 1409 4001 consequi
1425 3914 1506 3979 solu-

381 4027 485 4091 tiones
502 4049 620 4092 eorum.
638 4026 824 4096 Substiuuit
842 4048 974 4111 quoque
991 4026 1075 4092 idern
1094 4026 1171 4091 ciris
1198 4033 1310 4092 noster
1326 4045 1437 4108 graves
1452 4045 1505 4088 ex·
1589 4033 1590 4118 ,

383 4153 500 4216 pensas
518 4136 551 4198 in
571 4137 729 4202 mittendo
755 4138 883 4202 litteras
909 4135 1079 4200 occasione
1105 4135 1262 4218 predicta.
1289 4132 1507 4220 Sperabanms
1589 4121 1590 4180 l

381 4249 487 4310 autem
505 4249 634 4308 attenta
649 4244 776 4310 iustitia
791 4245 870 4309 civis
887 4245 1001 4326 nostri,
1019 4242 1107 4326 quod
1122 4242 1248 4326 absque
1267 4249 1316 4307 tot
1342 4235 1504 4306 laboribus
1590 4258 1591 4265 ¹

382 4355 414 4412 et
440 4347 652 4415 dilationibus
678 4351 837 4416 Maiestas
865 4353 985 4417 Vestra
1016 4370 1076 4432 pro
1103 4350 1225 4414 honore
1251 4372 1309 4414 suo
1334 4347 1503 4414 satisfecis-

380 4463 428 4520 set
445 4453 564 4523 eidem
578 4458 725 4522 Tandem
742 4461 783 4524 ab
800 4459 911 4524 eadem
929 4459 1105 4523 Maiestate
1125 4457 1255 4522 litteras
1281 4457 1376 4523 datas
1393 4455 1439 4519 die
1458 4475 1504 4518 se-

380 4565 485 4630 cundo
504 4564 630 4647 Aprilis
647 4589 750 4649 nuper
767 4565 868 4650 elapsi
886 4567 1077 4649 recepimus,
1095 4567 1301 4649 responsales
1318 4566 1360 4630 ad
1372 4571 1502 4643 nostras,
