3172 5254
579 363 672 422 1379.
1131 363 1194 424 215

1 618 2 623 η
72 537 126 602 nisi
142 539 238 618 mille}
265 539 352 624 quod
378 539 460 604 bene
487 539 767 604 seandaravnunt
789 540 870 622 (igy)
887 562 996 604 omnes·
1014 563 1116 623 aquas
1134 542 1193 606 cir-

75 669 136 712 cum
153 651 237 712 circa
254 647 421 731 venetias,
437 655 469 713 et
486 646 574 732 qnod
598 647 679 711 bene
698 648 814 729 sciunt,
832 647 994 732 quomodo
1010 647 1131 713 debent
1147 649 1193 714 sa-

75 779 145 837 cerr,
161 763 191 820 et
208 763 365 840 quantum
393 778 477 840 aque
503 763 553 821 est
578 757 611 820 in
636 777 831 839 unoquoque
857 756 938 840 loco,
964 763 994 820 et
1018 777 1090 820 cum
1107 777 1194 841 aqna

71 863 157 947 plena
172 869 203 930 et
219 885 284 930 non
301 865 416 948 plena;
446 864 607 929 addentes
625 863 713 946 quod
731 864 859 929 venient
875 887 894 929 a
909 865 969 929 tali
985 869 1088 948 parte,
1106 863 1192 947 quod

69 974 238 1056 ,imaginari
260 973 440 1054 nescimus3
463 972 710 1052 concludentes,
738 972 826 1055 quod
851 973 971 1038 bonum
998 981 1079 1054 erat,
1105 972 1193 1058 qnod

71 1101 126 1143 non
141 1080 275 1146 daretur
292 1079 386 1145 nobis
411 1080 575 1146 audentia.
608 1081 684 1145 Hoc
710 1086 817 1146 autem
844 1079 1015 1147 audientes
1033 1080 1111 1145 dicti
1127 1081 1192 1147 Ba·

70 1209 153 1252 rones
170 1189 406 1271 responderunt
433 1189 486 1269 eiS,
512 1188 599 1272 qnod
626 1187 805 1253 secundum
831 1187 1023 1254 mandatum
1050 1187 1192 1272 Regium

69 1305 287 1376 recenseant,
313 1295 400 1379 quod
425 1297 486 1380 ipsi
512 1296 621 1362 forent
642 1299 1029 1381 supe1·tractatupacis;
1055 1303 1088 1362 et
1104 1297 1192 1380 quod
1225 1363 1228 1370 ,

1 1395 2 1398 “
69 1404 176 1469 bonum
202 1411 284 1485 erat,
311 1404 398 1488 quod
423 1410 641 1484 tractaretur3
668 1411 699 1469 et
716 1407 750 1469 in
766 1427 843 1470 casu
860 1425 924 1488 quo
941 1405 1190 1472 concluderetur

1 1589 2 1598 ἵ
69 1533 133 1576 cum
149 1511 271 1578 bonore
282 1513 389 1596 Regio
405 1519 438 1578 et
454 1513 694 1596 colligatorum,
704 1513 824 1578 bonurn
835 1519 920 1594 erat3
937 1513 1067 1597 quando
1081 1521 1190 1579 autern

70 1620 123 1684 boc
137 1641 204 1686 esse
221 1643 288 1685 non
304 1626 421 1703 posset,
448 1621 511 1703 ipsi
537 1643 600 1685 non
621 1619 736 1685 offerre
752 1619 906 1686 volebant
921 1620 1010 1686 mille
1026 1617 1188 1703 VngaroS,

1 1729 2 1741 ¹
70 1730 221 1794 incesse
248 1730 401 1794 volebant
426 1750 537 1794 omnes
562 1729 604 1793 ad
629 1729 761 1809 factum,
788 1736 818 1794 et
846 1730 934 1814 quod
954 1728 1106 1795 volebant
1122 1750 1192 1794 esso

1 1839 2 1924 ζ
69 1838 154 1919 primi
172 1838 226 1921 qui
245 1836 352 1903 forent
378 1838 420 1903 nd
447 1859 598 1923 pugnam,
614 1837 711 1922 primi
728 1837 783 1920 qui
800 1837 907 1904 serent
923 1837 965 1903 ad
981 1835 1136 1922 predam,
1160 1842 1194 1901 et

1 1959 2 2015 ῑ
69 1945 156 2027 primi
173 1946 227 2028 qni
244 1945 353 2010 forent
379 1945 422 2011 ad
447 1944 601 2010 damnum
618 1943 777 2011 Civitatis,
795 1945 840 2011 ut
856 1943 946 2010 ultra
962 1944 1024 2010 hoc
1039 1963 1194 2027 procura·

69 2059 184 2135 rerunt,
209 2052 299 2136 quod
325 2059 551 2118 remanserunt
576 2060 609 2118 et
635 2053 934 2118 determinaverunt
965 2052 1004 2116 de
1030 2051 1191 2117 audiendo

1 2169 2 2246 ξ
69 2183 127 2226 nos.
154 2161 247 2228 Dixit
273 2161 373 2227 etiam
399 2160 504 2226 dictus
530 2160 679 2226 dominus
705 2159 891 2239 Generalis,
919 2161 1007 2243 quod
1031 2159 1191 2226 Dominus

1 2330 2 2353 p
70 2253 176 2334 Padrie
201 2271 307 2334 iuerat
331 2267 491 2350 Paduam,
517 2274 550 2332 et
575 2289 633 2350 per
658 2290 697 2334 ea
723 2289 785 2350 que
811 2268 913 2332 rideri
941 2273 1103 2350 poterant,
1118 2268 1189 2350 ipse

1 2367 2 2392 ²
69 2379 160 2443 etiam
176 2397 241 2443 non
256 2375 425 2443 rideretur
441 2375 619 2460 dispositus
635 2375 676 2440 ad
694 2397 815 2460 pacem.
832 2374 927 2439 Dixit
943 2375 1087 2460 insuper,
1104 2375 1192 2459 quod

70 2483 246 2550 dannenses
274 2484 413 2569 predicti
439 2485 487 2550 usi
514 2483 647 2549 fuerant
672 2485 753 2548 satis
780 2482 905 2548 levibus
931 2483 1047 2566 verbis,
1072 2489 1105 2548 ot
1125 2483 1194 2550 sine

1 2614 2 2635 ¹
69 2591 172 2660 debita
198 2596 391 2673 reverentia,
416 2599 447 2656 et
473 2613 532 2676 pro
557 2599 652 2674 parte
679 2613 733 2656 sue
758 2589 1010 2657 Communitatis
1026 2597 1059 2656 et
1076 2614 1135 2656 sua
1159 2591 1193 2655 in

69 2700 217 2768 honorem
244 2702 366 2767 domini
391 2701 522 2780 Karoli,
539 2707 568 2764 et
586 2701 674 2786 quod
692 2700 731 2765 de
760 2700 821 2765 hoc
837 2702 907 2782 ipse
924 2706 957 2764 et
973 2700 1027 2784 aiij
1046 2701 1195 2766 Barones

1 2854 2 2904 p
70 2811 185 2876 turbati
203 2809 434 2894 gravabantur.
469 2809 534 2873 His
560 2808 680 2874 auditis
706 2809 820 2873 ivimus
837 2808 879 2872 ad
896 2829 1053 2891 campum,
1068 2808 1123 2874 ubi
1142 2809 1195 2873 do·

1 2967 2 2996 p
71 2918 167 2983 ninus
184 2918 333 2983 Karalus
359 2923 659 2983 castramentatus
686 2923 753 2996 est;
778 2923 809 2980 et
835 2915 994 2981 intrantes
1014 2917 1193 2981 tentorium

2 3051 3 3068 ¹
71 3026 303 3107 meminimus
329 3024 371 3090 ad
397 3024 595 3107 presentiam
623 3046 733 3104 suam3
756 3043 828 3087 cum
856 3029 1028 3104 quoerant
1046 3023 1195 3089 domimus

2 3189 3 3198 ,
71 3129 252 3199 Cardinalis
268 3132 393 3214 Padue,
411 3131 559 3197 dominus
587 3131 783 3198 Patriarcha
800 3153 872 3196 cum
889 3130 1013 3196 duobus
1030 3131 1096 3194 suia
1113 3128 1195 3195 Con-

2 3317 4 3339 *
73 3241 206 3327 siliarijs‚
225 3239 310 3306 filius
326 3239 460 3305 Domini
478 3239 591 3306 Padue
609 3261 680 3304 cum
698 3238 829 3304 domino
840 3237 1195 3322 Paganinoetdomino

3 3339 5 3430 J
72 3346 212 3416 Antonio
239 3347 377 3416 Vicario
404 3369 471 3428 suo,
487 3355 519 3413 et
536 3368 591 3413 sex
618 3346 906 3413 Ambasiatoribus
922 3343 946 3410 J
949 3345 1147 3428 ancensium,
1163 3353 1196 3412 et

3 3437 5 3448 Ι
74 3480 175 3526 omnes
191 3459 340 3525 Berones
357 3458 464 3542 Regij,
481 3463 513 3522 et
528 3457 712 3541 Episcopus
729 3455 922 3522 dauriensis.
948 3456 994 3522 Et
1010 3457 1126 3539 positis
1142 3477 1196 3521 no·

72 3565 115 3634 bis
130 3567 171 3635 ad
198 3566 387 3648 sedendum,
413 3575 446 3631 et
472 3573 661 3650 presentata
688 3564 817 3629 domino
844 3563 973 3628 Karoia
1000 3586 1066 3628 una
1082 3563 1197 3629 littera

4 3665 6 3764 ζ
72 3676 276 3756 credulitatis
303 3695 400 3758 quam
427 3673 638 3752 habebamus,
654 3673 860 3757 exposuimus
876 3672 935 3737 illa
951 3671 1048 3736 rerba
1065 3693 1197 3756 genera·

4 3769 6 3840 ἶ
72 3783 120 3867 lia,
135 3785 174 3850 de
190 3783 309 3868 quibus
325 3783 363 3848 fit
378 3783 498 3848 mentio
514 3783 547 3847 in
563 3782 677 3848 littera
692 3803 791 3866 quarn
807 3781 952 3845 misimus
967 3801 1026 3864 per
1044 3781 1195 3846 Perinao·

4 3933 6 3958 ι
72 3891 131 3956 lum
147 3894 225 3958 data
241 3891 295 3956 die
311 3886 487 3957 XXVIII.
503 3891 584 3956 horu
600 3887 738 3957 XVIII.
765 3885 892 3971 Quibus
908 3886 1015 3952 verbis
1032 3887 1196 3972 expositis,

4 3981 7 4002 ¹
72 4000 127 4084 ipsi
150 4000 295 4066 iecerunt
321 4021 379 4064 nos
405 3997 553 4078 recedere
580 3997 618 4062 de
644 3997 797 4076 tentorio,
823 4001 856 4060 et
880 4000 1006 4060 stantes
1032 3996 1113 4061 bene
1137 4017 1197 4080 per

5 4095 6 4156 Ϊ
75 4113 205 4190 quatuor
230 4131 370 4192 magnas
396 4107 492 4172 horas
518 4105 625 4187 simul,
649 4105 796 4170 fecerunt
821 4108 935 4187 postea
950 4123 1009 4167 nos
1026 4103 1145 4182 vocari,
1164 4108 1198 4169 et

5 4217 6 4222 ’
75 4215 148 4281 dixit
164 4216 314 4282 dominns
340 4215 488 4281 Karolus
515 4218 581 4279 ista
606 4212 729 4278 verba:
750 4211 841 4277 »Nos
858 4209 1040 4276 audirimus
1057 4217 1091 4274 et
1107 4210 1199 4276 intel·
1264 4243 1266 4248 ·

5 4327 7 4368 '³
75 4321 200 4391 ierimus
218 4323 449 4390 Ambaciatam
464 4327 625 4403 restram3
645 4323 718 4405 ipsa
734 4319 878 4385 continet
895 4318 993 4384 rerba
1012 4318 1196 4400 generalia3

77 4430 113 4496 ad
127 4433 205 4500 talia
220 4435 319 4500 rerba
335 4454 400 4499 non
417 4433 567 4498 daremus
594 4430 683 4497 vobis
702 4431 955 4514 responsionem.
972 4425 1007 4490 Si
1025 4447 1081 4490 vos
1098 4426 1198 4492 habe-

6 4543 8 4632 j
77 4537 115 4602 tis
131 4540 194 4607 alia
211 4541 328 4622 dicere,
354 4563 408 4606 roa
434 4541 571 4624 potestis
597 4539 724 4620 dicere;
748 4545 781 4604 et
796 4536 886 4602 istud
903 4535 975 4600 dico
992 4532 1032 4599 de
1057 4535 1197 4602 consilio
