3210 5252
755 405 989 450 nrrtonucmar
1007 391 1174 448 enatans.

947 585 994 644 il.

403 741 573 810 li'rzsdbett
589 744 991 831 mapparaayalcirdlpnd,
1009 745 1040 807 ds
1057 745 1083 806 Ι.
1102 745 1202 828 Lajos
1218 767 1360 830 mappas·
1371 745 1539 831 e'sleupyct

401 853 515 942 leirdly
544 851 859 938 Lerepyelorszdpbau
890 851 1184 937 kelytartdadje'nelc
1211 850 1359 937 bizonyos
1386 852 1538 936 aspasiae·

613 959 806 1046 soltdszsdyet
822 963 981 1046 tdrpyozo'
998 960 1194 1045 udomdnyu.
1219 961 1326 1024 1374.

510 1120 551 1185 In
577 1119 707 1185 nomine
738 1117 872 1184 Domini
898 1116 1014 1183 Amen.
1048 1116 1212 1202 Quoniam
1238 1118 1380 1185 omnium
1414 1117 1535 1185 habere

402 1229 592 1294 memoriam
608 1227 681 1310 plus
697 1227 844 1292 noscitur
860 1247 932 1291 esse
947 1226 1106 1292 Diuinum
1126 1248 1223 1310 quam
1240 1227 1436 1304 humanum3
1461 1248 1534 1310 pro·

401 1337 476 1402 inde
492 1333 562 1400 Nos
588 1333 762 1400 Elisabeth
789 1333 852 1398 Dei
876 1334 988 1416 gracia
1013 1335 1120 1400 senior
1137 1334 1310 1417 Hungarie
1337 1340 1371 1399 et
1399 1332 1538 1400 Polonie

403 1444 531 1528 Regina
548 1443 665 1508 noticia
681 1442 903 1508 uniuersorum
914 1443 1118 1525 presencium
1135 1448 1168 1507 et
1184 1442 1366 1509 futurorum
1376 1464 1537 1510 commen·

404 1551 528 1630 damus
554 1551 643 1631 quod
668 1550 828 1616 utilitates
853 1549 960 1633 Regni
987 1550 1092 1615 nostri
1118 1549 1255 1616 Polonie
1280 1572 1338 1634 per
1354 1549 1536 1615 locuciones

404 1659 557 1724 villarum
582 1679 702 1742 augere
728 1659 903 1743 cupienten,
928 1680 967 1722 ex
992 1680 1078 1724 nunc
1103 1659 1239 1743 prouida
1265 1662 1335 1724 viro
1362 1657 1538 1728 Woitlrcwi

407 1766 589 1834 Schwolino
606 1769 736 1834 racione
752 1769 973 1849 seruiciorum,
991 1789 1053 1850 que
1070 1767 1162 1834 nobis
1180 1773 1367 1834 constanter
1383 1766 1537 1847 exhibuit,

403 1883 435 1941 et
460 1877 495 1940 in
520 1876 664 1942 futurum
690 1875 789 1942 dante
814 1875 956 1942 Domino
983 1876 1137 1942 exhibere
1163 1882 1212 1941 est
1237 1882 1390 1960 paratus;
1420 1875 1536 1942 horum

403 1985 532 2064 intuitu,
549 1984 744 2068 racioneque
761 1983 935 2049 locacionis
947 1983 1022 2050 ville
1032 1992 1143 2051 nostre
1153 1983 1533 2069 wlgariterRachutowo

403 2093 489 2158 dicte
505 2093 539 2156 in
556 2092 662 2156 Terra
678 2089 815 2157 Ouiauie
827 2112 927 2176 prope
937 2091 1074 2159 Kowale
1086 2094 1157 2171 site,
1167 2092 1355 2158 sculteciam
1370 2093 1406 2156 in
1421 2092 1535 2156 eadem

324 2226 332 2240 ·
404 2201 482 2265 villa
509 2201 698 2284 exponimus
724 2199 764 2266 de
790 2200 1010 2284 quadraginta
1035 2205 1175 2285 quatuor
1199 2200 1319 2266 mansis
1339 2199 1534 2279 locandam

405 2308 527 2373 dictam
544 2309 732 2374 sculteciam
748 2307 871 2373 dudum
896 2310 1138 2393 incorporatam
1163 2306 1267 2374 eidem
1284 2328 1356 2374 eum
1372 2309 1535 2392 pertinen·

402 2415 461 2500 cijs
478 2423 511 2481 et
526 2416 685 2482 fructibus
711 2416 948 2500 infrascriptis;
972 2417 1121 2483 videlicet
1148 2423 1292 2500 quatuor
1308 2437 1439 2484 mansos
1455 2416 1534 2482 libe·

402 2545 465 2602 rae,
482 2545 578 2590 vnum
596 2523 816 2590 molendinum
832 2527 866 2590 in
884 2526 1040 2609 superiori
1058 2532 1153 2608 parte
1170 2524 1260 2609 fluuij
1279 2525 1534 2590 ultramolendi·

398 2653 479 2696 num
496 2632 631 2714 Regale,
647 2631 828 2714 tabernam,
843 2634 980 2698 tercium
991 2633 1161 2698 denarium
1177 2635 1218 2698 de
1235 2631 1382 2716 qualibet
1397 2655 1434 2697 re
1448 2631 1534 2718 judi·

403 2744 486 2818 cata,
502 2743 632 2822 pratum
649 2739 692 2803 ad
709 2745 849 2822 quatuor
862 2739 989 2822 jugera;
1006 2741 1108 2805 eciam
1117 2740 1208 2822 ligna
1223 2739 1256 2803 in
1273 2737 1363 2803 siluis
1380 2745 1413 2803 et
1429 2739 1535 2805 horris

403 2846 525 2912 nostris
542 2866 651 2911 secare
668 2852 701 2911 et
716 2845 858 2912 incidere
875 2847 1001 2912 licitum
1018 2849 1060 2912 sit
1077 2848 1115 2913 ei.
1133 2846 1204 2932 Quo
1215 2848 1325 2912 omnia
1335 2867 1435 2930 supra
1446 2845 1534 2914 dicta

402 2955 487 3020 idem
504 2952 639 3020 Woitlro
666 2962 699 3020 et
725 2955 774 3020 sui
799 2956 921 3038 posteri
947 2956 1081 3036 tenebit,
1096 2956 1240 3036 habebit,
1256 2955 1445 3039 possidebit,
1462 2976 1533 3020 cum

402 3064 490 3129 omni
516 3063 673 3130 facultate
699 3062 867 3145 vendendi,
895 3070 929 3129 et
954 3066 1116 3146 quomodo
1143 3066 1203 3132 sibi
1221 3070 1254 3130 et
1271 3085 1327 3129 sue
1346 3065 1533 3148 posteritati

400 3171 510 3237 vtilius
525 3170 697 3250 videbitur,
723 3170 826 3236 libere
843 3172 1074 3254 conuertenda
1100 3179 1211 3237 nostro
1232 3178 1342 3252 tamen
1359 3176 1393 3236 et
1408 3179 1533 3238 nostro·

402 3301 473 3346 rum
492 3300 712 3345 successorum
730 3279 769 3344 de
786 3300 951 3346 consensu.
966 3277 1219 3346 Seruireautem
1231 3279 1272 3346 ad
1283 3285 1431 3346 nostram
1442 3301 1533 3363 expe·

402 3389 562 3453 dicionem
574 3387 758 3471 generalem
775 3389 807 3452 in
825 3409 908 3471 equo
919 3388 1439 3472 quatuor-marcarumvaloris,in
1454 3409 1531 3471 pan-

402 3497 489 3562 cerio
506 3495 674 3562 curialiter
691 3497 860 3581 expeditus
881 3497 1020 3563 debebit.
1037 3497 1237 3563 Ometlrones
1253 3519 1328 3562 vero
1346 3496 1433 3562 dicte
1449 3497 1531 3576 ville,

403 3607 553 3687 expirata
563 3604 715 3670 libertate
726 3606 826 3669 trium
843 3627 1010 3685 annorum,
1027 3605 1121 3670 nobis
1137 3605 1271 3688 singulis
1282 3607 1374 3670 annis
1392 3626 1448 3688 per
1465 3625 1532 3670 sex-

401 3712 506 3777 decim
522 3733 650 3793 grossos
667 3713 850 3796 Pragenses
861 3712 997 3793 soluere,
1008 3718 1041 3777 et
1051 3733 1147 3778 unam
1159 3712 1197 3776 de
1208 3711 1356 3796 quolibet
1364 3733 1477 3778 manso
1488 3711 1532 3777 di·

401 3841 451 3886 em
468 3820 616 3903 qualibet
633 3823 817 3904 septimana
832 3820 985 3886 laborare
1000 3820 1205 3886 tenebuntur.
1231 3820 1278 3890 Vt
1295 3827 1403 3886 autern
1418 3819 1532 3887 eadem

399 3929 478 3994 villa
489 3930 625 3994 celerius
636 3931 738 4013 possit
748 3929 990 4010 locari‚exnunc
1000 3929 1103 4013 ipsam
1115 3929 1154 3994 de
1163 3930 1247 3996 Jure
1259 3928 1415 3995 Polonico
1425 3929 1532 3995 inJus

401 4038 647 4121 Theutonicum,
664 4059 727 4120 quc
745 4036 872 4102 Ciuitas
899 4043 1014 4102 nostra
1033 4037 1219 4104 Brestensis
1236 4036 1356 4119 gaudet
1373 4043 1405 4102 et
1420 4039 1531 4116 utitur,

400 4146 631 4210 transferimus
649 4143 768 4209 ibidem
785 4151 943 4228 perpetuo
970 4144 1179 4222 duraturum;
1203 4150 1406 4210 1·enrouentes
1425 4145 1458 4208 in
1474 4145 1532 4210 ibi-

401 4255 472 4318 dem
490 4255 598 4318 omnia
612 4254 689 4336 jura
703 4252 915 4334 Polonicalia,
926 4253 1040 4319 modos
1051 4252 1346 4319 etconsnetudines
1357 4254 1531 4333 uniuersas,

403 4382 464 4444 que
481 4362 586 4444 ipsum
602 4362 627 4429 J
629 4383 667 4426 us
684 4361 922 4426 Theutcnicum
938 4360 1165 4444 utplurimum
1181 4361 1263 4427 solet
1278 4355 1445 4444 impedire.
1457 4361 1532 4427 Exi·

401 4469 517 4534 mimus
543 4470 685 4553 insuper,
712 4469 910 4535 absoluimus
926 4492 965 4535 ac
983 4469 1158 4537 liberamus
1178 4469 1375 4550 sculteciam,
1392 4470 1531 4534 cmetho·

403 4599 467 4658 pcS,
485 4598 523 4640 ac
540 4597 649 4642 omnes
667 4577 789 4641 incolas
814 4578 890 4646 ville
916 4579 1141 4666 pronominato
1157 4579 1199 4644 ab
1216 4576 1365 4644 omnibus
1383 4576 1531 4643 Potesta-
