3172 5254
587 389 683 452 1379.
1137 393 1199 455 173

79 563 137 628 illis
151 564 222 646 dici,
236 563 325 647 quod
341 565 421 630 dum
436 586 579 632 essemus
594 566 733 649 venturi,
749 566 880 633 volebat
897 565 984 650 quod
999 566 1063 652 ipsi
1076 566 1201 634 Amba·

1 669 2 734 }
78 674 205 740 sistores
220 680 381 760 tanquam
407 677 485 742 boni
505 677 602 741 amici
619 677 670 741 sui
685 681 855 740 manerent
870 681 906 742 et
919 682 1128 760 expectarent
1144 677 1199 741 ed·

1 781 2 810 l
77 787 193 847 rentum
210 789 368 867 nostrum,
384 790 421 850 ut
436 790 568 868 possent
583 805 652 851 esse
668 785 701 848 in
719 783 918 851 tractatibus
934 785 1025 867 pacis
1041 790 1198 868 tanquam

1 871 2 910 ³
76 891 160 955 amici
175 895 242 972 sui;
267 893 512 977 subjungentes,
539 892 627 978 quod
643 893 697 958 die
711 893 899 977 precedenti
915 891 956 958 de
973 913 1045 958 sero
1063 914 1121 977 per
1138 891 1198 960 Sa·

1 1011 2 1094 l
75 1018 215 1064 racenum
241 1000 367 1065 dictum
393 1001 439 1066 eis
463 999 574 1068 iuerat
588 1023 650 1085 pro
666 1006 761 1085 parte
777 1000 901 1066 domini
916 999 1027 1086 Regis,
1044 1000 1132 1084 quod
1148 1022 1202 1067 ro-

72 1105 160 1188 lebat,
175 1109 266 1192 quod
281 1110 345 1192 ipsi
356 1109 464 1175 forent
479 1116 650 1193 presentes
659 1110 694 1175 in
704 1110 853 1176 omnibus
862 1111 1062 1176 tractatibus
1079 1109 1195 1176 fiendis

1 1217 2 1242 ÷
77 1215 272 1300 interipsum
300 1223 333 1282 et
357 1240 425 1284 nos.
449 1219 501 1284 De
519 1239 582 1302 quo
599 1219 738 1284 multum
753 1218 873 1284 fuimus
890 1220 1045 1300 contenti,
1061 1220 1140 1301 quia
1154 1221 1202 1285 in·

1 1323 2 1358 r
74 1324 208 1390 venimus
224 1327 317 1410 ipsos
333 1328 454 1410 optime
471 1326 657 1411 dispositos,
672 1334 705 1392 et
721 1327 761 1392 de
776 1327 856 1411 ipsis
873 1347 1045 1412 possumus
1060 1349 1119 1396 nos
1135 1328 1202 1413 ple·

1 1415 2 1474 l
73 1431 192 1498 nissime
216 1433 367 1501 laudare.
393 1431 512 1519 Sisque
537 1435 578 1500 de
602 1433 891 1501 Ambaciatoribus
923 1431 1135 1519 Apostolicls,
1165 1441 1199 1500 et

74 1541 211 1606 similiter
227 1541 271 1608 de
288 1541 454 1628 Magistro
479 1542 624 1620 Urbane,
645 1544 700 1628 qui
717 1543 831 1609 Marta
848 1542 929 1629 (igy)
946 1551 1004 1610 est.
1020 1543 1199 1627 Expedicti

73 1648 108 1713 ab
131 1650 209 1734 ipsis
235 1651 378 1718 dominis
403 1649 692 1719 Ambasiatoribus
718 1652 836 1718 fuimus
861 1674 935 1718 cum
960 1651 1092 1718 domino
1107 1652 1199 1718 Duce

1 1758 3 1838 l
73 1755 200 1844 Kerolo,
225 1765 262 1824 et
288 1760 363 1843 alijs
388 1760 609 1827 Auditoribus
636 1761 803 1846 predictis.
828 1761 881 1828 Ex
905 1759 1023 1846 quibus
1048 1759 1199 1826 dominus

72 1864 247 1953 Episcopus
266 1869 453 1936 Jauriensis
470 1869 562 1952 dixit,
579 1869 927 1953 quodvolebatdicere
943 1877 1033 1936 certa
1050 1891 1089 1936 ex
1105 1875 1200 1954 parte

73 1972 182 2040 domini
211 1978 266 2041 sui
294 1976 417 2061 Regis3
434 1978 492 2044 sed
516 1985 693 2063 antequem
708 1979 751 2046 ad
767 1977 825 2045 ille
840 1980 955 2062 veniet,
980 1977 1110 2046 volebat
1126 1999 1201 2063 pro·

72 2081 155 2162 ferre,
172 2085 264 2168 quod
282 2085 433 2152 dominus
459 2086 533 2153 Dux
548 2087 694 2154 Karolus
710 2093 782 2154 erat
797 2089 973 2172 dispositus
989 2086 1095 2153 lacere
1112 2089 1200 2172 quic

72 2190 141 2272 quid
155 2199 273 2275 posset
297 2214 358 2277 pro
381 2193 469 2260 bono
490 2196 590 2279 pacis,
607 2201 640 2262 et
655 2194 742 2278 quod
758 2195 969 2261 consimiliter
985 2194 1041 2278 aiij
1059 2191 1200 2260 Audito·

73 2319 131 2378 res,
146 2307 179 2365 et
194 2301 269 2385 ipse
286 2300 463 2386 dispositus
480 2309 560 2368 erat.
580 2299 637 2368 Ad
653 2304 721 2369 alia
737 2302 927 2387 responderi
940 2301 1084 2369 faciebat
1099 2302 1199 2368 donni·

71 2427 122 2472 nus
139 2409 219 2492 Rex,
247 2410 338 2494 quod
365 2410 576 2479 desiderabat
600 2433 724 2496 pacem,
740 2417 772 2477 et
788 2411 880 2478 illam
895 2411 1032 2492 volebat,
1050 2411 1096 2477 sic
1111 2407 1198 2495 quod

72 2517 225 2600 credebat,
242 2517 335 2602 quod
352 2519 582 2586 inclinaremus
598 2520 642 2586 ad
658 2541 780 2605 pacem.
807 2519 873 2588 Sed
890 2522 968 2604 quia
984 2520 1198 2603 intellexerat,

71 2624 148 2705 qnod
173 2627 300 2693 dictum
327 2625 434 2694 luerat
459 2650 519 2712 per
544 2629 674 2712 aliquos
698 2627 851 2710 Venetos,
878 2629 964 2713 quod
981 2649 1040 2693 nos
1056 2627 1199 2694 vocatia

70 2729 151 2817 Rege
167 2735 379 2817 venissemus,
401 2741 434 2800 et
461 2757 524 2802 non
541 2744 676 2820 sponte,
699 2737 917 2804 verisimiliter
933 2735 1096 2817 credebat,
1112 2736 1199 2818 quod

71 2840 158 2910 aliam
174 2865 293 2928 pacem
312 2843 490 2911 diceremus
506 2846 539 2910 in
556 2867 623 2926 ore,
639 2853 672 2910 et
688 2846 826 2911 alterum
838 2845 993 2912 vellemus
1003 2867 1076 2912 cum
1086 2844 1197 2925 corde;

70 2956 97 3014 et
111 2952 197 3034 qnod
212 2973 255 3015 ex
271 2950 338 3017 hoc
353 2957 539 3035 poteramus
556 2952 682 3016 venisse
698 2972 758 3035 pro
774 2951 963 3035 temptando
974 2952 1078 3035 ipsum
1095 2951 1198 3017 domi-

69 3079 134 3123 nnm
151 3059 281 3144 Regem
300 3065 334 3124 et
349 3081 435 3142 suos,
451 3065 489 3125 ut
503 3061 546 3127 ab
563 3081 602 3126 eo
619 3066 653 3125 et
670 3062 736 3126 suis
752 3059 884 3127 trahere
900 3080 1077 3144 possemus.
1103 3058 1198 3125 Insu-

73 3189 124 3249 per
154 3168 305 3234 addebat
328 3167 398 3252 ipse
422 3168 606 3251 Episcopus
624 3171 718 3252 perte
734 3167 849 3250 Regia,
866 3164 953 3249 quod
969 3167 1039 3250 ipse
1054 3165 1199 3231 habebat

68 3273 260 3356 justissimas
279 3297 407 3359 causus,
425 3297 508 3361 quas
524 3276 577 3341 hic
592 3277 627 3342 in
643 3276 741 3342 Euda
760 3275 854 3342 nobis
870 3274 1038 3341 declarare
1054 3274 1196 3357 nolebat,

70 3381 184 3452 duabus
211 3387 341 3467 causis;
366 3386 474 3469 prima
498 3391 578 3466 eret,
604 3407 644 3451 ne
669 3384 807 3451 diceudo
832 3386 920 3468 ipses
945 3401 1070 3467 causas,
1102 3383 1194 3451 nobis

68 3485 353 3560 Ambaciatoribus
378 3493 531 3578 injuriam
547 3493 669 3561 laceret
693 3495 727 3558 in
748 3491 844 3559 domo
861 3513 937 3574 suc3
957 3492 1099 3558 secunde
1115 3497 1196 3572 eret,

70 3601 137 3680 quia
151 3600 409 3669 Ambaciatores
436 3602 663 3686 colligatorum
690 3602 812 3668 domini
828 3599 932 3683 Regis
948 3621 1012 3665 non
1029 3598 1197 3665 habebant

69 3707 189 3790 plenum
215 3709 412 3778 mandatum
437 3710 602 3796 ipsorum;
626 3717 659 3776 et
685 3708 773 3794 quod
789 3731 828 3774 ex
844 3709 896 3774 his
911 3708 984 3773 Rex
999 3707 1197 3775 deliberave-

70 3823 124 3896 rat,
152 3819 236 3886 relle
255 3819 364 3886 facere
380 3819 446 3885 dici
463 3839 576 3885 causas
593 3839 708 3903 guerre
726 3838 783 3883 sue
798 3817 833 3882 in
847 3816 919 3883 loco
935 3816 985 3881 vel
1001 3816 1081 3882 locis
1098 3837 1195 3899 quem

67 3923 272 3994 vicinioribus
299 3935 334 3994 et
357 3927 609 4012 proximioribus
637 3925 794 3994 Venetiae
812 3946 879 3991 esse
896 3933 1005 4009 posset
1020 3947 1080 4010 per
1096 3925 1195 3990 domi-

69 4053 136 4098 num
150 4035 280 4102 Ducem
307 4035 469 4102 Karolum
493 4034 633 4101 fratrem
658 4057 761 4115 suum,
778 4035 833 4117 qui
851 4041 937 4099 esset
951 4032 997 4098 ibi
1015 4054 1086 4097 cum
1103 4053 1194 4097 exer·

1 4222 2 4232 χ
66 4143 125 4208 citu
138 4165 195 4210 suo
206 4145 410 4210 etmendeto
424 4142 604 4209 sufficienti.
620 4141 759 4226 Insuper
775 4141 936 4224 dicebant,
953 4140 1039 4224 quod
1055 4141 1082 4205 si
1100 4139 1189 4205 vole-

1 4236 3 4287 l
69 4247 174 4318 bamus
190 4253 260 4319 alie
279 4251 398 4335 dicere,
424 4253 573 4319 dominus
599 4249 671 4316 Rex
696 4251 820 4317 videret
840 4272 908 4331 nos,
925 4257 959 4316 et
975 4250 1119 4314 mitteret
1134 4267 1194 4312 nos

69 4359 122 4424 sub
137 4383 250 4428 securo
268 4360 435 4428 conductu
451 4382 522 4427 cum
538 4359 610 4444 ipso
627 4359 769 4426 Domino
786 4358 917 4424 Karolo.
933 4356 1003 4423 Nos
1018 4361 1128 4422 autem
1144 4354 1195 4422 his

1 4454 3 4541 l
69 4465 99 4532 in
113 4469 228 4537 effectu
247 4469 483 4555 respondimus,
509 4469 599 4551 quod
624 4467 665 4533 de
686 4467 814 4533 domino
830 4465 925 4532 Duce
941 4464 1069 4531 Karolo
1085 4485 1195 4547 spera·

0 4559 1 4562 Ἴ
68 4598 132 4644 mus
148 4585 180 4646 et
195 4579 397 4662 tenebamus,
413 4579 448 4642 in
463 4578 520 4644 illo
533 4599 603 4644 esse
613 4576 731 4644 bonam
743 4576 985 4660 dispositionem
1001 4581 1034 4640 et
1051 4573 1195 4640 animum
