<?xml version="1.0" encoding="UTF-8"?>
<!DOCTYPE html PUBLIC "-//W3C//DTD XHTML 1.0 Transitional//EN"
    "http://www.w3.org/TR/xhtml1/DTD/xhtml1-transitional.dtd">
<html xmlns="http://www.w3.org/1999/xhtml" xml:lang="en" lang="en">
 <head>
  <title>
</title>
<meta http-equiv="Content-Type" content="text/html;charset=utf-8" />
  <meta name='ocr-system' content='tesseract 3.04.00' />
  <meta name='ocr-capabilities' content='ocr_page ocr_carea ocr_par ocr_line ocrx_word'/>
</head>
<body>
  <div class='ocr_page' id='page_1' title='image "./magyardiplomacz00wenzgoog_0508.png"; bbox 0 0 3190 5252; ppageno 0'>
   <div class='ocr_carea' id='block_1_1' title="bbox 388 319 1169 400">
    <p class='ocr_par' dir='ltr' id='par_1_1' title="bbox 388 319 1169 400">
     <span class='ocr_line' id='line_1_1' title="bbox 388 319 1169 400; baseline -0.01 0"><span class='ocrx_word' id='word_1_1' title='bbox 388 337 457 400; x_wconf 85' lang='grc'><strong>488</strong></span> <span class='ocrx_word' id='word_1_2' title='bbox 535 319 538 327; x_wconf 65' lang='grc'><strong>’</strong></span> <span class='ocrx_word' id='word_1_3' title='bbox 745 351 982 398; x_wconf 80' lang='lat' dir='ltr'><strong>omnousczutr</strong></span> <span class='ocrx_word' id='word_1_4' title='bbox 998 337 1169 396; x_wconf 70' lang='lat' dir='ltr'><strong>ruerem.</strong></span> 
     </span>
    </p>
   </div>
   <div class='ocr_carea' id='block_1_2' title="bbox 390 509 1556 2125">
    <p class='ocr_par' dir='ltr' id='par_1_2' title="bbox 390 509 1556 2125">
     <span class='ocr_line' id='line_1_2' title="bbox 390 509 1498 598; baseline -0.003 -19"><span class='ocrx_word' id='word_1_5' title='bbox 390 513 490 598; x_wconf 83' lang='lat' dir='ltr'><strong>Ripa,</strong></span> <span class='ocrx_word' id='word_1_6' title='bbox 505 513 584 578; x_wconf 91' lang='lat' dir='ltr'><strong>olim</strong></span> <span class='ocrx_word' id='word_1_7' title='bbox 600 510 791 580; x_wconf 77' lang='lat' dir='ltr'><strong>castellano</strong></span> <span class='ocrx_word' id='word_1_8' title='bbox 811 512 890 577; x_wconf 88' lang='lat' dir='ltr'><strong>dicti</strong></span> <span class='ocrx_word' id='word_1_9' title='bbox 906 511 969 578; x_wconf 92' lang='lat' dir='ltr'><strong>loci</strong></span> <span class='ocrx_word' id='word_1_10' title='bbox 986 509 1112 592; x_wconf 85' lang='lat' dir='ltr'><strong>Catari,</strong></span> <span class='ocrx_word' id='word_1_11' title='bbox 1129 509 1223 593; x_wconf 90' lang='lat' dir='ltr'><strong>quod</strong></span> <span class='ocrx_word' id='word_1_12' title='bbox 1233 511 1498 594; x_wconf 83' lang='lat' dir='ltr'><strong>expositaperdic</strong></span> 
     </span>
     <span class='ocr_line' id='line_1_3' title="bbox 390 609 1546 703; baseline -0.002 -16"><span class='ocrx_word' id='word_1_13' title='bbox 390 627 460 688; x_wconf 85' lang='lat' dir='ltr'><strong>tum</strong></span> <span class='ocrx_word' id='word_1_14' title='bbox 469 620 652 687; x_wconf 73' lang='lat' dir='ltr'><strong>Martinam</strong></span> <span class='ocrx_word' id='word_1_15' title='bbox 668 642 746 687; x_wconf 85' lang='lat' dir='ltr'><strong>vere</strong></span> <span class='ocrx_word' id='word_1_16' title='bbox 756 622 830 696; x_wconf 85' lang='lat' dir='ltr'><strong>sint,</strong></span> <span class='ocrx_word' id='word_1_17' title='bbox 840 626 873 686; x_wconf 90' lang='lat' dir='ltr'><strong>et</strong></span> <span class='ocrx_word' id='word_1_18' title='bbox 883 620 968 703; x_wconf 90' lang='lat' dir='ltr'><strong>qnod</strong></span> <span class='ocrx_word' id='word_1_19' title='bbox 980 619 1053 702; x_wconf 89' lang='lat' dir='ltr'><strong>plus</strong></span> <span class='ocrx_word' id='word_1_20' title='bbox 1063 624 1123 701; x_wconf 85' lang='lat' dir='ltr'><strong>est,</strong></span> <span class='ocrx_word' id='word_1_21' title='bbox 1134 619 1301 686; x_wconf 87' lang='lat' dir='ltr'><strong>Martinus</strong></span> <span class='ocrx_word' id='word_1_22' title='bbox 1311 618 1406 686; x_wconf 88' lang='lat' dir='ltr'><strong>fuerit</strong></span> <span class='ocrx_word' id='word_1_23' title='bbox 1421 641 1500 686; x_wconf 84' lang='lat' dir='ltr'><strong>eausa</strong></span> <span class='ocrx_word' id='word_1_24' title='bbox 1545 609 1546 612; x_wconf 26' lang='lat'>¹</span> 
     </span>
     <span class='ocr_line' id='line_1_4' title="bbox 393 724 1501 812; baseline -0.004 -16"><span class='ocrx_word' id='word_1_25' title='bbox 393 729 649 796; x_wconf 74' lang='lat' dir='ltr'><strong>conservationis</strong></span> <span class='ocrx_word' id='word_1_26' title='bbox 665 727 741 794; x_wconf 89' lang='lat' dir='ltr'><strong>dicti</strong></span> <span class='ocrx_word' id='word_1_27' title='bbox 756 724 867 794; x_wconf 75' lang='lat' dir='ltr'><strong>castri</strong></span> <span class='ocrx_word' id='word_1_28' title='bbox 881 727 923 792; x_wconf 90' lang='lat' dir='ltr'><strong>de</strong></span> <span class='ocrx_word' id='word_1_29' title='bbox 939 735 1086 810; x_wconf 90' lang='lat' dir='ltr'><strong>tempore</strong></span> <span class='ocrx_word' id='word_1_30' title='bbox 1102 726 1136 791; x_wconf 92' lang='lat' dir='ltr'><strong>in</strong></span> <span class='ocrx_word' id='word_1_31' title='bbox 1152 732 1282 810; x_wconf 87' lang='lat' dir='ltr'><strong>tempus</strong></span> <span class='ocrx_word' id='word_1_32' title='bbox 1298 733 1430 812; x_wconf 84' lang='lat' dir='ltr'><strong>propter</strong></span> <span class='ocrx_word' id='word_1_33' title='bbox 1444 727 1501 793; x_wconf 59' lang='lat' dir='ltr'><strong>sut&gt;</strong></span> 
     </span>
     <span class='ocr_line' id='line_1_5' title="bbox 391 834 1503 920; baseline -0.001 -19"><span class='ocrx_word' id='word_1_34' title='bbox 391 840 574 906; x_wconf 81' lang='lat' dir='ltr'><strong>ventionem</strong></span> <span class='ocrx_word' id='word_1_35' title='bbox 606 837 795 904; x_wconf 85' lang='lat' dir='ltr'><strong>continuam</strong></span> <span class='ocrx_word' id='word_1_36' title='bbox 826 836 1007 903; x_wconf 82' lang='lat' dir='ltr'>exhibitam</span> <span class='ocrx_word' id='word_1_37' title='bbox 1032 835 1161 917; x_wconf 86' lang='lat' dir='ltr'><strong>nostris,</strong></span> <span class='ocrx_word' id='word_1_38' title='bbox 1187 837 1244 920; x_wconf 90' lang='lat' dir='ltr'><strong>qui</strong></span> <span class='ocrx_word' id='word_1_39' title='bbox 1272 834 1319 901; x_wconf 93' lang='lat' dir='ltr'><strong>ibi</strong></span> <span class='ocrx_word' id='word_1_40' title='bbox 1343 844 1447 918; x_wconf 87' lang='lat' dir='ltr'><strong>erant;</strong></span> <span class='ocrx_word' id='word_1_41' title='bbox 1467 845 1503 902; x_wconf 84' lang='lat' dir='ltr'><strong>et·</strong></span> 
     </span>
     <span class='ocr_line' id='line_1_6' title="bbox 390 941 1504 1027; baseline -0.003 -16"><span class='ocrx_word' id='word_1_42' title='bbox 390 953 482 1012; x_wconf 86' lang='lat' dir='ltr'><strong>tenta</strong></span> <span class='ocrx_word' id='word_1_43' title='bbox 498 944 598 1011; x_wconf 88' lang='lat' dir='ltr'><strong>ctiam</strong></span> <span class='ocrx_word' id='word_1_44' title='bbox 615 944 757 1010; x_wconf 84' lang='lat' dir='ltr'><strong>maxima</strong></span> <span class='ocrx_word' id='word_1_45' title='bbox 773 943 943 1010; x_wconf 85' lang='lat' dir='ltr'><strong>devotione</strong></span> <span class='ocrx_word' id='word_1_46' title='bbox 960 948 993 1009; x_wconf 89' lang='lat' dir='ltr'><strong>et</strong></span> <span class='ocrx_word' id='word_1_47' title='bbox 1007 942 1094 1009; x_wconf 86' lang='lat' dir='ltr'><strong>bone</strong></span> <span class='ocrx_word' id='word_1_48' title='bbox 1103 941 1316 1027; x_wconf 87' lang='lat' dir='ltr'><strong>dispositione</strong></span> <span class='ocrx_word' id='word_1_49' title='bbox 1335 964 1430 1026; x_wconf 87' lang='lat' dir='ltr'><strong>quam</strong></span> <span class='ocrx_word' id='word_1_50' title='bbox 1438 965 1504 1008; x_wconf 88' lang='lat' dir='ltr'><strong>sem·</strong></span> 
     </span>
     <span class='ocr_line' id='line_1_7' title="bbox 394 1051 1505 1138; baseline -0.001 -20"><span class='ocrx_word' id='word_1_51' title='bbox 394 1076 453 1138; x_wconf 89' lang='lat' dir='ltr'><strong>per</strong></span> <span class='ocrx_word' id='word_1_52' title='bbox 469 1052 588 1119; x_wconf 83' lang='lat' dir='ltr'><strong>habuit</strong></span> <span class='ocrx_word' id='word_1_53' title='bbox 603 1059 637 1118; x_wconf 86' lang='lat' dir='ltr'><strong>et</strong></span> <span class='ocrx_word' id='word_1_54' title='bbox 651 1051 752 1119; x_wconf 86' lang='lat' dir='ltr'><strong>habet</strong></span> <span class='ocrx_word' id='word_1_55' title='bbox 768 1074 847 1137; x_wconf 85' lang='lat' dir='ltr'><strong>erga</strong></span> <span class='ocrx_word' id='word_1_56' title='bbox 867 1073 935 1136; x_wconf 87' lang='lat' dir='ltr'><strong>nos,</strong></span> <span class='ocrx_word' id='word_1_57' title='bbox 960 1051 1047 1135; x_wconf 90' lang='lat' dir='ltr'><strong>quod</strong></span> <span class='ocrx_word' id='word_1_58' title='bbox 1072 1058 1141 1116; x_wconf 85' lang='lat' dir='ltr'><strong>tam</strong></span> <span class='ocrx_word' id='word_1_59' title='bbox 1168 1073 1230 1136; x_wconf 90' lang='lat' dir='ltr'><strong>pro</strong></span> <span class='ocrx_word' id='word_1_60' title='bbox 1255 1051 1416 1118; x_wconf 88' lang='lat' dir='ltr'><strong>solutione</strong></span> <span class='ocrx_word' id='word_1_61' title='bbox 1439 1051 1505 1118; x_wconf 79' lang='lat' dir='ltr'><strong>dicti</strong></span> 
     </span>
     <span class='ocr_line' id='line_1_8' title="bbox 393 1157 1508 1246; baseline 0 -21"><span class='ocrx_word' id='word_1_62' title='bbox 393 1161 557 1246; x_wconf 74' lang='lat' dir='ltr'><strong>frumenti,</strong></span> <span class='ocrx_word' id='word_1_63' title='bbox 574 1181 673 1245; x_wconf 83' lang='lat' dir='ltr'><strong>quarn</strong></span> <span class='ocrx_word' id='word_1_64' title='bbox 689 1183 749 1245; x_wconf 86' lang='lat' dir='ltr'><strong>pro</strong></span> <span class='ocrx_word' id='word_1_65' title='bbox 765 1161 924 1244; x_wconf 81' lang='lat' dir='ltr'><strong>expensis,</strong></span> <span class='ocrx_word' id='word_1_66' title='bbox 940 1159 1061 1226; x_wconf 86' lang='lat' dir='ltr'><strong>damno</strong></span> <span class='ocrx_word' id='word_1_67' title='bbox 1079 1165 1112 1224; x_wconf 90' lang='lat' dir='ltr'><strong>et</strong></span> <span class='ocrx_word' id='word_1_68' title='bbox 1128 1159 1288 1225; x_wconf 85' lang='lat' dir='ltr'><strong>interesse</strong></span> <span class='ocrx_word' id='word_1_69' title='bbox 1305 1157 1408 1225; x_wconf 85' lang='lat' dir='ltr'><strong>eidem</strong></span> <span class='ocrx_word' id='word_1_70' title='bbox 1433 1159 1508 1225; x_wconf 85' lang='lat' dir='ltr'><strong>Mar-</strong></span> 
     </span>
     <span class='ocr_line' id='line_1_9' title="bbox 391 1265 1556 1350; baseline -0.003 -15"><span class='ocrx_word' id='word_1_71' title='bbox 391 1269 460 1335; x_wconf 90' lang='lat' dir='ltr'><strong>tino</strong></span> <span class='ocrx_word' id='word_1_72' title='bbox 475 1268 615 1335; x_wconf 86' lang='lat' dir='ltr'><strong>exhindc</strong></span> <span class='ocrx_word' id='word_1_73' title='bbox 631 1269 760 1350; x_wconf 86' lang='lat' dir='ltr'><strong>secutis,</strong></span> <span class='ocrx_word' id='word_1_74' title='bbox 774 1267 894 1335; x_wconf 88' lang='lat' dir='ltr'><strong>dentur</strong></span> <span class='ocrx_word' id='word_1_75' title='bbox 913 1269 943 1334; x_wconf 90' lang='lat' dir='ltr'><strong>ei</strong></span> <span class='ocrx_word' id='word_1_76' title='bbox 969 1267 1009 1334; x_wconf 89' lang='lat' dir='ltr'><strong>de</strong></span> <span class='ocrx_word' id='word_1_77' title='bbox 1036 1265 1179 1332; x_wconf 85' lang='lat' dir='ltr'><strong>denariis</strong></span> <span class='ocrx_word' id='word_1_78' title='bbox 1204 1270 1309 1333; x_wconf 78' lang='lat' dir='ltr'><strong>nostri</strong></span> <span class='ocrx_word' id='word_1_79' title='bbox 1335 1267 1505 1334; x_wconf 86' lang='lat' dir='ltr'><strong>Communis</strong></span> <span class='ocrx_word' id='word_1_80' title='bbox 1555 1337 1556 1340; x_wconf 8' lang='grc' dir='ltr'><strong>Ἴ</strong></span> 
     </span>
     <span class='ocr_line' id='line_1_10' title="bbox 393 1373 1504 1461; baseline -0.005 -17"><span class='ocrx_word' id='word_1_81' title='bbox 393 1378 504 1444; x_wconf 88' lang='lat' dir='ltr'><strong>ducati</strong></span> <span class='ocrx_word' id='word_1_82' title='bbox 522 1376 754 1461; x_wconf 77' lang='lat' dir='ltr'><strong>quadringenti</strong></span> <span class='ocrx_word' id='word_1_83' title='bbox 770 1377 852 1457; x_wconf 88' lang='lat' dir='ltr'><strong>auri,</strong></span> <span class='ocrx_word' id='word_1_84' title='bbox 877 1375 1015 1441; x_wconf 84' lang='lat' dir='ltr'><strong>faciente</strong></span> <span class='ocrx_word' id='word_1_85' title='bbox 1031 1373 1103 1458; x_wconf 90' lang='lat' dir='ltr'><strong>ipso</strong></span> <span class='ocrx_word' id='word_1_86' title='bbox 1128 1374 1225 1440; x_wconf 89' lang='lat' dir='ltr'><strong>finem</strong></span> <span class='ocrx_word' id='word_1_87' title='bbox 1243 1381 1276 1441; x_wconf 89' lang='lat' dir='ltr'><strong>et</strong></span> <span class='ocrx_word' id='word_1_88' title='bbox 1301 1376 1504 1443; x_wconf 85' lang='lat' dir='ltr'><strong>remissionem</strong></span> 
     </span>
     <span class='ocr_line' id='line_1_11' title="bbox 392 1483 1503 1567; baseline -0.004 -17"><span class='ocrx_word' id='word_1_89' title='bbox 392 1493 505 1551; x_wconf 90' lang='lat' dir='ltr'><strong>nostro</strong></span> <span class='ocrx_word' id='word_1_90' title='bbox 522 1483 696 1551; x_wconf 75' lang='lat' dir='ltr'><strong>Communi</strong></span> <span class='ocrx_word' id='word_1_91' title='bbox 711 1484 753 1549; x_wconf 92' lang='lat' dir='ltr'><strong>de</strong></span> <span class='ocrx_word' id='word_1_92' title='bbox 769 1488 842 1550; x_wconf 92' lang='lat' dir='ltr'><strong>toto</strong></span> <span class='ocrx_word' id='word_1_93' title='bbox 859 1503 906 1565; x_wconf 89' lang='lat' dir='ltr'><strong>eo,</strong></span> <span class='ocrx_word' id='word_1_94' title='bbox 923 1483 1011 1567; x_wconf 89' lang='lat' dir='ltr'><strong>quod</strong></span> <span class='ocrx_word' id='word_1_95' title='bbox 1021 1487 1132 1566; x_wconf 88' lang='lat' dir='ltr'><strong>petere</strong></span> <span class='ocrx_word' id='word_1_96' title='bbox 1144 1487 1256 1567; x_wconf 86' lang='lat' dir='ltr'><strong>posset</strong></span> <span class='ocrx_word' id='word_1_97' title='bbox 1271 1491 1340 1548; x_wconf 87' lang='lat' dir='ltr'><strong>tam</strong></span> <span class='ocrx_word' id='word_1_98' title='bbox 1356 1505 1415 1567; x_wconf 89' lang='lat' dir='ltr'><strong>pro</strong></span> <span class='ocrx_word' id='word_1_99' title='bbox 1431 1483 1503 1548; x_wconf 85' lang='lat' dir='ltr'><strong>dicto</strong></span> 
     </span>
     <span class='ocr_line' id='line_1_12' title="bbox 391 1589 1503 1676; baseline -0.002 -20"><span class='ocrx_word' id='word_1_100' title='bbox 391 1592 564 1676; x_wconf 85' lang='lat' dir='ltr'><strong>frumento,</strong></span> <span class='ocrx_word' id='word_1_101' title='bbox 580 1613 678 1676; x_wconf 89' lang='lat' dir='ltr'><strong>quam</strong></span> <span class='ocrx_word' id='word_1_102' title='bbox 694 1613 754 1675; x_wconf 88' lang='lat' dir='ltr'><strong>pro</strong></span> <span class='ocrx_word' id='word_1_103' title='bbox 770 1611 963 1676; x_wconf 86' lang='lat' dir='ltr'><strong>quacunque</strong></span> <span class='ocrx_word' id='word_1_104' title='bbox 979 1589 1046 1656; x_wconf 88' lang='lat' dir='ltr'><strong>alia</strong></span> <span class='ocrx_word' id='word_1_105' title='bbox 1072 1593 1199 1656; x_wconf 89' lang='lat' dir='ltr'><strong>ratione</strong></span> <span class='ocrx_word' id='word_1_106' title='bbox 1217 1591 1267 1655; x_wconf 78' lang='lat' dir='ltr'><strong>rel</strong></span> <span class='ocrx_word' id='word_1_107' title='bbox 1293 1613 1392 1658; x_wconf 85' lang='lat' dir='ltr'><strong>causa</strong></span> <span class='ocrx_word' id='word_1_108' title='bbox 1416 1612 1503 1674; x_wconf 89' lang='lat' dir='ltr'><strong>usque</strong></span> 
     </span>
     <span class='ocr_line' id='line_1_13' title="bbox 392 1699 1504 1785; baseline -0.003 -20"><span class='ocrx_word' id='word_1_109' title='bbox 392 1701 426 1765; x_wconf 90' lang='lat' dir='ltr'><strong>in</strong></span> <span class='ocrx_word' id='word_1_110' title='bbox 443 1701 528 1769; x_wconf 91' lang='lat' dir='ltr'><strong>diem</strong></span> <span class='ocrx_word' id='word_1_111' title='bbox 544 1708 738 1785; x_wconf 86' lang='lat' dir='ltr'><strong>presentem,</strong></span> <span class='ocrx_word' id='word_1_112' title='bbox 754 1699 852 1766; x_wconf 87' lang='lat' dir='ltr'><strong>salvis</strong></span> <span class='ocrx_word' id='word_1_113' title='bbox 868 1705 901 1764; x_wconf 89' lang='lat' dir='ltr'><strong>ct</strong></span> <span class='ocrx_word' id='word_1_114' title='bbox 916 1699 1090 1764; x_wconf 79' lang='lat' dir='ltr'><strong>reservetis</strong></span> <span class='ocrx_word' id='word_1_115' title='bbox 1107 1706 1219 1765; x_wconf 87' lang='lat' dir='ltr'><strong>nostro</strong></span> <span class='ocrx_word' id='word_1_116' title='bbox 1230 1699 1403 1765; x_wconf 78' lang='lat' dir='ltr'><strong>Communi</strong></span> <span class='ocrx_word' id='word_1_117' title='bbox 1418 1699 1504 1763; x_wconf 91' lang='lat' dir='ltr'><strong>omni-</strong></span> 
     </span>
     <span class='ocr_line' id='line_1_14' title="bbox 394 1805 1504 1893; baseline -0.004 -20"><span class='ocrx_word' id='word_1_118' title='bbox 394 1809 455 1874; x_wconf 91' lang='lat' dir='ltr'><strong>bus</strong></span> <span class='ocrx_word' id='word_1_119' title='bbox 472 1807 606 1892; x_wconf 79' lang='lat' dir='ltr'><strong>iuribus,</strong></span> <span class='ocrx_word' id='word_1_120' title='bbox 624 1829 706 1893; x_wconf 87' lang='lat' dir='ltr'><strong>ques</strong></span> <span class='ocrx_word' id='word_1_121' title='bbox 723 1807 860 1874; x_wconf 86' lang='lat' dir='ltr'><strong>heberet</strong></span> <span class='ocrx_word' id='word_1_122' title='bbox 876 1808 909 1872; x_wconf 91' lang='lat' dir='ltr'><strong>in</strong></span> <span class='ocrx_word' id='word_1_123' title='bbox 935 1805 1077 1872; x_wconf 87' lang='lat' dir='ltr'><strong>denariis</strong></span> <span class='ocrx_word' id='word_1_124' title='bbox 1103 1807 1317 1891; x_wconf 86' lang='lat' dir='ltr'><strong>sequestratis</strong></span> <span class='ocrx_word' id='word_1_125' title='bbox 1342 1830 1381 1892; x_wconf 88' lang='lat' dir='ltr'><strong>pe</strong></span> <span class='ocrx_word' id='word_1_126' title='bbox 1406 1807 1504 1872; x_wconf 88' lang='lat' dir='ltr'><strong>butino</strong></span> 
     </span>
     <span class='ocr_line' id='line_1_15' title="bbox 393 1913 519 1981; baseline 0.008 -1"><span class='ocrx_word' id='word_1_127' title='bbox 393 1913 519 1981; x_wconf 80' lang='lat' dir='ltr'><strong>Catari.</strong></span> 
     </span>
     <span class='ocr_line' id='line_1_16' title="bbox 429 2057 1476 2125; baseline -0.003 -16"><span class='ocrx_word' id='word_1_128' title='bbox 429 2060 464 2122; x_wconf 80' lang='lat' dir='ltr'><strong>tlt</strong></span> <span class='ocrx_word' id='word_1_129' title='bbox 481 2059 590 2110; x_wconf 73' lang='lat' dir='ltr'><strong>›nisti‹</strong></span> <span class='ocrx_word' id='word_1_130' title='bbox 606 2057 697 2109; x_wconf 84' lang='lat' dir='ltr'><strong>ozimtt</strong></span> <span class='ocrx_word' id='word_1_131' title='bbox 710 2059 847 2110; x_wconf 84' lang='lat' dir='ltr'><strong>velenozei</strong></span> <span class='ocrx_word' id='word_1_132' title='bbox 860 2059 1043 2125; x_wconf 75' lang='lat' dir='ltr'><strong>altamktinyr</strong></span> <span class='ocrx_word' id='word_1_133' title='bbox 1065 2059 1210 2121; x_wconf 83' lang='lat' dir='ltr'><strong>xxxvn,</strong></span> <span class='ocrx_word' id='word_1_134' title='bbox 1224 2057 1370 2109; x_wconf 71' lang='lat' dir='ltr'><strong>nocetebol</strong></span> <span class='ocrx_word' id='word_1_135' title='bbox 1384 2062 1438 2108; x_wconf 71' lang='lat'><strong>242.</strong></span> <span class='ocrx_word' id='word_1_136' title='bbox 1450 2058 1476 2118; x_wconf 78' lang='lat' dir='ltr'><strong>t)</strong></span> 
     </span>
    </p>
   </div>
   <div class='ocr_carea' id='block_1_3' title="bbox 879 2219 1037 2228">
    <p class='ocr_par' dir='ltr' id='par_1_3' title="bbox 879 2219 1037 2228">
     <span class='ocr_line' id='line_1_17' title="bbox 879 2219 1037 2228; baseline 0 0"><span class='ocrx_word' id='word_1_137' title='bbox 879 2219 1037 2228; x_wconf 74' lang='lat'><strong>-—---—-</strong></span> 
     </span>
    </p>
   </div>
   <div class='ocr_carea' id='block_1_4' title="bbox 923 2346 995 2408">
    <p class='ocr_par' dir='ltr' id='par_1_4' title="bbox 923 2346 995 2408">
     <span class='ocr_line' id='line_1_18' title="bbox 923 2346 995 2408; baseline 0 0"><span class='ocrx_word' id='word_1_138' title='bbox 923 2346 995 2408; x_wconf 76' lang='lat'><strong>254.</strong></span> 
     </span>
    </p>
   </div>
   <div class='ocr_carea' id='block_1_5' title="bbox 392 2507 1504 2701">
    <p class='ocr_par' dir='ltr' id='par_1_5' title="bbox 392 2507 1504 2701">
     <span class='ocr_line' id='line_1_19' title="bbox 392 2507 1504 2595; baseline -0.004 -23"><span class='ocrx_word' id='word_1_139' title='bbox 392 2509 443 2573; x_wconf 84' lang='grc' dir='ltr'><strong>ΙΙ.</strong></span> <span class='ocrx_word' id='word_1_140' title='bbox 461 2509 588 2595; x_wconf 79' lang='lat' dir='ltr'><strong>Ku&#39;roly</strong></span> <span class='ocrx_word' id='word_1_141' title='bbox 605 2509 730 2573; x_wconf 78' lang='lat' dir='ltr'><strong>sicilici</strong></span> <span class='ocrx_word' id='word_1_142' title='bbox 745 2507 858 2593; x_wconf 76' lang='lat' dir='ltr'><strong>leirdly</strong></span> <span class='ocrx_word' id='word_1_143' title='bbox 874 2529 894 2570; x_wconf 90' lang='lat' dir='ltr'><strong>a</strong></span> <span class='ocrx_word' id='word_1_144' title='bbox 911 2507 975 2571; x_wconf 84' lang='lat' dir='ltr'><strong>cele</strong></span> <span class='ocrx_word' id='word_1_145' title='bbox 997 2507 1312 2594; x_wconf 68' lang='lat' dir='ltr'><strong>Mayyarorsquoo&#39;t</strong></span> <span class='ocrx_word' id='word_1_146' title='bbox 1320 2509 1384 2592; x_wconf 72' lang='lat' dir='ltr'><strong>jott</strong></span> <span class='ocrx_word' id='word_1_147' title='bbox 1398 2507 1504 2570; x_wconf 67' lang='lat' dir='ltr'><strong>ridear·</strong></span> 
     </span>
     <span class='ocr_line' id='line_1_20' title="bbox 429 2615 1466 2701; baseline -0.003 -22"><span class='ocrx_word' id='word_1_148' title='bbox 429 2617 528 2681; x_wconf 72' lang='lat' dir='ltr'><strong>rwkrit</strong></span> <span class='ocrx_word' id='word_1_149' title='bbox 546 2617 679 2682; x_wconf 77' lang='lat' dir='ltr'><strong>Orboczs&#39;</strong></span> <span class='ocrx_word' id='word_1_150' title='bbox 695 2616 796 2680; x_wconf 81' lang='lat' dir='ltr'><strong>Imre&#39;t</strong></span> <span class='ocrx_word' id='word_1_151' title='bbox 814 2617 919 2680; x_wconf 77' lang='lat' dir='ltr'><strong>neuezi</strong></span> <span class='ocrx_word' id='word_1_152' title='bbox 935 2616 970 2680; x_wconf 79' lang='lat' dir='ltr'><strong>ki</strong></span> <span class='ocrx_word' id='word_1_153' title='bbox 989 2615 1120 2680; x_wconf 78' lang='lat' dir='ltr'><strong>Treui-i</strong></span> <span class='ocrx_word' id='word_1_154' title='bbox 1136 2615 1366 2701; x_wconf 71' lang='lat' dir='ltr'><strong>odraaqynok.</strong></span> <span class='ocrx_word' id='word_1_155' title='bbox 1382 2615 1466 2678; x_wconf 78' lang='lat'><strong><em>1382.</em></strong></span> 
     </span>
    </p>
   </div>
   <div class='ocr_carea' id='block_1_6' title="bbox 391 2772 1506 3076">
    <p class='ocr_par' dir='ltr' id='par_1_6' title="bbox 391 2772 1506 3076">
     <span class='ocr_line' id='line_1_21' title="bbox 500 2772 1506 2860; baseline -0.006 -20"><span class='ocrx_word' id='word_1_156' title='bbox 500 2774 696 2860; x_wconf 84' lang='lat' dir='ltr'><strong>Aymericus</strong></span> <span class='ocrx_word' id='word_1_157' title='bbox 722 2774 809 2841; x_wconf 88' lang='lat' dir='ltr'><strong>filius</strong></span> <span class='ocrx_word' id='word_1_158' title='bbox 835 2775 896 2841; x_wconf 82' lang='lat' dir='ltr'><strong>riri</strong></span> <span class='ocrx_word' id='word_1_159' title='bbox 922 2775 1040 2841; x_wconf 89' lang='lat' dir='ltr'><strong>nobilis</strong></span> <span class='ocrx_word' id='word_1_160' title='bbox 1065 2773 1230 2840; x_wconf 86' lang='lat' dir='ltr'><strong>Johannis</strong></span> <span class='ocrx_word' id='word_1_161' title='bbox 1256 2772 1296 2838; x_wconf 90' lang='lat' dir='ltr'><strong>de</strong></span> <span class='ocrx_word' id='word_1_162' title='bbox 1322 2775 1442 2842; x_wconf 86' lang='lat' dir='ltr'><strong>Orbocz</strong></span> <span class='ocrx_word' id='word_1_163' title='bbox 1473 2772 1506 2836; x_wconf 87' lang='lat' dir='ltr'><strong>de</strong></span> 
     </span>
     <span class='ocr_line' id='line_1_22' title="bbox 391 2877 1503 2966; baseline -0.006 -17"><span class='ocrx_word' id='word_1_164' title='bbox 391 2881 542 2966; x_wconf 82' lang='lat' dir='ltr'><strong>Vngaria</strong></span> <span class='ocrx_word' id='word_1_165' title='bbox 557 2882 649 2948; x_wconf 88' lang='lat' dir='ltr'><strong>miles</strong></span> <span class='ocrx_word' id='word_1_166' title='bbox 669 2880 842 2948; x_wconf 83' lang='lat' dir='ltr'><strong>familiaris</strong></span> <span class='ocrx_word' id='word_1_167' title='bbox 868 2889 928 2948; x_wconf 92' lang='lat' dir='ltr'><strong>etc.</strong></span> <span class='ocrx_word' id='word_1_168' title='bbox 944 2903 1002 2966; x_wconf 88' lang='lat' dir='ltr'><strong>pro</strong></span> <span class='ocrx_word' id='word_1_169' title='bbox 1020 2903 1053 2947; x_wconf 88' lang='lat' dir='ltr'><strong>se</strong></span> <span class='ocrx_word' id='word_1_170' title='bbox 1080 2888 1113 2947; x_wconf 91' lang='lat' dir='ltr'><strong>et</strong></span> <span class='ocrx_word' id='word_1_171' title='bbox 1129 2882 1196 2947; x_wconf 83' lang='lat' dir='ltr'><strong>suie</strong></span> <span class='ocrx_word' id='word_1_172' title='bbox 1222 2881 1392 2947; x_wconf 86' lang='lat' dir='ltr'><strong>heredibus</strong></span> <span class='ocrx_word' id='word_1_173' title='bbox 1417 2877 1503 2944; x_wconf 83' lang='lat' dir='ltr'><strong>hebet</strong></span> 
     </span>
     <span class='ocr_line' id='line_1_23' title="bbox 392 2987 1504 3076; baseline -0.002 -22"><span class='ocrx_word' id='word_1_174' title='bbox 392 2987 629 3054; x_wconf 86' lang='lat' dir='ltr'><strong>Castellaniam</strong></span> <span class='ocrx_word' id='word_1_175' title='bbox 646 2987 757 3055; x_wconf 85' lang='lat' dir='ltr'><strong>Castri</strong></span> <span class='ocrx_word' id='word_1_176' title='bbox 773 2995 883 3056; x_wconf 89' lang='lat' dir='ltr'><strong>nostre</strong></span> <span class='ocrx_word' id='word_1_177' title='bbox 899 2987 1053 3056; x_wconf 83' lang='lat' dir='ltr'><strong>Civitatis</strong></span> <span class='ocrx_word' id='word_1_178' title='bbox 1064 2990 1167 3056; x_wconf 79' lang='lat' dir='ltr'><strong>Treui</strong></span> <span class='ocrx_word' id='word_1_179' title='bbox 1178 3011 1250 3056; x_wconf 89' lang='lat' dir='ltr'><strong>cum</strong></span> <span class='ocrx_word' id='word_1_180' title='bbox 1261 2990 1442 3076; x_wconf 85' lang='lat' dir='ltr'><strong>prouisione</strong></span> <span class='ocrx_word' id='word_1_181' title='bbox 1456 3009 1504 3053; x_wconf 86' lang='lat' dir='ltr'><strong>an·</strong></span> 
     </span>
    </p>
   </div>
   <div class='ocr_carea' id='block_1_7' title="bbox 392 3097 968 3185">
    <p class='ocr_par' dir='ltr' id='par_1_7' title="bbox 392 3097 968 3185">
     <span class='ocr_line' id='line_1_24' title="bbox 392 3097 968 3185; baseline 0 -23"><span class='ocrx_word' id='word_1_182' title='bbox 392 3117 459 3164; x_wconf 90' lang='lat' dir='ltr'><strong>nna</strong></span> <span class='ocrx_word' id='word_1_183' title='bbox 475 3105 534 3164; x_wconf 90' lang='lat' dir='ltr'><strong>etc.</strong></span> <span class='ocrx_word' id='word_1_184' title='bbox 550 3097 663 3182; x_wconf 84' lang='grc'><strong>(1333.</strong></span> <span class='ocrx_word' id='word_1_185' title='bbox 681 3102 733 3163; x_wconf 77' lang='lat'><strong>22.</strong></span> <span class='ocrx_word' id='word_1_186' title='bbox 750 3097 968 3185; x_wconf 85' lang='lat' dir='ltr'><strong>Novembris.)</strong></span> 
     </span>
    </p>
   </div>
   <div class='ocr_carea' id='block_1_8' title="bbox 392 3239 1505 3398">
    <p class='ocr_par' dir='ltr' id='par_1_8' title="bbox 392 3239 1505 3398">
     <span class='ocr_line' id='line_1_25' title="bbox 392 3239 1505 3308; baseline 0 -16"><span class='ocrx_word' id='word_1_187' title='bbox 392 3243 428 3304; x_wconf 75' lang='lat' dir='ltr'><strong>(A</strong></span> <span class='ocrx_word' id='word_1_188' title='bbox 442 3243 581 3308; x_wconf 79' lang='lat' dir='ltr'><strong>›Registri</strong></span> <span class='ocrx_word' id='word_1_189' title='bbox 596 3240 747 3308; x_wconf 77' lang='lat' dir='ltr'><strong>Angioini«</strong></span> <span class='ocrx_word' id='word_1_190' title='bbox 764 3249 823 3294; x_wconf 75' lang='lat'>359.</span> <span class='ocrx_word' id='word_1_191' title='bbox 838 3259 874 3294; x_wconf 78' lang='lat' dir='ltr'><strong>ez.</strong></span> <span class='ocrx_word' id='word_1_192' title='bbox 888 3259 913 3294; x_wconf 81' lang='lat' dir='ltr'><strong>a.</strong></span> <span class='ocrx_word' id='word_1_193' title='bbox 924 3243 992 3308; x_wconf 78' lang='lat' dir='ltr'><strong>Beg.</strong></span> <span class='ocrx_word' id='word_1_194' title='bbox 1007 3245 1099 3295; x_wconf 75' lang='lat' dir='ltr'><strong>Caroli</strong></span> <span class='ocrx_word' id='word_1_195' title='bbox 1113 3245 1163 3294; x_wconf 88' lang='lat'><em>111.</em></span> <span class='ocrx_word' id='word_1_196' title='bbox 1174 3244 1318 3296; x_wconf 68' lang='lat' dir='ltr'><strong>nummum</strong></span> <span class='ocrx_word' id='word_1_197' title='bbox 1332 3250 1374 3296; x_wconf 80' lang='lat' dir='ltr'><strong>ut.</strong></span> <span class='ocrx_word' id='word_1_198' title='bbox 1387 3246 1420 3306; x_wconf 85' lang='lat'><strong>1.;</strong></span> <span class='ocrx_word' id='word_1_199' title='bbox 1437 3239 1505 3292; x_wconf 84' lang='lat' dir='ltr'><strong>akir·</strong></span> 
     </span>
     <span class='ocr_line' id='line_1_26' title="bbox 752 3333 1164 3398; baseline 0.005 -16"><span class='ocrx_word' id='word_1_200' title='bbox 752 3334 829 3384; x_wconf 80' lang='lat' dir='ltr'><strong>olasz</strong></span> <span class='ocrx_word' id='word_1_201' title='bbox 842 3333 955 3398; x_wconf 72' lang='lat' dir='ltr'><strong>napolyi</strong></span> <span class='ocrx_word' id='word_1_202' title='bbox 969 3333 1164 3394; x_wconf 72' lang='lat' dir='ltr'><strong>tevelrerbrn.)</strong></span> 
     </span>
    </p>
   </div>
   <div class='ocr_carea' id='block_1_9' title="bbox 878 3495 1036 3503">
    <p class='ocr_par' dir='ltr' id='par_1_9' title="bbox 878 3495 1036 3503">
     <span class='ocr_line' id='line_1_27' title="bbox 878 3495 1036 3503; baseline 0 -1"><span class='ocrx_word' id='word_1_203' title='bbox 878 3495 911 3503; x_wconf 79' lang='grc'><strong>..-</strong></span> <span class='ocrx_word' id='word_1_204' title='bbox 978 3495 1036 3503; x_wconf 77' lang='lat'><strong>---</strong></span> 
     </span>
    </p>
   </div>
   <div class='ocr_carea' id='block_1_10' title="bbox 391 3621 1506 3868">
    <p class='ocr_par' dir='ltr' id='par_1_10' title="bbox 391 3621 1506 3868">
     <span class='ocr_line' id='line_1_28' title="bbox 919 3621 992 3683; baseline 0.027 -2"><span class='ocrx_word' id='word_1_205' title='bbox 919 3621 992 3683; x_wconf 79' lang='lat'><strong>255.</strong></span> 
     </span>
     <span class='ocr_line' id='line_1_29' title="bbox 391 3779 1506 3868; baseline 0 -24"><span class='ocrx_word' id='word_1_206' title='bbox 391 3781 463 3856; x_wconf 85' lang='lat'><em>111,</em></span> <span class='ocrx_word' id='word_1_207' title='bbox 479 3779 607 3864; x_wconf 76' lang='lat' dir='ltr'><strong>Ka&#39;roly</strong></span> <span class='ocrx_word' id='word_1_208' title='bbox 624 3779 750 3844; x_wconf 79' lang='lat' dir='ltr'><strong>sicilici</strong></span> <span class='ocrx_word' id='word_1_209' title='bbox 765 3781 878 3868; x_wconf 65' lang='lat' dir='ltr'><strong>army</strong></span> <span class='ocrx_word' id='word_1_210' title='bbox 895 3781 1029 3847; x_wconf 82' lang='lat' dir='ltr'><strong>Orboczi</strong></span> <span class='ocrx_word' id='word_1_211' title='bbox 1046 3782 1185 3848; x_wconf 63' lang='lat' dir='ltr'><strong>Minoe</strong></span> <span class='ocrx_word' id='word_1_212' title='bbox 1211 3783 1367 3850; x_wconf 84' lang='lat' dir='ltr'><strong>Imre&#39;nek</strong></span> <span class='ocrx_word' id='word_1_213' title='bbox 1380 3784 1439 3868; x_wconf 61' lang='lat' dir='ltr'><strong>ficit</strong></span> <span class='ocrx_word' id='word_1_214' title='bbox 1463 3803 1506 3844; x_wconf 82' lang='lat' dir='ltr'><strong>ue·</strong></span> 
     </span>
    </p>
   </div>
   <div class='ocr_carea' id='block_1_11' title="bbox 974 3891 998 3911">
    <p class='ocr_par' dir='ltr' id='par_1_11' title="bbox 974 3891 998 3911">
     <span class='ocr_line' id='line_1_30' title="bbox 974 3891 998 3911; baseline 0 -7"><span class='ocrx_word' id='word_1_215' title='bbox 974 3891 998 3911; x_wconf 69' lang='lat' dir='ltr'><strong>&#39;U</strong></span> 
     </span>
    </p>
   </div>
   <div class='ocr_carea' id='block_1_12' title="bbox 557 3887 1355 4008">
    <p class='ocr_par' dir='ltr' id='par_1_12' title="bbox 557 3887 1355 4008">
     <span class='ocr_line' id='line_1_31' title="bbox 557 3887 1355 4008; baseline 0.009 -59"><span class='ocrx_word' id='word_1_216' title='bbox 557 3887 621 4008; x_wconf 32' lang='lat' dir='ltr'><strong>oce-‘e&#39;</strong></span> <span class='ocrx_word' id='word_1_217' title='bbox 640 3887 678 3951; x_wconf 75' lang='lat' dir='ltr'><strong>ki</strong></span> <span class='ocrx_word' id='word_1_218' title='bbox 694 3888 823 3975; x_wconf 74' lang='lat' dir='ltr'><strong>kirutyi</strong></span> <span class='ocrx_word' id='word_1_219' title='bbox 839 3888 1020 3973; x_wconf 72' lang='lat' dir='ltr'><strong>kctpolnoya</strong></span> <span class='ocrx_word' id='word_1_220' title='bbox 1038 3890 1239 3955; x_wconf 72' lang='lat' dir='ltr'><strong>e&#39;aekescnek.</strong></span> <span class='ocrx_word' id='word_1_221' title='bbox 1258 3895 1355 3958; x_wconf 80' lang='lat'><strong><em>1382.</em></strong></span> 
     </span>
    </p>
   </div>
   <div class='ocr_carea' id='block_1_13' title="bbox 390 4045 1505 4350">
    <p class='ocr_par' dir='ltr' id='par_1_13' title="bbox 390 4045 1505 4350">
     <span class='ocr_line' id='line_1_32' title="bbox 498 4045 1505 4134; baseline -0.005 -21"><span class='ocrx_word' id='word_1_222' title='bbox 498 4046 647 4113; x_wconf 82' lang='lat' dir='ltr'><strong>Vacante</strong></span> <span class='ocrx_word' id='word_1_223' title='bbox 664 4045 873 4112; x_wconf 87' lang='lat' dir='ltr'><strong>subcantoria</strong></span> <span class='ocrx_word' id='word_1_224' title='bbox 889 4046 1025 4130; x_wconf 83' lang='lat' dir='ltr'><strong>Regalis</strong></span> <span class='ocrx_word' id='word_1_225' title='bbox 1045 4045 1178 4134; x_wconf 86' lang='lat' dir='ltr'><strong>Capelte</strong></span> <span class='ocrx_word' id='word_1_226' title='bbox 1199 4071 1258 4134; x_wconf 92' lang='lat' dir='ltr'><strong>per</strong></span> <span class='ocrx_word' id='word_1_227' title='bbox 1284 4052 1407 4118; x_wconf 84' lang='lat' dir='ltr'><strong>obitum</strong></span> <span class='ocrx_word' id='word_1_228' title='bbox 1427 4067 1505 4132; x_wconf 86' lang='lat' dir='ltr'><strong>pres·</strong></span> 
     </span>
     <span class='ocr_line' id='line_1_33' title="bbox 391 4153 1503 4236; baseline 0.001 -20"><span class='ocrx_word' id='word_1_229' title='bbox 391 4153 487 4217; x_wconf 88' lang='lat' dir='ltr'><strong>biteri</strong></span> <span class='ocrx_word' id='word_1_230' title='bbox 503 4154 649 4221; x_wconf 86' lang='lat' dir='ltr'><strong>Nicolosi</strong></span> <span class='ocrx_word' id='word_1_231' title='bbox 666 4153 797 4236; x_wconf 85' lang='lat' dir='ltr'><strong>Vngari</strong></span> <span class='ocrx_word' id='word_1_232' title='bbox 813 4155 927 4220; x_wconf 88' lang='lat' dir='ltr'><strong>eadem</strong></span> <span class='ocrx_word' id='word_1_233' title='bbox 953 4155 1183 4223; x_wconf 87' lang='lat' dir='ltr'><strong>subcantorrie</strong></span> <span class='ocrx_word' id='word_1_234' title='bbox 1209 4159 1376 4226; x_wconf 87' lang='lat' dir='ltr'><strong>confertur</strong></span> <span class='ocrx_word' id='word_1_235' title='bbox 1391 4155 1503 4224; x_wconf 88' lang='lat' dir='ltr'><strong>Clerico</strong></span> 
     </span>
     <span class='ocr_line' id='line_1_34' title="bbox 390 4261 1502 4350; baseline 0 -22"><span class='ocrx_word' id='word_1_236' title='bbox 390 4261 530 4328; x_wconf 86' lang='lat' dir='ltr'><strong>Nicolao</strong></span> <span class='ocrx_word' id='word_1_237' title='bbox 546 4263 614 4328; x_wconf 88' lang='lat' dir='ltr'><strong>tilio</strong></span> <span class='ocrx_word' id='word_1_238' title='bbox 630 4263 772 4329; x_wconf 87' lang='lat' dir='ltr'><strong>Emerici</strong></span> <span class='ocrx_word' id='word_1_239' title='bbox 789 4261 926 4348; x_wconf 84' lang='lat' dir='ltr'><strong>Arbocij</strong></span> <span class='ocrx_word' id='word_1_240' title='bbox 947 4264 1083 4349; x_wconf 83' lang='lat' dir='ltr'><strong>Vngari.</strong></span> <span class='ocrx_word' id='word_1_241' title='bbox 1100 4267 1214 4350; x_wconf 82' lang='lat'>(1382.</span> <span class='ocrx_word' id='word_1_242' title='bbox 1232 4273 1285 4335; x_wconf 81' lang='grc'><strong>27.</strong></span> <span class='ocrx_word' id='word_1_243' title='bbox 1301 4269 1335 4335; x_wconf 86' lang='lat' dir='ltr'>N</span> <span class='ocrx_word' id='word_1_244' title='bbox 1337 4263 1502 4347; x_wconf 79' lang='lat' dir='ltr'><strong>ovembris)</strong></span> 
     </span>
    </p>
   </div>
   <div class='ocr_carea' id='block_1_14' title="bbox 392 4404 1505 4570">
    <p class='ocr_par' dir='ltr' id='par_1_14' title="bbox 392 4404 1505 4570">
     <span class='ocr_line' id='line_1_35' title="bbox 392 4404 1505 4476; baseline 0.01 -22"><span class='ocrx_word' id='word_1_245' title='bbox 392 4404 427 4467; x_wconf 79' lang='lat' dir='ltr'><strong>(A</strong></span> <span class='ocrx_word' id='word_1_246' title='bbox 443 4406 586 4476; x_wconf 80' lang='lat' dir='ltr'><strong>»Registre</strong></span> <span class='ocrx_word' id='word_1_247' title='bbox 599 4406 749 4472; x_wconf 74' lang='lat' dir='ltr'><strong>Angioini«</strong></span> <span class='ocrx_word' id='word_1_248' title='bbox 765 4413 825 4459; x_wconf 80' lang='lat'>359.</span> <span class='ocrx_word' id='word_1_249' title='bbox 838 4423 874 4458; x_wconf 81' lang='lat' dir='ltr'><strong>sa.</strong></span> <span class='ocrx_word' id='word_1_250' title='bbox 889 4423 915 4460; x_wconf 83' lang='lat' dir='ltr'><strong>a.</strong></span> <span class='ocrx_word' id='word_1_251' title='bbox 930 4409 997 4474; x_wconf 80' lang='lat' dir='ltr'><strong>Reg.</strong></span> <span class='ocrx_word' id='word_1_252' title='bbox 1011 4410 1105 4460; x_wconf 80' lang='lat' dir='ltr'><strong>Caroli</strong></span> <span class='ocrx_word' id='word_1_253' title='bbox 1129 4413 1180 4462; x_wconf 88' lang='lat'><em>111.</em></span> <span class='ocrx_word' id='word_1_254' title='bbox 1204 4412 1350 4468; x_wconf 65' lang='lat' dir='ltr'><strong>kotete&#39;bul</strong></span> <span class='ocrx_word' id='word_1_255' title='bbox 1374 4413 1426 4466; x_wconf 75' lang='lat'>276.</span> <span class='ocrx_word' id='word_1_256' title='bbox 1439 4411 1475 4458; x_wconf 84' lang='lat' dir='ltr'><strong>l·:</strong></span> <span class='ocrx_word' id='word_1_257' title='bbox 1492 4423 1505 4460; x_wconf 75' lang='lat' dir='ltr'><strong>t</strong></span> 
     </span>
     <span class='ocr_line' id='line_1_36' title="bbox 715 4496 1203 4570; baseline 0.006 -21"><span class='ocrx_word' id='word_1_258' title='bbox 715 4496 769 4550; x_wconf 79' lang='lat' dir='ltr'><strong>kir.</strong></span> <span class='ocrx_word' id='word_1_259' title='bbox 788 4499 864 4547; x_wconf 77' lang='lat' dir='ltr'><strong>claua</strong></span> <span class='ocrx_word' id='word_1_260' title='bbox 878 4498 995 4563; x_wconf 73' lang='lat' dir='ltr'><strong>napolyi</strong></span> <span class='ocrx_word' id='word_1_261' title='bbox 1008 4499 1203 4570; x_wconf 78' lang='lat' dir='ltr'><strong>leveltarban.)</strong></span> 
     </span>
    </p>
   </div>
   <div class='ocr_carea' id='block_1_15' title="bbox 879 4606 1037 4614">
    <p class='ocr_par' dir='ltr' id='par_1_15' title="bbox 879 4606 1037 4614">
     <span class='ocr_line' id='line_1_37' title="bbox 879 4606 1037 4614; baseline 0.006 -1"><span class='ocrx_word' id='word_1_262' title='bbox 879 4606 1037 4614; x_wconf 74' lang='lat' dir='ltr'>-v———-</span> 
     </span>
    </p>
   </div>
   <div class='ocr_carea' id='block_1_16' title="bbox 0 0 1601 5252">
    <p class='ocr_par' dir='ltr' id='par_1_16' title="bbox 0 0 1601 5252">
     <span class='ocr_line' id='line_1_38' title="bbox 0 0 1601 5252; baseline 0 0"><span class='ocrx_word' id='word_1_263' title='bbox 0 0 1601 5252; x_wconf 95' lang='lat' dir='ltr'><strong> </strong></span> 
     </span>
    </p>
   </div>
  </div>
 </body>
</html>
