3226 5254
747 333 980 378 nrruounezrnr
997 321 1166 384 anstrum

923 625 995 686 169.

393 765 539 868 1.'L‹1joe
558 807 696 870 maggae·
713 785 745 847 e's
762 763 886 869 lenyycl
901 783 1085 869 kirrilyaak
1101 809 1121 847 a
1130 783 1285 869 florenrzi
1301 784 1524 866 lciizta'ruasdp.

913 895 1007 956 1380.

608 1052 695 1136 Regi
713 1051 869 1135 Ungarie.

502 1158 1326 1244 Expectabamus,ClementissimePrinceps,unica
1337 1181 1412 1242 spes
1423 1161 1526 1225 nostri

395 1268 594 1350 Communis,
611 1275 644 1336 et
660 1269 764 1334 nostri
782 1267 892 1351 populi
910 1265 1071 1349 refugium
1089 1266 1263 1350 singulare3
1274 1268 1526 1351 expectabamus

394 1377 524 1459 quidem
540 1377 628 1442 facta
644 1376 827 1454 concordia,
844 1379 1016 1458 postquam
1033 1376 1080 1439 sio
1095 1382 1225 1458 oportet
1240 1376 1337 1459 loqui,
1355 1398 1427 1441 cum
1456 1376 1522 1442 ela-

394 1485 521 1550 rissimo
539 1484 692 1566 Principe
710 1481 840 1549 domino
857 1481 986 1548 Karolo
1003 1482 1043 1547 de
1062 1482 1238 1566 Dyrachio,
1256 1481 1363 1548 altera
1379 1504 1437 1566 spe
1455 1504 1527 1548 nos·

393 1598 443 1656 tre
461 1590 624 1673 Civitatis
640 1590 859 1673 legationibus
886 1587 1082 1655 Serenitatis
1106 1586 1228 1657 Vestra
1245 1611 1317 1654 cum
1344 1591 1527 1656 reverentia

393 1700 601 1783 respondere.
619 1698 684 1766 Sed
700 1706 874 1784 postquam
902 1699 961 1764 illa
992 1704 1180 1764 nostrorum
1201 1695 1379 1762 emulorum
1395 1698 1529 1764 malicia

396 1809 521 1874 (liutius
537 1829 634 1891 quam
652 1815 805 1892 oporteat
824 1807 1024 1889 retardatur,
1050 1828 1090 1872 ne
1116 1806 1346 1891 gloriosissime
1373 1805 1527 1872 Sublimi·

395 1919 456 1983 tati
476 1915 595 1982 Vestre
612 1918 781 2000 contingat
797 1915 922 1998 aliquid
939 1915 979 1980 tle
996 1915 1089 1980 nobis
1115 1922 1226 1999 preter
1251 1916 1422 1980 veritatem
1450 1937 1525 2000 sng-

395 2027 475 2110 geri,
491 2032 547 2090 aut
565 2046 628 2089 non
644 2025 842 2108 respondere
858 2047 916 2108 per
943 2024 1189 2090 irreverentiam
1214 2023 1423 2109 persuaderi,
1449 2045 1526 2107 que

393 2155 529 2217 cumque
546 2133 711 2199 nobiscum
728 2138 822 2217 gesta
838 2139 923 2212 sunt,
937 2139 1012 2216 post
1030 2133 1205 2198 adrentum
1221 2133 1256 2196 in
1275 2132 1411 2198 Italiam
1428 2130 1526 2196 Prin-

393 2242 475 2325 cipis
490 2242 670 2316 memorati,
688 2245 811 2324 quanto
827 2239 957 2304 brevius
973 2239 1043 2304 fieri
1061 2241 1190 2322 poterit,
1216 2238 1405 2306 conabimur
1422 2239 1525 2323 expli-

394 2371 469 2414 care
487 2375 493 2414 :
510 2356 546 2414 ut
563 2348 657 2416 simul
674 2357 849 2432 cognoscat
865 2349 973 2432 Regia
987 2347 1165 2429 Oelsitudo,
1183 2346 1261 2431 quid
1272 2347 1440 2413 nobiscum
1451 2369 1526 2431 ege·

393 2461 438 2524 rit
454 2458 557 2522 dictus
574 2456 740 2541 Princeps,
757 2456 876 2540 quidue
892 2477 951 2539 pro
968 2464 1058 2521 statu
1078 2463 1110 2521 et
1135 2457 1333 2522 exaltat-ione
1351 2478 1410 2521 sua
1427 2455 1525 2522 dure

394 2567 496 2633 rimus
511 2565 706 2646 faciendum,
723 2587 782 2630 nec
798 2587 863 2632 uon
879 2586 942 2648 que
956 2566 1056 2631 fuerit
1072 2566 1253 2632 devotionis
1263 2571 1374 2631 nostre
1390 2587 1524 2650 respon·

395 2677 442 2742 sio
459 2674 501 2739 ad
519 2697 566 2757 ea,
583 2696 645 2759 que
661 2673 784 2741 Vestra
800 2673 968 2742 Serenitas
984 2695 1043 2758 per
1058 2672 1287 2740 Reverendum
1313 2674 1452 2740 Patrem
1470 2676 1526 2742 dc·

392 2786 514 2849 minum
540 2781 761 2867 Jaurieusem,
786 2785 903 2867 etipse
920 2783 1006 2848 idern
1031 2804 1088 2867 per
1116 2803 1190 2848 suos
1216 2781 1298 2848 alios
1324 2780 1526 2849 Oratoresa

393 2892 574 2957 devotionis
591 2900 701 2957 nostre
717 2893 900 2958 reverentia
916 2893 1093 2974 requisivit.
1110 2891 1297 2973 Parcatque
1324 2890 1418 2956 nobis
1447 2891 1527 2958 Ves-

392 3007 446 3065 tra
471 3000 677 3085 Benignitas,
703 3001 729 3064 si
755 3001 903 3083 longiora
926 2999 1048 3065 fuerint
1073 3001 1255 3084 hecquem
1275 3001 1525 3083 occupationum

392 3111 575 3172 uestrarum
592 3106 738 3171 cumulus
755 3109 912 3190 patiatur.
928 3105 1015 3172 Nam
1035 3107 1091 3191 qui
1110 3105 1351 3172 multitudinem
1371 3115 1403 3170 et
1420 3108 1527 3171 varic·

392 3222 494 3280 tatem
512 3237 620 3281 rerum
637 3212 843 3280 considerare
860 3214 1010 3296 voluerit,
1030 3214 1199 3280 manifeste
1225 3214 1351 3280 videbit
1378 3216 1463 3281 citra
1480 3219 1526 3280 in·

374 3322 571 3404 ·telligentie
587 3345 725 3403 sensum,
741 3324 801 3388 hec
818 3345 879 3406 que
897 3323 1038 3388 maxima
1054 3329 1138 3402 sunt,
1155 3344 1220 3388 non
1231 3325 1376 3406 potuisse
1393 3323 1526 3390 brevius

394 3431 548 3514 expediri.
566 3431 747 3515 Postquam
763 3432 865 3516 igitur
881 3432 971 3496 venit
996 3433 1028 3497 in
1055 3431 1191 3496 Italiam
1216 3431 1363 3498 dominus
1379 3431 1528 3498 Karolus

392 3539 597 3621 antedictus,
620 3546 657 3603 ut
672 3562 711 3604 ea
732 3561 794 3622 que
812 3561 869 3605 nos
894 3561 959 3605 uon
984 3545 1127 3622 tangunt
1152 3540 1281 3622 penitus
1307 3539 1527 3622 dimittamus,

392 3669 451 3730 pro
468 3645 590 3712 honore
617 3646 820 3712 Excellentie
848 3647 922 3729 Sue,
939 3653 972 3712 et
988 3654 1024 3711 nt
1041 3654 1150 3717 nostre
1170 3647 1351 3714 devotionis
1377 3647 1528 3713 debitum

392 3754 598 3836 solveremus,
617 3756 702 3838 apud
720 3757 826 3838 ipsum
838 3753 1003 3835 Oratores,
1021 3776 1101 3836 quos
1119 3755 1160 3819 ad
1173 3753 1327 3821 Vestram
1343 3757 1528 3821 transmisi-

392 3884 462 3927 mus
479 3863 696 3946 Majestatem,
713 3863 866 3928 iussimus
882 3883 1060 3942 remanere,
1077 3865 1193 3949 quibus
1204 3863 1407 3948 frequentior
1424 3865 1526 3928 etho-

391 3969 540 4036 noratior
565 3969 649 4036 soret
666 3968 730 4036 Sue
747 3968 963 4036 Olaritudinis
979 3973 1159 4036 comitatus.
1177 3971 1312 4037 Interim
1339 3979 1450 4038 antem
1478 3993 1528 4036 ce-

391 4081 509 4160 perunt
526 4079 629 4142 nostri
644 4077 781 4144 rebelles
797 4084 829 4142 et
846 4079 953 4161 emuli,
970 4081 1109 4163 quorum
1129 4080 1335 4162 iniquitatem
1352 4081 1463 4164 sepius
1483 4077 1526 4143 ad

391 4185 548 4253 Vestram
565 4185 777 4252 Clementiam
794 4207 904 4252 sumus
920 4193 988 4254 tam
1006 4188 1131 4266 litteris,
1148 4208 1246 4270 quam
1266 4189 1338 4252 viva
1355 4209 1433 4252 voce
1451 4210 1528 4254 con-

393 4291 508 4374 questi,
534 4293 654 4376 quique
679 4293 854 4376 assignatis
879 4292 1068 4372 confinibus,
1084 4315 1123 4359 ex
1150 4294 1280 4360 decreto
1305 4295 1412 4377 patrie
1438 4295 1528 4360 vide-

392 4400 511 4464 bantur
536 4399 569 4463 iu
596 4400 712 4481 spiritu
737 4386 1002 4468 commendabilis
1033 4401 1217 4466 obedientie
1252 4402 1401 4484 parituri,
1430 4404 1525 4486 quasi

391 4527 503 4573 'somno
521 4508 713 4589 experrecti,
731 4506 872 4593 undique
889 4509 931 4575 ad
948 4511 1173 4592 supradictum
1188 4510 1376 4595 Principem
1389 4533 1526 4596 congre-
