3210 5252
380 350 443 416 104
729 368 964 415 niunomaomai
980 356 1152 416 amanum

375 525 460 593 filias
477 535 510 594 et
525 548 652 594 sorores
663 547 739 594 suas
755 529 870 597 dotare
886 534 1133 610 consueuerant,
1149 527 1384 594 matrimoniali
1399 527 1512 594 federe
1603 569 1604 572 =

376 635 591 718 copulandam
621 636 789 702 trademus
820 637 854 700 in
885 643 1086 718 consortem,
1118 636 1294 703 dummodo
1331 635 1409 703 talis
1442 653 1510 700 nou

376 741 485 825 fuerit,
511 765 571 810 neo
588 745 630 809 sit
654 743 843 812 infirmitate
869 746 1067 830 prepeditus,
1082 751 1218 830 propter
1233 765 1332 830 quam
1347 745 1434 812 inter
1451 765 1507 810 eos

375 851 481 936 possit
496 853 612 918 merito
627 851 810 919 diuoroium
826 852 996 920 celebrari.
1021 852 1182 922 Volumus
1197 858 1316 934 tamen,
1333 849 1422 937 quod
1438 873 1511 936 pre·

376 960 481 1028 dictus
505 956 583 1026 Dux
608 960 759 1044 deinceps
782 963 853 1029 Nos
878 969 1070 1045 nostrosque
1094 959 1231 1029 heredes
1256 967 1289 1026 st
1306 979 1511 1026 successores

376 1069 410 1134 in
426 1068 609 1152 Hungaria,
629 1067 804 1136 Solanonia
820 1076 854 1136 et
868 1068 1060 1153 Dalmaoia,
1080 1077 1113 1136 et
1128 1069 1278 1135 similiter
1294 1065 1365 1134 Nos
1382 1066 1508 1134 dictum

375 1176 579 1261 Leupoldum
595 1178 720 1243 Ducem
730 1198 869 1261 suosque
886 1178 1023 1245 heredes
1039 1184 1072 1244 et
1088 1197 1291 1244 successores
1306 1177 1342 1242 in
1357 1175 1510 1257 Austris,

377 1283 498 1368 styria,
513 1284 675 1352 Karniola
692 1291 724 1351 et
746 1285 906 1372 Marchya
924 1284 1130 1368 Sclauonica,
1145 1289 1258 1352 mutuo
1275 1291 1308 1350 et
1323 1283 1357 1350 in
1374 1283 1510 1350 alterut-

375 1413 457 1473 rum,
473 1392 602 1476 vigente
618 1393 818 1473 necessitate,
843 1399 958 1462 contra
973 1416 1093 1479 omnes,
1108 1394 1200 1462 nullo
1215 1393 1345 1478 penitus
1361 1397 1508 1476 excepto,

376 1499 457 1580 Nos,
482 1506 676 1584 nostrosque
701 1501 837 1568 heredes
862 1507 896 1568 et
921 1522 1126 1570 successores
1151 1500 1344 1586 perturbare
1360 1501 1510 1566 volentes

376 1606 535 1676 adiuuare
565 1607 762 1688 debebimus,
788 1615 821 1674 et
846 1608 1016 1676 defensare
1044 1607 1186 1675 fideliter
1203 1614 1384 1674 teneamur.
1409 1607 1508 1673 Etsi

279 1743 283 1754 ¹
375 1713 445 1780 Nos
470 1714 513 1780 ab
537 1715 600 1780 hac
615 1716 685 1781 luce
711 1714 865 1782 decedere
885 1717 1068 1801 contigerit,
1085 1716 1172 1800 quod
1188 1714 1284 1795 absit,
1300 1720 1420 1780 extunc
1434 1711 1507 1798 ipse

376 1821 454 1890 Dux
468 1823 661 1907 promissum
685 1824 837 1890 iuuamen
853 1823 994 1891 fideliter
1009 1823 1118 1904 faciet,
1135 1830 1169 1890 et
1183 1821 1392 1907 adimplebit;
1416 1827 1450 1886 et
1466 1821 1506 1885 si·

266 2019 268 2022 Ι
375 1932 444 1998 mili
467 1930 563 1999 modo
579 1929 744 2014 faciemus,
761 1933 789 1998 si
804 1933 941 2000 eundem
956 1933 1082 2000 Ducem
1107 1931 1262 1998 decedere
1279 1932 1450 2015 contingat
1465 1928 1507 1994 ab

375 2041 535 2108 humanis.
558 2039 690 2106 Harum
715 2040 775 2106 sub
800 2039 988 2108 Maiestatis
1013 2039 1140 2107 Nostro
1163 2038 1298 2124 pedenti
1323 2036 1433 2121 sigillo
1445 2043 1508 2104 tes·

374 2150 511 2216 timonio
535 2147 732 2214 litterarum.
759 2146 884 2215 Datum
909 2148 1004 2215 Bude
1020 2149 1054 2214 iu
1079 2148 1327 2231 dominicaque
1351 2150 1507 2212 cantatur

378 2258 481 2324 »Esto
496 2257 614 2324 michi«
632 2278 719 2324 anno
734 2256 869 2326 Domini
884 2254 1127 2325 MCCCLXX.
1143 2257 1266 2342 quinto.

375 2383 516 2445 (credetis
538 2359 713 2451 normisyan
733 2401 749 2437 a
772 2386 920 2451 kirtlynsk
943 2386 1029 2452 ttiggo
1043 2386 1163 2452 pecsetje
1176 2385 1256 2447 ulatt,
1269 2398 1287 2434 s
1298 2381 1376 2434 beeri
1388 2381 1508 2434 cstsztri

788 2477 875 2528 titkos
888 2475 1082 2539 levtlttrbsn.)

860 2639 1020 2648 .—.---—-

914 2767 966 2828 87.

372 2926 404 2992 Α
421 2926 573 2993 oeleoooei
587 2926 860 3013 kcrosdnytooa'cs
887 2926 977 2992 2000
992 2937 1114 3013 aroayt
1134 2926 1301 2993 betoaenea
1317 2950 1340 2992 c
1357 2927 1505 3010 Frange·

783 3034 973 3120 penetrat.
998 3035 1094 3101 1375.

479 3192 579 3260 Anno
594 3191 871 3264 MCCCLXXV.
888 3193 1067 3260 indictione
1076 3192 1182 3260 XHI.
1198 3193 1251 3260 die
1269 3191 1364 3260 ΧΠΙ
1374 3194 1504 3262 Marcii.

371 3300 533 3385 Capta:
557 3299 630 3368 Cun
654 3303 785 3386 patroni
810 3302 915 3368 nostri
947 3298 1134 3369 Arsenatus
1166 3302 1232 3368 sint
1262 3324 1323 3388 pro
1355 3302 1504 3372 faciendo

370 3428 469 3474 unam
495 3409 760 3492 compositionem
784 3409 851 3474 sive
869 3409 1116 3476 conventionem
1135 3429 1208 3476 oum
1225 3405 1410 3486 Comitibus
1428 3409 1506 3495 Seg-

369 3516 423 3582 nis
447 3515 498 3582 rel
514 3515 624 3600 aliquo
651 3537 772 3596 eorum,
798 3516 958 3598 videlicet,
979 3518 1064 3600 quod
1081 3516 1222 3584 debeant
1238 3517 1317 3584 dere
1334 3518 1434 3584 dictis
1449 3541 1505 3603 pa-

370 3622 474 3690 tronis
490 3643 550 3706 pro
566 3629 679 3690 nostro
696 3621 869 3691 Communi
879 3630 986 3692 etuon
1002 3625 1100 3692 alicui
1116 3646 1254 3710 persone
1271 3647 1381 3692 omnes
1396 3648 1505 3694 remos

369 3730 410 3799 de
425 3732 585 3798 mensuris
610 3733 740 3816 nostris,
756 3740 790 3799 et
806 3731 958 3800 similiter
979 3733 1087 3800 facere
1106 3739 1282 3801 teneantur
1299 3735 1424 3802 subditi
1441 3735 1506 3802 dic·

369 3845 479 3907 torum
501 3838 681 3925 Comitum3
708 3843 763 3926 qui
780 3841 925 3909 Comites
940 3848 1057 3926 petunt
1083 3842 1219 3910 ducatos
1236 3844 1300 3910 duo
1316 3844 1423 3912 millia
1438 3869 1506 3912 mu·

369 3952 434 4014 tuo.
461 3945 566 4017 Vadit
590 3971 677 4034 pars,
703 3949 789 4033 quod
805 3951 893 4016 dicta
909 3952 1078 4017 conventio
1094 3950 1165 4015 fieri
1181 3951 1295 4036 possit,
1310 3959 1343 4016 et
1357 3957 1504 4020 mutuari

370 4055 462 4123 dicta
476 4057 614 4142 pecunia
629 4057 681 4122 vel
696 4057 771 4123 inde
787 4057 884 4139 infra,
905 4078 1005 4141 quam
1016 4059 1120 4124 minus
1133 4063 1297 4143 poterunt,
1313 4061 1503 4146 recipiendo

370 4161 489 4230 bonam
512 4163 699 4249 plenariam,
726 4171 759 4231 et
774 4163 924 4232 faciendo
941 4165 1063 4232 dictam
1083 4167 1330 4234 conventionem
1346 4188 1421 4234 cum
1438 4171 1503 4237 illis

370 4271 622 4340 melioramentis
639 4279 671 4340 et
687 4273 878 4358 avantagiis,
896 4295 960 4360 que
980 4274 1175 4341 videbuntur
1190 4275 1343 4356 Domine,
1360 4273 1503 4346 Consili-

373 4381 453 4450 ariis
468 4387 501 4448 et
518 4380 703 4468 Capitibus,
719 4381 770 4448 vel
785 4383 905 4449 maiori
920 4386 1019 4468 parti.

468 4509 506 4572 (Δ
519 4509 630 4562 ›mut‹
645 4509 735 4562 osimd
748 4511 891 4562 velenczei
904 4511 1114 4576 tllamk'dnybtl
1126 4511 1240 4566 XXXV.
1254 4510 1312 4565 ket.
1329 4515 1353 4564 7.
1368 4509 1399 4584 1.)
