3172 5254
583 387 676 448 1377.
1025 413 1026 422 ¹
1132 390 1186 450 141

81 559 129 624 bus
152 560 207 624 hec
233 560 415 627 commissio
443 561 526 626 lucta
554 563 631 642 t'uit;
657 563 745 645 ‹prirul
772 563 893 627 dixisse
919 563 1042 628 seratur
1060 589 1065 628 :
1086 567 1195 650 »prius

81 689 234 751 passurum
261 691 294 734 se
320 667 417 734 Beati
444 669 668 736 Bartholomei
697 672 843 736 martirio
879 671 1066 754 deformari,
1098 695 1195 756 quam

81 774 320 842 modificationes
336 776 520 842 huiusmodi
537 779 768 843 consentiret«.
793 777 939 862 Moxque.
955 779 1030 844 fecit
1049 775 1196 847 Oratori-

81 882 128 946 bus
142 887 258 949 nostris
288 888 427 952 celerem
449 906 611 951 recessum
627 909 645 951 a
664 885 766 952 Curia
783 909 841 972 per
858 888 1023 953 dominnm
1041 887 1195 955 Camera-

81 991 149 1056 rinm
165 992 390 1059 denunciando
417 994 530 1058 iuberi.
557 993 621 1060 Sed
649 1001 823 1077 postquam
850 1017 960 1080 pacem
988 997 1196 1078 quemuimus,

80 1104 105 1162 et
126 1121 192 1164 ecce
217 1101 383 1182 turbati03
409 1102 516 1167 Deum
544 1103 752 1184 hominesque
769 1109 936 1184 testamur,
952 1125 1010 1165 uos
1027 1125 1085 1168 nec
1102 1105 1133 1168 in
1150 1103 1195 1168 of-

79 1206 206 1273 fensione
223 1207 344 1276 Sancte
361 1210 480 1276 Matris
498 1209 654 1289 Ecclesio,
671 1232 730 1274 neo
746 1210 921 1276 Pastorum
947 1210 1072 1295 aliquid
1088 1218 1195 1278 atten-

78 1323 158 1396 tasse,
173 1355 215 1365 -
233 1319 296 1382 nisi
313 1317 425 1382 forsan
441 1318 634 1402 propulsare
650 1318 812 1398 iniuriose,
829 1325 886 1383 aut
902 1319 1068 1402 propriam
1086 1318 1194 1386 deien-

78 1423 140 1489 dere
156 1424 343 1490 libertatem
361 1424 495 1490 offensio
514 1426 685 1500 indicetur,
701 1463 744 1471 —
761 1447 883 1509 nosque
899 1429 1060 1512 promptis
1077 1429 1193 1494 animis

78 1553 174 1613 pacem
190 1531 377 1598 humilitate
403 1532 513 1600 debita
539 1535 703 1617 petiuisse.
730 1534 796 1601 Sed
813 1536 966 1619 quoniam
983 1536 1023 1602 ud
1037 1537 1194 1620 justifica-

78 1640 183 1706 tionem
199 1648 312 1708 nostre
329 1663 435 1721 cause,
453 1643 540 1726 quod
557 1643 694 1708 ulterius
710 1666 881 1726 possumus
897 1644 1014 1728 facere,
1030 1668 1093 1710 uon
1109 1645 1194 1710 ride-

77 1772 156 1818 uus:
175 1749 245 1817 Deo
262 1751 403 1832 fauente,
419 1753 657 1835 assistentequo
675 1753 769 1818 nobis
782 1754 922 1838 justitia,
932 1777 992 1840 pro
1009 1753 1193 1820 defensione

78 1865 175 1924 nostra
190 1861 400 1943 accingemur
417 1860 460 1924 ad
476 1859 607 1940 bellum,
622 1859 713 1927 illud.
731 1881 794 1924 non
812 1861 1005 1928 discedendo
1021 1863 1063 1928 ab
1079 1864 1193 1929 innata

77 1965 241 2050 deuotione,
268 1989 363 2052 quarn
391 1967 546 2034 habemus
572 1969 614 2032 ad
631 1967 785 2033 Sanctam
803 1969 985 2036 Romanam
1002 1971 1193 2052 Ecclesiam,

76 2081 104 2138 st
118 2097 289 2158 speramus
315 2099 387 2141 cum
413 2075 569 2140 felicitate
596 2077 730 2157 gesturi.
750 2077 866 2142 Parati
883 2085 992 2143 tamen
1009 2098 1136 2161 semper
1151 2078 1193 2142 ad

9 2249 13 2256 ,
76 2203 184 2264 pacem,
209 2205 309 2266 quam
337 2204 398 2248 uria
424 2206 495 2248 curn
523 2183 685 2266 colligatis
708 2187 827 2250 nostris
845 2186 1014 2252 honestam
1031 2187 1192 2269 possimus

76 2297 103 2354 et
117 2294 288 2358 carituram
316 2291 444 2356 insidiis
469 2292 632 2372 inuenire;
655 2298 690 2356 rt
715 2300 747 2358 et
771 2291 893 2360 Vestra
920 2293 1078 2359 Maiestas
1096 2301 1126 2358 rt
1144 2300 1191 2358 to-

75 2407 119 2462 tus
145 2401 284 2465 mundns
316 2399 426 2464 rideat
458 2399 634 2480 manifeste,
669 2422 728 2465 nos
763 2400 884 2467 bellum
913 2401 1104 2467 necessitato
1139 2425 1192 2485 ge·

77 2528 146 2590 rere,
175 2509 230 2572 sed
264 2528 377 2590 pacem
407 2506 571 2573 voluntate
597 2507 862 2592 sumentibusque
888 2511 1006 2575 animis
1024 2519 1190 2596 exoptare.

76 2615 152 2682 Data
181 2617 351 2682 Florentia
383 2617 434 2681 die
466 2614 641 2686 XXVIII.
674 2617 872 2704 Septembris
905 2617 984 2686 XV.
1013 2619 1191 2686 indictione

76 2722 360 2794 iruuenxxvl.

72 2870 180 2928 (Eredeti
193 2871 408 2935 togulmaavany
423 2885 440 2920 a
452 2872 588 2936 »Signort
602 2871 756 2939 Carteggie,
770 2873 898 2923 Missive«
914 2875 967 2925 nto.
981 2875 1070 2922 caimtt
1084 2875 1191 2938 osztdly

177 2959 267 3012 xm.
281 2959 432 3024 litttegebol
446 2965 488 3012 67.
502 2976 539 3013 ez.
554 2977 599 3035 ap
618 2963 778 3013 aflorenozl
791 2977 866 3029 nagy
879 2965 1071 3026 levtlttrban.)

548 3125 657 3132 ..α-ω...-
670 3125 707 3132 .-

595 3248 667 3315 125.

74 3412 122 3479 XI.
149 3412 285 3503 Gerpelp
310 3414 399 3500 pdpu
430 3414 551 3478 Berudt
576 3413 726 3498 bolopnut'
749 3415 908 3499 prumtis
939 3411 1022 3480 mint
1054 3418 1192 3504 oportoli

74 3528 213 3589 uunciust
230 3523 328 3587 baldi
344 3521 368 3584 l.
387 3523 485 3607 Lojos
511 3544 652 3605 rnopyur
669 3523 701 3583 ds
717 3521 840 3606 leoppel
857 3523 970 3608 loirdlp
985 3525 1191 3611 orszdpuibu,

74 3629 143 3716 lopy
158 3632 309 3698 amabat·
334 3634 496 3716 papsu'pett
522 3631 554 3692 ds
579 3629 836 3693 batalomturto'it
863 3655 882 3692 u
911 3632 1019 3696 rdmai
1035 3633 1107 3696 azel·
1123 3637 1191 3696 sad·

222 3742 318 3803 mara
337 3737 536 3803 belritldeudd
551 3735 798 3822 sepe'dpe'uzelcre
813 3738 909 3820 birp'u.
935 3741 1029 3804 1377.

169 3897 201 3986 I)
217 3898 400 3981 Gregorius
425 3897 606 3981 Episcopus
623 3903 681 3962 etc.
698 3891 885 3964 Vererubili
903 3897 1000 3964 fratri
1018 3899 1190 3964 Bernardo

75 4005 226 4092 Episcopo
252 4005 459 4084 Bononiensi,
486 4003 675 4089 Apostolice
703 4003 798 4072 Sedis
821 4005 960 4089 Nuucio,
977 4007 1113 4073 salutem
1130 4017 1189 4072 etc.

71 4109 200 4195 Quantis
217 4115 368 4180 Romana
384 4112 532 4178 Ecclesia
549 4119 737 4178 cunctorum
754 4111 907 4195 fidelium,
929 4115 1101 4198 presertim
1117 4134 1190 4198 per-

74 4241 214 4289 sonarum
246 4222 545 4302 ecclesiasticarum,
571 4219 681 4286 Mater
709 4227 743 4286 et
770 4219 876 4305 Caput
904 4223 965 4286 hiis
990 4222 1188 4305 temporibus

73 4331 227 4399 turbinum
244 4333 286 4398 sit
304 4331 421 4397 attrita
435 4329 624 4413 dispendiis,
636 4328 758 4396 afflicta
776 4331 911 4411 iniuriis,
928 4337 961 4394 ot
977 4350 1188 4414 expensarum

73 4441 213 4506 oneribus
239 4447 447 4524 pregravata,
474 4458 637 4520 quamque
664 4443 834 4504 attenuata
860 4438 1081 4522 proventibus,
1105 4443 1137 4502 et
1156 4438 1187 4502 iu

74 4556 187 4629 quanto
211 4550 356 4633 periculo
381 4545 568 4614 constituta,
594 4547 656 4609 nisi
688 4545 749 4610 Dei
767 4553 802 4610 et
819 4568 950 4610 suornm
977 4546 1188 4632 peculiarium
