3248 5242
596 345 690 426 issi.
1144 344 1205 423 iot

79 524 181 602 tendo
197 538 287 603 ultra
303 537 424 604 dictam
440 539 569 603 stimam
587 539 722 605 ducatos
752 545 894 623 quotuor
910 537 981 603 auri
1006 535 1211 605 Officialibus

78 647 200 711 nostris
218 642 319 712 Cotti.

152 753 187 816 (Α
203 753 313 804 »muti«
328 755 420 805 czimtt
433 754 575 806 velanczei
589 755 771 821 tilamktnyv
785 757 872 808 XLII.
886 755 1030 806 kdtetebul
1044 759 1087 804 42.
1101 753 1131 815 1.)

610 1046 686 1108 432.

78 1203 196 1270 Mdrui
212 1227 353 1293 mappas·
372 1205 528 1292 kirutyne
537 1206 569 1270 aa
579 1205 755 1291 Zaipmond
766 1205 950 1294 kil-olyoat
961 1209 1209 1294 nyuptatuu'nyo

78 1317 167 1380 7000
195 1314 373 1400 aronprdl,
399 1313 549 1399 iuclyeket
575 1312 742 1400 oddlcdpen
760 1337 781 1377 a
807 1315 961 1380 ueleuczei
987 1315 1209 1400 lciiztcirsuao‘p.

449 1419 720 1504 1391-reflzetett.
748 1423 842 1486 1391.

186 1578 257 1646 Nos
275 1579 503 1664 Sigismundus
528 1577 592 1644 Dei
620 1581 729 1665 gratia
746 1580 819 1646 Rex
835 1580 1016 1668 Hungarie,
1028 1582 1210 1664 Dalmncie,

79 1686 242 1755 Crohacie
274 1695 334 1755 etc.
365 1709 425 1754 nac
458 1708 523 1752 non
557 1687 707 1754 Marohio
743 1687 1049 1774 Brandeburgensis
1075 1696 1145 1769 etc,
1171 1710 1210 1754 ac

75 1795 151 1862 Nos
175 1796 285 1863 Maria
312 1795 425 1862 eadem
451 1797 562 1878 gralia
588 1794 719 1878 Regina
735 1796 918 1880 Hungarie,
933 1797 1112 1878 Dalmacie‚
1131 1796 1208 1861 Cro-

76 1906 174 1972 hacie
198 1912 259 1971 etc.
283 1904 481 1989 presentium
507 1911 619 1970 tenore
644 1903 784 1970 latemur
801 1911 832 1970 et
847 1912 959 1971 notum
989 1906 1126 1971 facimus
1143 1905 1212 1969 uni-

13 2061 15 2066 .
75 2013 180 2079 versis
205 2018 237 2078 et
262 2011 397 2097 singulis
422 2017 590 2096 presentes
616 2013 786 2097 utriusque
818 2020 966 2079 nostrum
997 2015 1127 2078 litteras
1162 2013 1209 2075 in·

80 2119 255 2204 specturis‚
273 2121 359 2202 quod
376 2119 515 2185 Inclitus
533 2119 682 2185 dominns
698 2119 887 2186 Anthonius
898 2119 1040 2188 Venerio
1058 2119 1122 2186 Dei
1138 2142 1211 2203 gra-

76 2230 127 2293 tia
162 2224 237 2291 Dux
262 2227 478 2294 Venetiamm
503 2233 560 2293 etc.
587 2249 647 2294 nec
672 2248 737 2293 non
762 2226 939 2294 Commune
955 2228 1041 2294 dicte
1058 2225 1211 2293 Civitatis

75 2335 293 2405 Venetiarum
318 2337 413 2401 amici
438 2337 541 2401 nostri
568 2337 727 2402 carissimi
759 2343 883 2421 septem
908 2339 999 2404 milia
1015 2336 1209 2402 ducatorum

75 2445 159 2510 boni
183 2445 256 2509 auri
282 2450 315 2509 ct
337 2443 420 2528 justi
443 2442 607 2527 ponderis,
623 2445 667 2509 ad
693 2464 756 2526 que
784 2451 937 2512 tenantur
969 2446 1079 2511 (landa
1110 2453 1210 2529 atque

75 2551 232 2619 solvenda
251 2551 345 2618 nobis
361 2551 491 2617 nomine
508 2552 609 2618 Sacre
635 2549 763 2619 Corone
779 2562 889 2620 nostre
908 2555 1089 2639 Hungarie,
1106 2562 1140 2619 ct
1157 2556 1213 2620 he·

75 2661 211 2727 nedibus
228 2683 267 2726 ac
284 2661 522 2727 successoribus
541 2663 663 2726 nostris
679 2664 714 2726 in
730 2669 933 2746 perpetuum,
959 2664 1095 2730 omnint
1112 2664 1213 2750 quoli-

75 2771 139 2834 bet
165 2789 259 2852 anno,
275 2771 308 2858 in
324 2769 405 2834 festo
432 2767 546 2834 Sancti
570 2769 672 2851 Regis
700 2768 859 2854 Stephani
876 2771 916 2836 de
933 2793 1042 2837 mense
1057 2770 1214 2853 Augusti,

75 2879 174 2942 iuxta
189 2876 327 2943 sormam
355 2883 541 2942 contractus
561 2885 739 2961 pactorum
755 2885 788 2943 et
804 2879 893 2962 pacis
920 2880 1005 2944 inter
1031 2877 1213 2963 predictam

77 2984 219 3052 Sacram
237 2983 402 3051 Coronam
418 2992 565 3050 nostram
582 2990 615 3050 et
630 2987 717 3070 ipsos
734 2985 839 3051 habiti
856 2993 888 3051 et
904 2987 1033 3066 firmati,
1054 2985 1214 3051 dederunt

74 3093 176 3160 nobis
191 3095 389 3160 numeratim
405 3101 439 3158 et
455 3095 655 3160 manualiter
671 3096 900 3178 persoluerunt
910 3097 942 3160 in
954 3117 993 3160 ac
1003 3117 1062 3179 pro
1078 3097 1213 3161 instanti

75 3222 168 3268 anno
195 3202 417 3268 aNativitate
444 3201 579 3267 Domini
604 3204 794 3269 millessimo
820 3205 1048 3269 trecentesimo
1073 3224 1215 3286 nonage-

74 3313 163 3376 simo
188 3312 295 3394 primo
321 3311 354 3374 in
381 3310 432 3374 die
459 3309 543 3375 festo
569 3309 681 3376 Sancti
698 3311 800 3394 Regis
816 3309 975 3394 Stephani
991 3309 1217 3394 predistincto,

76 3419 187 3484 dictos
203 3424 326 3500 septem
342 3418 430 3483 mille
457 3418 592 3484 ducatos
619 3420 694 3485 boni
712 3420 786 3483 auri
804 3423 837 3483 et
850 3419 931 3504 justi
948 3419 1102 3502 ponderis
1118 3417 1213 3484 nobis

74 3533 117 3592 ut
145 3524 349 3609 premictitur
376 3524 512 3608 debitos
529 3527 695 3610 nobisque,
721 3533 820 3612 prout
836 3527 984 3611 superius
1002 3526 1212 3606 declaratum,

75 3635 206 3700 solutos
221 3635 403 3718 recepimus
428 3641 462 3699 et
486 3633 651 3701 habemus.
674 3636 720 3700 Et
734 3636 871 3718 proinde
888 3635 974 3719 ipsos
991 3634 1139 3700 inclitum
1155 3634 1211 3699 do·

75 3744 207 3808 minum
223 3739 348 3807 Ducem
361 3748 394 3807 et
405 3738 583 3808 Commune
601 3739 816 3809 Venetiarum
833 3741 873 3808 de
890 3741 1052 3806 solutione
1069 3743 1213 3824 ipsorum

74 3857 207 3934 septem
224 3850 350 3914 milium
366 3848 558 3915 ducatorum
584 3849 656 3915 auri
675 3849 769 3916 nobis
794 3871 853 3935 pro
869 3850 1006 3915 instanti
1022 3855 1059 3914 nt
1075 3849 1211 3932 premit·

75 3959 166 4024 titur
183 3979 268 4024 anno
278 3956 367 4022 facta
377 3956 541 4022 reddimus
559 3957 737 4042 expeditos.
754 3958 827 4026 Has
843 3964 951 4024 autem
963 3963 1091 4023 nostras
1102 3961 1215 4039 paten-

75 4073 133 4132 tes
151 4065 279 4132 litteras
296 4066 464 4150 utriusque
481 4072 628 4131 nostrum
645 4065 746 4150 sigilli
761 4066 896 4151 majoris
913 4087 971 4130 seu
987 4064 1143 4147 simplicis
1160 4083 1217 4146 ap·

75 4175 239 4262 pensione
255 4174 408 4254 munitas,
433 4173 480 4238 eis
506 4173 663 4258 dedimus,
687 4173 721 4240 in
740 4173 964 4240 testimonium
980 4163 1213 4254 premissorum

74 4283 184 4351 Anno
215 4280 361 4365 predicto
392 4287 425 4346 et
455 4282 610 4363 instanti,
637 4282 787 4348 videlicet
816 4302 837 4346 a
866 4277 1048 4346 Nativitate
1079 4279 1213 4345 Domini

75 4387 416 4458 MCCCLXXXXI
440 4390 474 4454 in
491 4389 542 4455 die
558 4391 686 4456 termini
703 4389 883 4472 prenotati,

134 4501 171 4564 (A
187 4499 286 4550 »Liber
299 4501 463 4551 Paetorum«
478 4500 568 4551 czimll
582 4501 719 4551 velenczei
734 4499 914 4562 allamktinyv
928 4496 976 4550 VI.
989 4495 1048 4548 not.
1064 4501 1124 4546 342.
1138 4497 1167 4556 l.)

1045 4671 1108 4742 45*
