3226 5254
380 359 444 421 360
732 372 966 417 00000000(οι
983 357 1154 417 susanna.

376 533 499 598 domini
525 531 661 598 Oovoris
687 533 728 598 (10
755 531 946 613 Covoribus,
972 537 1006 596 et
1030 529 1207 615 prudentes
1234 529 1320 594 viros
1346 528 1507 594 Jacobum

378 639 527 706 Michelis
543 641 597 707 del
613 637 727 720 Romo,
743 645 776 705 et
792 637 985 704 Silvestrum
1007 635 1171 703 Johannis
1197 634 1404 702 Cortenuova
1422 638 1505 703 cives

374 749 580 816 honorabiles
596 748 804 815 Florentincs
820 754 853 814 et
868 748 1047 832 quemlibet
1072 767 1184 812 eorum
1200 745 1234 810 in
1261 745 1399 811 solidum
1416 752 1451 810 et
1474 747 1506 809 in

375 863 491 938 totum,
507 856 555 923 ita
569 861 679 922 100000
696 855 783 939 quod
800 857 988 940 occupantis
1005 854 1148 922 conditio
1168 853 1276 936 potior
1293 875 1357 918 nou
1374 855 1501 934 existat,

376 965 433 1031 sed
450 963 538 1048 quod
553 985 636 1029 unus
654 970 687 1029 et
703 985 760 1030 seu
776 964 885 1048 plures
899 965 1044 1047 ipsorum
1059 961 1217 1045 inceperit
1242 961 1291 1026 vel
1316 963 1503 1046 inceperint,

376 1073 460 1139 alins
477 1073 527 1138 vel
543 1071 611 1152 alii,
629 1078 663 1137 01
688 1072 828 1155 quilibet
845 1093 956 1139 eorum
971 1071 1005 1136 in
1026 1070 1168 1137 solidum
1193 1072 1347 1154 prosequi
1378 1070 1510 1136 valeant

375 1178 529 1259 mediare,
560 1180 736 1244 terminare
761 1183 794 1244 et
819 1177 913 1244 finire
930 1177 1145 1264 :specialiter
1178 1184 1213 1242 et
1246 1178 1438 1242 nominatim
1470 1177 1510 1244 ad
1591 1217 1593 1250 a

379 1287 563 1355 faciendum
579 1287 839 1353 contrabendum
865 1295 898 1352 et
915 1287 1093 1352 ineundum
1108 1307 1180 1352 oum
1207 1285 1388 1351 clarissimo
1414 1285 1510 1350 Prin·
1592 1315 1593 1320 ¹

374 1398 446 1479 cipe
462 1395 593 1461 domino
611 1392 739 1459 Karolo
765 1395 805 1459 de
830 1393 972 1460 Duratio
999 1397 1086 1461 inter
1112 1393 1236 1459 dictum
1263 1391 1444 1459 Commune
1471 1415 1508 1457 ex

375 1507 469 1590 parte
484 1522 558 1582 uua,
574 1508 608 1566 et
623 1500 747 1567 dictum
762 1501 961 1568 clarisimum
978 1502 1166 1586 Principem
1181 1502 1345 1567 Karolum
1361 1523 1401 1567 ex
1416 1508 1509 1585 parte

377 1611 455 1690 alia,
470 1608 678 1693 infrastripta
694 1615 840 1694 pactast
857 1612 1083 1677 conventiones
1101 1617 1134 1677 et
1150 1609 1304 1694 capitula,
1321 1611 1382 1677 sub
1398 1615 1509 1676 tenore

376 1717 482 1783 forma
499 1722 532 1781 et
547 1715 699 1800 capitulis
715 1717 945 1802 infrascriptis,
961 1719 1130 1784 videlicet:

484 1823 649 1908 Imprimis
667 1824 755 1908 quod
771 1823 950 1892 Commune
981 1825 1149 1891 Florentie
1166 1847 1229 1891 non
1251 1824 1343 1891 dabit
1359 1845 1419 1891 nec
1438 1846 1510 1908 prc-

378 1930 480 1997 stabit
493 1930 633 1996 Domine
649 1931 775 2014 Regine
794 1933 819 2000 J
821 1932 955 2014 ohanne,
975 1939 1033 1996 aut
1049 1932 1182 1998 domino
1199 1931 1317 1997 Ootoni
1344 1934 1411 1998 eius
1428 1934 1507 2011 viro,

377 2061 433 2104 seu
449 2039 597 2123 ipsorum
612 2039 662 2104 vel
678 2037 814 2104 alterius
830 2060 941 2105 eornm
968 2037 1114 2120 subditis,
1136 2039 1299 2123 colligatis
1317 2040 1368 2106 vel
1385 2061 1510 2106 recom-

377 2145 548 2226 mendatis,
564 2145 757 2212 feudatariis
774 2146 824 2212 vel
840 2147 1023 2211 censuariis
1040 2167 1096 2210 sen
1120 2145 1314 2228 fautoribus,
1330 2167 1391 2212 neo
1406 2147 1505 2214 alicui

380 2254 477 2320 alteri
493 2273 638 2338 persone,
655 2252 827 2320 Communi
844 2253 893 2319 vel
913 2253 1135 2320 Universitati
1153 2259 1268 2321 contra
1283 2255 1509 2340 infrascriptos

376 2363 411 2427 in
427 2360 571 2445 presenti
587 2360 731 2444 capitulo
756 2364 940 2427 nominatos
956 2361 1006 2426 vel
1024 2362 1168 2445 aliquem
1183 2362 1337 2445 ipsorum,
1352 2365 1510 2429 auxilium

375 2470 424 2535 vel
440 2468 593 2550 favorem,
610 2489 670 2533 neo
684 2469 830 2552 aliquam
845 2470 954 2554 ligem,
977 2470 1273 2536 confederationem
1289 2471 1341 2536 vel
1358 2473 1508 2538 unionem

372 2575 472 2642 faciet
503 2597 576 2643 oum
605 2575 771 2659 predictis,
795 2576 844 2642 vel
876 2577 987 2661 aliquo
1018 2579 1172 2660 ipsorum,
1200 2586 1313 2644 contra
1339 2577 1506 2646 domiuum

379 2683 507 2766 Papam
533 2681 704 2748 Urbanum
731 2683 875 2768 Sextum,
905 2685 1070 2750 dominum
1099 2684 1225 2768 Regem
1260 2687 1443 2769 Hungarie,
1475 2696 1508 2753 et

384 2789 549 2856 dominum
599 2789 774 2874 Karolum,
815 2793 868 2858 vel
908 2793 1050 2876 aliquem
1092 2793 1245 2878 ipsorum,
1289 2816 1348 2861 nec
1395 2802 1509 2862 contra

377 2919 489 2963 eorum
520 2896 678 2978 subditos,
710 2899 849 2964 vasallos
881 2905 915 2964 et
945 2883 1069 2982 gentes,¹
1100 2921 1157 2966 nec
1184 2908 1298 2966 contra
1322 2900 1507 2970 Janueuses

376 3005 546 3088 colligatos
581 3003 703 3070 domini
738 3005 841 3089 Regis
882 3007 1060 3091 Ungharie.
1093 3009 1138 3074 Et
1168 3010 1207 3075 de
1238 3010 1319 3093 ipsis
1360 3011 1508 3078 Januen-

376 3112 465 3176 sibus
482 3112 685 3196 intelligatur
701 3112 841 3180 durante
857 3115 925 3200 liga
940 3115 983 3182 ad
999 3137 1132 3201 presens
1148 3118 1270 3201 vigenti
1290 3120 1377 3184 inter
1403 3121 1509 3204 ipsum

299 3257 301 3260 -
375 3219 549 3284 Dominum
565 3219 690 3304 Regem
706 3229 739 3286 01
757 3219 782 3286 J
784 3243 951 3289 anuenses.
968 3221 1025 3289 Ad
1041 3225 1260 3309 predictorum
1277 3232 1387 3292 autem
1399 3227 1507 3293 obser·

380 3326 524 3391 vantium
543 3327 664 3393 dictum
682 3329 862 3396 Commune
892 3353 958 3397 non
989 3334 1032 3396 ait
1063 3333 1268 3413 adstrictum,
1300 3334 1409 3416 quoad
1439 3336 1512 3402 illos

377 3433 536 3500 velillum
553 3455 593 3499 ex
609 3436 773 3519 predictis,
791 3439 847 3520 qui
864 3438 1040 3504 offenderet
1056 3440 1106 3504 vel
1126 3439 1246 3506 offendi
1263 3439 1387 3507 faceret
1414 3441 1507 3508 Com-

377 3562 472 3605 mune
495 3541 687 3625 prediotum,
704 3551 761 3610 aut
786 3546 854 3610 eius
883 3545 1039 3628 subditos,
1065 3547 1346 3614 recommendatos
1371 3550 1422 3615 vel
1448 3551 1510 3616 col·

375 3648 507 3732 ligatos,
523 3655 580 3713 aut
596 3648 720 3718 faceret
736 3660 852 3718 contra
869 3675 924 3720 eos
941 3657 992 3721 vel
1008 3656 1148 3740 aliquem
1165 3658 1318 3741 ipsorum.

484 3756 568 3821 Item
580 3759 666 3841 quod
678 3761 800 3827 dictum
811 3759 1059 3829 Communenon
1071 3763 1172 3831 faciet
1184 3787 1343 3850 guerram,
1351 3765 1509 3832 hostilita-

372 3869 450 3945 tem,
464 3868 642 3929 tractatum
659 3866 710 3931 vel
727 3867 923 3935 seditionem
938 3876 1052 3936 contra
1070 3873 1198 3955 aliquas
1216 3879 1331 3953 100000,
1344 3894 1427 3955 quas
1443 3873 1507 3938 dic·

375 3978 429 4036 tus
446 3969 595 4037 dominus
611 3973 759 4041 Karolus
775 3983 866 4043 tenet
882 3979 933 4043 vel
950 3979 1083 4062 tenebit,
1104 3987 1136 4044 et
1153 3981 1336 4063 specialiter
1352 3988 1385 4045 01
1410 3982 1507 4046 nomi-

375 4080 957 4152 0011010001Υο(11011010οΑ(011101
982 4087 1158 4170 Eughubii,
1184 4095 1218 4153 et
1249 4095 1366 4155 contra
1392 4097 1509 4170 castra,

375 4188 545 4254 territoria
562 4195 595 4254 et
619 4191 691 4257 loca
710 4194 857 4276 ipsarum
874 4191 1052 4260 Oivitatum
1079 4195 1189 4260 Aretii
1205 4203 1238 4261 et
1267 4197 1434 4281 Eughubii
1459 4198 1509 4262 vel

376 4293 729 4382 alteriusea1·nm,que
747 4300 789 4365 ad
804 4322 938 4384 presens
955 4324 1013 4386 per
1039 4305 1144 4387 ipsum
1169 4311 1324 4369 tenentur
1350 4312 1383 4370 et
1408 4307 1507 4389 possi-

376 4401 501 4467 dentur.
517 4404 562 4468 nt
579 4406 770 4473 intentionis
787 4406 867 4473 dicti
884 4408 1075 4476 Communis
1092 4411 1212 4493 existit,
1243 4411 1331 4495 quod
1355 4412 1439 4477 idem
1454 4413 1507 4477 ob-

376 4509 551 4582 servabunt
567 4514 635 4580 eius
652 4515 808 4604 colligati.
826 4517 867 4584 In
884 4539 962 4583 casu
978 4540 1065 4601 vero,
1088 4540 1151 4605 qno
1179 4519 1259 4587 dicti
1285 4520 1430 4605 colligati
1455 4518 1506 4584 vel
