3210 5252
584 381 677 442 1374.
1153 385 1193 444 73

87 553 134 618 bue
148 577 210 618 eum
229 555 408 620 Maiestate
435 555 541 637 Regin
568 557 739 621 nunciatur
755 581 761 618 :
780 557 880 622 visum
898 559 990 622 nobis
1007 565 1055 624 est
1074 557 1195 624 Amba-

86 664 206 728 rietores
222 671 352 730 nostros
380 665 548 730 confestim
574 667 606 731 in
633 667 840 748 Hungarinm
867 667 1041 747 destinare,
1057 673 1093 731 ut
1110 667 1194 732 lianc

85 772 277 854 perniciosam
304 773 398 838 nobis
424 779 457 838 et
482 775 542 840 toti
569 774 666 839 Italic
683 775 890 841 concordiam
907 776 1082 857 diruamus
1100 781 1132 840 et
1148 777 1194 841 fa-

85 900 175 944 uorem
191 880 330 964 Regium
357 901 416 966 pro
441 882 542 967 nobb,
568 890 724 965 quantum
751 885 850 949 suerit
866 883 1028 968 possibile,
1045 905 1194 969 procure-

84 1008 140 1052 mus
142 1026 1190 1049 -------------

5 1113 7 1144 ²
84 1131 112 1186 (A
125 1131 247 1196 »dignere
261 1133 421 1198 Carteggie‚
435 1135 556 1198 Missive,
571 1137 691 1200 Regietri
706 1137 783 1186 della
797 1137 985 1188 eoncedente«
1006 1137 1066 1188 XV.
1080 1136 1193 1204 karage-

288 1225 335 1275 bol
351 1229 393 1276 57.
408 1239 445 1274 ez.
459 1240 501 1289 a.;
521 1241 538 1276 a
552 1227 681 1276 florenczi
695 1242 769 1294 nagy
783 1227 978 1288 revelem-ban.)

611 1391 620 1396 -
628 1388 707 1400 -----·=

603 1561 654 1621 68.

5 1695 6 1716 i
81 1710 258 1779 dodonaei
267 1718 530 1804 lam-ruminemus
547 1718 664 1802 etrilrjn
682 1743 703 1781 o
722 1717 938 1780 velenczeieket
955 1743 976 1780 a
994 1715 1193 1780 Cottorn'unt

321 1826 540 1910 folytatoudd
556 1825 798 1890 kercsbnlc'stdd.
825 1829 872 1890 13
882 1826 930 1889 74.

168 1982 267 2048 Anno
293 1983 590 2052 MOOOLXXIV.
617 1986 669 2050 dic
695 1985 760 2051 XI.
780 1985 882 2051 Junii.
906 1981 1068 2067 Capta:
1085 1982 1191 2066 'Quod

5 2123 6 2128 κ
77 2088 202 2156 cridetur
215 2093 348 2176 publice
364 2094 396 2157 in
413 2092 493 2159 locis
504 2093 617 2172 solit-ia,
635 2093 722 2176 quod
739 2115 831 2158 nemo
848 2092 971 2158 audeat
987 2091 1116 2156 mittero
1134 2089 1191 2156 ali-

78 2197 142 2277 quid
157 2199 196 2264 ad
212 2208 326 2284 partes
343 2199 462 2266 Catari
478 2201 538 2265 sub
551 2203 640 2284 penis
652 2208 684 2266 et
695 2202 859 2266 strieturis
870 2201 1030 2266 contentis
1047 2200 1078 2262 in
1096 2205 1189 2282 perte

5 2313 7 2378 ζ
77 2307 375 2386 contrabannorum;
400 2315 434 2373 et
449 2308 536 2392 quod
552 2310 716 2374 scribatur
733 2306 868 2372 Consuli
885 2313 917 2372 et
933 2307 1057 2374 civibus
1084 2307 1191 2374 Vene-

5 2489 7 2506 .
77 2411 110 2474 tis
124 2413 154 2479 in
168 2415 303 2500 Cetera,
328 2423 488 2500 quatenus
513 2418 601 2482 intra
628 2423 695 2481 tres
713 2437 839 2482 menses
856 2437 875 2480 a
893 2416 1077 2499 receptione
1094 2414 1190 2497 hujus

5 2509 6 2538 ³
76 2521 203 2588 menelati
231 2525 375 2591 debeant
400 2548 434 2591 ee
459 2526 568 2591 levare
594 2525 634 2589 de
659 2525 755 2590 dictis
772 2523 922 2608 partibus
940 2523 999 2588 sub
1017 2545 1103 2606 pena
1118 2545 1190 2605 per·

5 2699 7 2706 ¹
75 2627 157 2695 dendi
180 2655 243 2698 sua
266 2633 363 2716 bona,
389 2640 555 2700 reservato
581 2633 690 2698 officio
722 2631 967 2698 Advocatorum
1002 2629 1191 2698 Communis

75 2740 259 2817 procedendi
275 2747 392 2806 contra
408 2741 491 2822 illae,
508 2743 564 2824 qui
581 2741 690 2807 forent
706 2739 963 2805 inhobedientes.

126 2886 159 2946 (A
174 2887 287 2938 »aristi«
303 2889 394 2938 czimr't
407 2887 548 2939 velenczei
561 2885 790 2951 elramkonyvbol
804 2884 933 2934 XXXIV.
950 2883 1006 2933 hot.
1022 2887 1081 2936 224.
1096 2884 1125 2944 1.)

602 3180 653 3240 69.

73 3332 96 3394 Ι.
110 3334 202 3420 bajec
219 3361 361 3424 moqyar
378 3339 409 3401 e's
426 3337 548 3422 tenyyet
565 3338 680 3424 kiraly
701 3339 907 3424 eznbdlyoaro
926 3363 946 3401 α
965 3337 1072 3400 danai
1088 3336 1190 3399 keres-

70 3439 153 3508 kede's
168 3449 249 3510 utrin
277 3445 361 3509 Be'cs
377 3447 409 3508 e's
429 3443 522 3510 Bada
540 3445 609 3510 eozr
619 3449 703 3532 jo'ro'
722 3447 862 3510 odmreob
879 3445 1055 3509 beezeddsdt.
1086 3446 1189 3510 1374.

165 3604 353 3672 Lodouieus
379 3606 442 3672 Dei
469 3605 582 3689 gracia
608 3604 679 3670 Rex
695 3606 878 3688 Hungarie,
895 3604 1040 3684 Pdeme,
1056 3604 1189 3670 Dalma-

68 3710 109 3774 cie
121 3718 178 3776 ete.
195 3713 348 3780 fidelibus
367 3715 432 3780 suis
442 3715 602 3779 uniuersis
614 3713 767 3795 PreletiS‚
783 3712 978 3792 Beronibus,
997 3709 1188 3794 (inmitibus

5 3817 7 3830 ⁸
68 3815 263 3903 castellanis,
288 3821 473 3904 Nobilibus,
497 3844 535 3888 ac
552 3822 625 3888 aliis
642 3822 781 3886 cuiusuis
800 3825 904 3886 status
930 3827 963 3886 et
989 3820 1188 3885 condicionis

67 3921 243 3994 hominibus
260 3929 386 3995 tributa
402 3930 488 3996 infra
508 3929 682 3995 Wiennam
699 3935 731 3994 et
747 3929 875 3994 Budam
893 3951 989 4012 super
1005 3927 1103 3992 fluuio
1121 3924 1188 3993 Da·

5 4053 7 4128 g
66 4033 149 4098 nubii
174 4036 311 4103 ubilibet
337 4036 531 4103 habentibus
548 4043 581 4102 et
597 4037 793 4118 tenentibus
809 4038 938 4119 suisque
956 4057 994 4100 ac
1011 4034 1188 4100 eorundem

5 4129 6 4208 Ϊ
65 4139 442 4226 tributariie,castellanis
452 4150 484 4209 et
494 4145 696 4224 officialibus
709 4145 825 4228 quibus
836 4151 1002 4227 presentes
1013 4142 1187 4208 ostendun-

5 4285 7 4340 ὲ
65 4254 122 4330 tur,
146 4251 284 4316 salutem
301 4259 335 4318 et
350 4254 504 4336 graciam.
530 4253 710 4332 NoueritiS,
727 4251 907 4336 quodlicet
930 4252 1057 4334 pridem
1073 4248 1187 4314 habite

5 4343 7 4414 Ῑ
33 4341 36 4350 ⁴
65 4361 187 4424 matura
214 4360 453 4426 deliberacione
470 4359 671 4443 disponendo
695 4360 964 4440 ordinaberinrns,
981 4365 1015 4422 ut
1031 4358 1070 4422 de
1087 4357 1186 4422 carri-

64 4463 109 4526 nis
134 4486 191 4530 seu
208 4469 345 4532 nauibus
373 4470 508 4552 magnis,
535 4489 598 4551 que
624 4490 722 4552 super
746 4466 834 4532 dicto
855 4467 954 4531 fluuio
982 4465 1126 4531 Danubii
1143 4467 1186 4531 ad

5 4595 7 4654 ς
63 4569 219 4650 prefatam
242 4573 372 4639 Bndam
396 4577 610 4640 mercimoniis
636 4577 782 4641 oneratis
808 4573 891 4660 (igy)
917 4574 1122 4656 ducerentur,
1151 4572 1185 4638 in
