3210 5252
577 383 671 446 1373.
806 341 825 444 ’.
1147 390 1188 449 sa

171 560 250 626 Item
266 559 359 626 multi
376 559 433 625 alii
450 565 724 644 presentauernnt
739 561 833 626 multi
850 561 1004 646 Hungari
1021 565 1121 648 capti.

170 667 252 733 Item
275 667 410 734 suerunt
436 668 584 751 deputati
610 689 666 734 sex
690 667 816 736 nobiles
840 669 884 734 ad
910 671 1090 736 custodiam
1115 693 1188 756 pre-

7 775 10 844 l
81 773 144 839 dicti
158 773 271 840 domini
290 771 458 856 Voivode;
481 772 632 840 videlicet
648 793 704 840 sex
728 777 816 840 omni
833 775 894 858 die,
909 781 946 840 ut
963 776 1139 844 secundum
1154 778 1188 842 in

7 879 9 980 ζ
82 881 153 947 dictu
166 884 336 948 notatorio.

7 1041 9 1102 ,
96 1027 279 1086 (wastineti
303 1028 351 1078 dai
363 1028 488 1078 notaturi
502 1027 546 1078 del
570 1027 691 1092 Colleglo
714 1027 742 1078 di
766 1030 840 1079 varie
854 1031 1052 1096 epoche‹·bttl;
1084 1033 1125 1082 28.
1149 1032 1167 1080 l.

7 1119 9 1126 “
390 1134 407 1168 a
419 1117 557 1168 velenczei
571 1132 645 1182 nagy
659 1118 852 1182 levdltdrban.)

597 1423 650 1486 49.

7 1659 8 1668 ἵ
82 1583 104 1645 Ι.
120 1585 206 1670 Lojos
230 1607 372 1672 mopyar
396 1586 429 1648 ds
454 1584 580 1670 lenpyel
605 1584 718 1671 uie-etp
734 1609 754 1648 α
771 1585 887 1670 lednya
915 1585 1029 1649 Mdsia
1047 1587 1079 1648 e's
1094 1586 1187 1673 Zeip·

7 1735 14 1762 ,
83 1693 161 1756 mord
175 1692 192 1754 l
198 1692 233 1756 V.
250 1691 379 1778 Kriroly
394 1691 651 1774 codszciruukfla
668 1693 737 1757 lodzt
754 1691 887 1757 terendo
914 1694 1070 1778 tctzossa'p
1096 1695 1188 1781 oppt-

7 1813 9 1826 ³
525 1800 591 1863 don.
618 1799 713 1864 1373.

7 1509 14 1616 l

171 1958 352 2025 Lodouicus
379 1957 439 2024 stb.
464 1979 536 2022 cum
553 1959 754 2024 matrimonii
770 1963 976 2025 contractum
992 1959 1076 2024 inter
1092 1959 1188 2026 Illus·
1270 1965 1278 1976 '

83 2069 135 2130 tres
148 2065 387 2150 sigismundum
412 2063 618 2132 serenissimi
636 2065 798 2150 Principis
815 2065 956 2131 seeundo
971 2068 1117 2150 genitum
1132 2066 1189 2132 do·

7 2103 10 2242 l
82 2174 145 2239 mim
138 2174 271 2241 Karoli
286 2176 413 2242 Diuina
428 2173 560 2240 fauente
576 2173 752 2240 clemencia
770 2173 993 2242 Romanorum
1009 2174 1188 2260 Imperato-

7 2245 11 2454 ι
81 2283 146 2344 toris
160 2279 289 2367 Semper
299 2279 455 2366 Augusti,
470 2281 692 2365 Bohcmieque
707 2281 820 2365 Regis,
834 2281 950 2347 fratris
966 2284 1071 2348 nostri
1086 2282 1185 2348 oeris-

83 2387 149 2466 simi,
171 2397 202 2454 et
188 2391 367 2456 tMariam
392 2387 534 2456 secundo
559 2395 671 2456 natam
687 2396 841 2470 nostram,
858 2411 930 2454 cum
948 2391 1061 2456 eodem
1085 2389 1189 2456 fratre

83 2501 174 2560 nostro
198 2518 298 2581 nuper
324 2499 435 2564 iniisse
451 2517 639 2562 noscamur·
633 2517 762 2581 ,quem
780 2497 911 2580 quidem
927 2503 1129 2563 contractum
1145 2495 1188 2562 ab

83 2607 197 2686 utreque
220 2605 366 2688 parcium
392 2611 462 2668 tam
488 2609 560 2670 nost
562 2607 606 2672 ris
632 2604 671 2669 lit
657 2606 752 2670 tteris
777 2605 1188 2688 consumpmandumetin

83 2707 157 2776 elect
145 2715 206 2776 tmn
231 2711 457 2777 deducendum
482 2711 685 2791 uallauimua
709 2733 810 2796 quam
834 2713 936 2778 eciam
962 2713 1187 2797 corporalibus

8 2843 12 2914 p
81 2816 252 2897 juramentis
268 2839 336 2900 noe,
353 2825 387 2883 vt
402 2818 572 2885 euidenter
588 2818 696 2886 luccat
711 2809 903 2886 intensionis
919 2827 1028 2885 nostre
1043 2819 1114 2886 lore
1130 2844 1203 2906 per.

8 2927 10 3000 l
83 2926 170 2990 omnia
193 2932 396 2994 contractum
421 2927 643 3012 supradictum
661 2948 910 3010 consumpmare
927 2952 933 2992 :
950 2927 1094 2996 finaliter
1108 2936 1188 2995 tem-

82 3051 146 3112 pore
158 3039 188 3098 et
203 3037 343 3100 termino
368 3037 403 3100 in
428 3035 548 3102 litteris
572 3043 770 3120 contractus,
796 3057 877 3118 quas
893 3041 1005 3101 mutuo
1021 3034 1083 3101 sibi
1099 3035 1188 3101 dedi·

83 3159 146 3220 mus,
160 3146 272 3226 positis
287 3150 321 3209 et
338 3145 512 3227 conceptis,
529 3143 634 3210 eidem
650 3143 747 3209 fratri
763 3150 876 3210 nostro
886 3143 1058 3210 karissimo
1068 3140 1189 3208 Roma·

81 3266 174 3316 norum
189 3251 388 3336 Imperatori
413 3258 476 3318 etc.
501 3272 640 3318 necnon
658 3250 813 3333 omnibus,
830 3272 969 3333 quorum
984 3251 1122 3316 interest
1137 3249 1190 3314 vel

82 3352 215 3424 iuteresse
231 3360 362 3442 poterit,
377 3358 542 3425 bonafide
559 3365 591 3424 et
607 3359 678 3423 sine
692 3359 798 3424 omnis
814 3357 880 3424 doli
889 3356 1040 3442 scrupulo
1056 3357 1189 3441 promit-

81 3460 161 3529 timus
184 3471 217 3530 et
240 3464 446 3549 spondemus,
475 3466 563 3548 quod
587 3465 771 3549 legaciones
796 3473 926 3531 nostras
949 3465 1129 3548 solempnes
1146 3461 1189 3528 ad

82 3565 224 3638 domiuum
248 3577 398 3638 nostrum
424 3569 591 3638 Summum
616 3571 810 3640 Pontificem
836 3579 1037 3658 quantocyus
1054 3571 1189 3638 velimus

81 3681 291 3760 transmittere,
307 3684 342 3743 st
358 3699 415 3744 nos
432 3677 540 3762 quoad
550 3682 884 3763 consumpmacionem
902 3685 1061 3745 tractatus
1080 3676 1190 3762 hujus·

84 3785 155 3851 modi
168 3787 224 3853 snb
240 3808 326 3871 pena
342 3789 684 3856 excommunicacionis
708 3787 865 3853 mandare
881 3787 989 3853 valeat
1004 3792 1103 3870 atque
1119 3805 1190 3869 pos·

18 3876 23 3885 ’
84 3890 123 3954 sit
144 3893 260 3960 Datum
284 3896 318 3960 in
344 3902 457 3962 nostro
481 3895 600 3981 Regali
625 3895 751 3978 palatio
774 3893 1003 3979 Wyssegradii
1028 3893 1088 3958 snb
1104 3911 1190 3956 anno

84 3993 254 4066 Natimtatis
279 4002 413 4068 Domini
438 4001 683 4071 MOCOLXX.
710 4004 821 4084 tercio,
845 4001 1025 4068 indiccione
1051 3997 1115 4066 XI.
1137 3997 1190 4064 die

85 4101 172 4174 XXI.
186 4110 301 4174 mensis
317 4109 343 4176 J
344 4111 421 4176 unii.

87 4249 206 4306 (Ecdeme
218 4253 399 4320 burhartydn,
413 4272 430 4307 a
441 4257 592 4323 hittlynsk
615 4255 702 4321 ldggtt
714 4255 833 4322 peesttje
845 4255 934 4322 alstt3
954 4267 971 4303 s
983 4251 1059 4302 becsi
1071 4247 1191 4301 cassasti

10 4339 12 4374 ³
475 4348 561 4399 titkos
574 4344 768 4411 leveltarban.)
