3182 5252
384 355 447 418 552
735 371 970 418 urecouacznr
986 357 1155 417 exutum.

382 533 470 598 tibus
486 531 560 611 suis,
579 531 662 594 sicut
687 531 798 594 clausa
823 554 891 596 esse
918 532 1037 596 debent
1052 532 1085 594 in
1102 553 1178 594 casu
1196 529 1228 594 in
1255 529 1344 595 dicto
1372 527 1512 610 capitulo

383 645 497 706 notato
521 639 669 704 omnibus
695 637 776 719 aliie,
805 641 922 722 quibus
948 641 1059 706 clausa
1082 661 1152 706 esse
1169 639 1287 706 debent
1303 660 1362 721 per
1377 637 1511 702 formam

382 747 464 814 dicti
481 747 625 830 capituli.
655 747 701 812 Et
717 748 803 831 qnod
829 750 862 814 in
888 749 991 815 dictos
1018 754 1139 833 portus,
1155 748 1298 827 flumina,
1314 753 1348 812 et
1364 747 1435 810 loca
1451 767 1513 808 ma-

382 855 495 922 ritima
510 854 594 919 dicte
610 839 721 920 Patris
738 855 816 921 Feri
832 857 856 922 J
860 857 915 922 ulii
934 859 1001 940 ipse
1017 856 1195 940 Reginales
1213 855 1419 939 Majcstates,
1428 852 1510 934 Reg-

378 971 460 1028 'nnm
475 967 507 1026 et
524 961 655 1029 Corona
671 963 854 1047 Hungarie,
865 971 898 1029 et
916 971 1029 1048 gentes
1048 985 1157 1028 eorum
1170 985 1231 1028 non
1241 961 1441 1045 recipientur
1457 981 1511 1022 nee

383 1071 638 1154 receptabuntur
654 1070 722 1137 ullo
741 1072 837 1138 modo
855 1072 977 1138 directe
1003 1073 1054 1137 vel
1069 1071 1236 1150 indirecte,
1252 1093 1312 1136 nec
1328 1070 1375 1134 eis
1392 1067 1513 1134 dabun-

382 1187 437 1244 tur
453 1179 486 1243 in
502 1177 590 1243 dicto
616 1199 692 1244 casu
719 1179 881 1259 victualia,
909 1203 967 1245 nec
986 1179 1236 1246 refreseamenta
1253 1179 1365 1261 aliqua
1381 1176 1447 1241 ullo
1466 1175 1510 1239 in·

383 1287 478 1370 genio
496 1308 553 1351 sen
570 1285 685 1366 forma,
702 1293 739 1350 ut
755 1288 788 1351 in
806 1286 894 1352 dicto
911 1287 1055 1372 capitulo
1082 1287 1122 1352 de
1147 1287 1221 1366 illis,
1238 1286 1295 1370 qni
1311 1283 1433 1350 habere
1449 1303 1511 1347 non

383 1393 502 1460 debent
528 1391 601 1475 ipsa
627 1393 783 1458 victualia
808 1401 842 1458 et
867 1394 1127 1476 rebescamenta,
1144 1401 1176 1460 et
1193 1394 1356 1478 receptari
1376 1411 1441 1458 non
1459 1390 1510 1456 de·

383 1502 462 1566 bent
477 1501 511 1565 in
527 1501 604 1584 ipsis
621 1501 789 1583 portubus,
816 1501 1010 1583 fluminibus,
1035 1503 1133 1568 terris
1150 1509 1183 1569 et
1198 1502 1279 1567 locis
1294 1502 1379 1566 dicte
1396 1499 1509 1564 Patrie

384 1609 463 1674 Fori
479 1608 504 1673 J
506 1607 562 1672 nlii
578 1607 765 1674 distinctius
785 1616 819 1674 ct
836 1609 961 1693 plenius
977 1613 1163 1677 continetur
1180 1609 1241 1676 stb.
1266 1607 1510 1694 (duramentum

382 1718 416 1782 in
458 1715 581 1782 Sancta
621 1717 811 1800 Evangelia.
852 1718 985 1786 Sanctio
1025 1741 1146 1804 poenae
1181 1723 1289 1786 16000
1321 1718 1506 1783 ducatorum

384 1824 454 1890 auri
470 1825 568 1889 toties
584 1825 712 1908 quoties
728 1825 925 1910 pendendae.
950 1827 1167 1894 Renunciatic
1193 1825 1342 1892 omnibns
1363 1824 1509 1908 juridicis

384 1931 560 2016 remediis).

490 2039 683 2106 Dicentibus
699 2048 731 2106 et
748 2039 967 2107 affirmatibus
993 2043 1089 2108 dictis
1113 2039 1414 2116 Ambaxiatoribus,
1430 2039 1505 2122 Syn·

385 2147 466 2212 dicis
483 2153 516 2212 et
534 2149 798 2231 procuratoribus
825 2149 904 2214 dicti
931 2150 1052 2216 domini
1072 2149 1176 2214 Ducis
1194 2157 1227 2215 et
1244 2149 1431 2216 Communis
1447 2147 1506 2214 Ve-

386 2257 556 2338 netiarurn,
581 2278 620 2320 ac
645 2255 741 2321 dictis
767 2256 915 2340 Syndicis
941 2265 973 2324 et
999 2257 1263 2341 procuratoribus
1293 2256 1507 2342 predictorum

386 2361 553 2427 Nobilium
579 2369 611 2428 et
637 2361 914 2430 Communitatum
941 2365 1055 2431 Patrio
1080 2367 1159 2431 Fori
1184 2367 1209 2432 J
1211 2365 1269 2430 ulii
1295 2367 1328 2431 in
1352 2364 1510 2448 presentia

336 2557 338 2560 .
387 2470 449 2534 mei
466 2467 597 2534 Notarii
624 2476 656 2534 et
680 2471 811 2536 testium
828 2472 1125 2556 infrascriptorum,
1142 2495 1206 2538 non
1221 2495 1262 2539 ex
1278 2495 1389 2540 errore
1405 2472 1460 2538 ted
1476 2493 1510 2536 ex

386 2582 474 2641 certa
491 2577 634 2656 scientia,
659 2578 746 2661 quod
773 2586 1011 2645 sacramentum
1037 2582 1158 2647 factum
1179 2605 1236 2667 per
1252 2588 1427 2665 utramque
1443 2602 1510 2663 par·

386 2692 461 2766 tem,
478 2690 664 2750 contentum
681 2685 714 2748 in
732 2685 819 2751 dicto
831 2688 1048 2755 instrumento
1058 2691 1123 2774 lige
1140 2699 1174 2758 et
1189 2692 1326 2770 unionis
1340 2711 1399 2775 pro
1409 2690 1511 2756 obser-

386 2793 517 2857 vatione
542 2793 685 2856 omniurn
710 2799 743 2856 et
769 2795 970 2877 singulorum
995 2806 1219 2864 contentorum
1235 2801 1269 2863 in
1285 2799 1374 2864 dicto
1400 2798 1512 2862 instru-

387 2905 504 2979 mento,
522 2921 586 2963 non
604 2921 638 2963 se
654 2901 808 2982 extendit,
826 2924 884 2967 nec
901 2925 933 2968 se
950 2906 1126 2972 extendere
1142 2906 1239 2972 debet
1255 2908 1305 2972 vel
1323 2915 1440 2990 potest,
1457 2927 1512 2969 nec

386 3009 491 3092 potnit
508 3007 574 3071 ullo
591 3005 686 3072 modo
704 3009 745 3072 ad
763 3012 984 3094 exceptionem
1010 3013 1042 3077 in
1068 3015 1155 3081 dicto
1175 3016 1320 3100 capitulo
1336 3018 1456 3082 tactam
1473 3012 1510 3076 de

387 3113 517 3180 Corona
542 3120 574 3179 et
601 3115 716 3198 Regno
743 3116 933 3200 Hungarie3
958 3121 1034 3203 qnia
1060 3130 1137 3187 tunc
1164 3125 1196 3186 in
1223 3125 1423 3206 prestatione
1439 3122 1512 3186 dicti

312 3268 316 3275 -
387 3224 579 3289 sacramenti
612 3224 645 3286 in
677 3223 762 3288 dieto
793 3225 1007 3294 instrumento
1032 3229 1098 3312 lige
1123 3238 1156 3294 ct
1180 3233 1310 3296 unionis
1341 3233 1426 3297 lactc
1457 3250 1513 3312 per

386 3338 559 3415 utramque
570 3339 714 3415 partem,
731 3333 798 3416 ipse
809 3335 902 3400 ambe
914 3342 1024 3419 partes
1036 3340 1207 3404 noluerunt
1218 3341 1432 3417 concorditer,
1448 3359 1515 3421 spe·

387 3440 514 3505 cialiter
539 3446 570 3504 et
596 3460 755 3522 expresse,
773 3449 808 3507 et
824 3465 862 3507 ex
879 3453 970 3510 certa
987 3447 1129 3526 scientia,
1146 3468 1210 3512 non
1226 3469 1284 3532 per
1302 3467 1463 3526 errorem3
1485 3453 1513 3510 et

387 3550 435 3613 ita
451 3547 604 3612 dixerunt
621 3547 653 3610 in
671 3551 839 3637 presentia
865 3553 928 3617 mei
946 3553 1077 3618 Notarii
1094 3561 1125 3620 et
1141 3556 1272 3620 testium
1288 3561 1513 3621 contentorum

387 3657 421 3720 in
437 3656 651 3722 instrumento
678 3657 743 3739 lige
769 3665 802 3723 et
827 3661 955 3724 unionis
973 3662 1129 3745 predicte,
1145 3664 1231 3746 quod
1247 3664 1304 3729 illa
1320 3665 1467 3748 exceptio
1483 3665 1513 3726 in

388 3762 476 3828 dicto
505 3762 651 3846 capitula
675 3765 809 3846 inserta,
835 3767 924 3832 facta
950 3769 990 3834 de
1009 3770 1125 3854 Regno
1142 3778 1175 3838 et
1192 3771 1325 3838 Corona
1346 3773 1513 3855 Hungerie

388 3869 523 3953 perinde
551 3869 664 3936 haberi
691 3870 834 3954 deberet,
859 3895 897 3938 ae
923 3877 950 3939 si
971 3897 1149 3960 numquam
1165 3879 1199 3943 in
1215 3881 1286 3962 ipso
1302 3879 1513 3945 instrumento

387 3977 496 4060 posita
512 3975 606 4042 foret.
632 3978 678 4042 Et
695 3978 781 4060 qnod
808 3979 928 4047 dictum
956 4005 1066 4049 eorum
1082 3995 1322 4052 sacramentum
1338 3988 1383 4053 ad
1398 3988 1513 4054 dictam

390 4085 612 4168 exceptionem
638 4085 746 4169 Regni
772 4093 803 4150 et
830 4086 958 4155 Corone
983 4092 1156 4176 Hungarie
1182 4117 1247 4160 non
1277 4097 1513 4174 extenderetur,

392 4213 451 4256 nec
467 4191 510 4258 ad
527 4194 630 4276 ipsam
648 4194 780 4257 extendi
805 4197 956 4264 nolebant
972 4201 1039 4267 nllo
1055 4203 1158 4268 modo.
1175 4205 1235 4270 stb.
1252 4205 1313 4270 stb.
1330 4205 1417 4271 Item
1433 4205 1511 4288 qnod

390 4300 461 4384 ipsa
477 4300 544 4384 liga
560 4307 594 4365 et
610 4303 685 4366 nnio
704 4304 744 4366 sit
762 4311 793 4367 et
810 4328 878 4371 esse
894 4308 1011 4374 debeat
1027 4333 1084 4394 per
1101 4320 1223 4378 terram
1239 4314 1281 4378 ad
1298 4313 1510 4381 defensionem

389 4408 535 4473 Ecclesie
551 4405 794 4491 Aquilegiensis
811 4419 842 4477 ct
860 4414 975 4482 Patris
991 4416 1069 4483 Feri
1086 4421 1110 4485 J
1113 4419 1169 4484 nlii
1181 4429 1296 4486 contra
1308 4441 1509 4503 quoscunque

390 4515 556 4602 Donrinos,
584 4513 841 4582 slorrrmnnitates
859 4531 891 4587 et
909 4545 1073 4614 personas,
1090 4529 1308 4614 cujuscunque
1325 4527 1507 4596 conditionis
1587 4549 1588 4576 r

1585 4603 1588 4728 l
