3248 5242
383 413 449 492 684
738 451 973 500 nmnousczrsr
989 435 1155 500 cutinus.

380 603 529 671 dabimus
545 607 574 672 ci
591 615 737 676 nostram
754 612 995 695 responsionem
1021 611 1195 676 secundum
1220 611 1308 694 quod
1333 609 1493 676 convenire

380 713 559 782 videbimus
576 723 645 796 etc,
661 717 746 784 sicut
762 720 794 784 in
812 718 902 786 dicta
917 725 1011 802 parte
1030 719 1178 785 ordinate
1194 723 1334 784 cavetur.
1349 717 1395 784 Et
1409 718 1495 784 modo

380 820 421 884 do
437 842 519 885 novo
536 844 594 906 per
611 845 721 890 omnes
737 833 864 894 nostros
881 829 1001 892 amicos
1016 827 1109 892 nobis
1120 825 1290 892 notificata
1305 825 1426 891 fuerint
1437 847 1496 890 rer-

291 967 295 974 ·
380 924 422 991 ba
438 928 630 1012 eliquatam
647 934 854 1017 superiectis
871 934 976 1001 Jadrc
993 956 1091 1020 quam
1107 935 1247 1000 aliorum
1264 936 1411 1000 locorum
1426 933 1498 1000 Dal·

380 1039 489 1118 matie,
506 1046 538 1104 et
555 1039 693 1108 laudant
709 1053 741 1110 ct
758 1051 910 1112 ortantur
925 1046 1029 1128 amici,
1046 1045 1135 1128 qnod
1155 1066 1212 1110 nos
1236 1045 1367 1109 mittere
1392 1043 1498 1110 debea-

380 1165 450 1208 mus
481 1151 626 1212 nostram
652 1147 874 1218 Ambaxatam
900 1152 942 1217 ad
968 1151 1242 1218 Communitatem
1267 1149 1384 1232 Jadre,
1408 1151 1497 1218 etad

380 1251 445 1316 alia
456 1251 647 1322 Communia
659 1257 837 1341 Dalmatis,
853 1260 897 1325 ad
913 1258 1115 1326 offerendum
1132 1277 1190 1324 nos
1205 1257 1246 1323 de
1255 1259 1494 1342 interpositione

380 1357 648 1444 differentiarum,
666 1384 748 1446 quas
764 1366 888 1434 habent
904 1367 989 1433 inter
1007 1388 1050 1445 se,
1064 1366 1112 1432 ita
1138 1366 1227 1449 quod
1251 1367 1377 1449 possint
1401 1365 1497 1432 rivere

378 1469 465 1533 inter
481 1490 515 1535 sc
531 1474 665 1555 pacifice
682 1483 714 1541 et
730 1477 839 1560 quiete
856 1483 889 1542 et
913 1477 948 1541 in
972 1475 1057 1542 bono
1082 1483 1116 1541 et
1140 1474 1323 1558 tranquillo
1350 1481 1455 1554 statn3
1470 1483 1499 1540 et

379 1575 496 1642 laudat
513 1582 635 1646 amicus
651 1585 734 1650 hanc
751 1585 937 1668 opinionem
954 1605 1012 1666 pro
1030 1582 1219 1666 accipiendo
1244 1583 1389 1649 animum
1405 1603 1497 1666 popu·

379 1684 484 1750 lorum
503 1688 679 1772 propitium
695 1697 728 1755 et
743 1693 927 1776 benignum,
944 1699 976 1757 et
993 1712 1051 1775 pro
1077 1690 1200 1756 honore
1224 1694 1328 1756 nostri
1352 1690 1497 1770 Domini,

379 1791 464 1857 bono
481 1795 683 1876 agendorum
699 1805 885 1864 nostrorum
901 1805 935 1866 et
952 1799 1198 1864 conservatione
1214 1799 1320 1865 nostri
1331 1797 1441 1864 Status
1456 1797 1497 1862 ie

378 1900 445 1964 ciat
476 1904 644 1986 providere
677 1929 774 1990 super
805 1907 882 1988 hoo;
907 1907 998 1972 vadit
1022 1927 1108 1991 pars,
1135 1905 1221 1989 quod
1245 1907 1397 1972 mittatur
1421 1927 1495 1970 unus

379 2015 491 2073 noster
507 2007 652 2078 Nuntius
663 2012 835 2093 sufficiens,
844 2014 931 2079 sicut
945 2013 1107 2080 videbitur
1125 2011 1282 2097 collegio,
1298 2035 1371 2079 cum
1387 2012 1499 2078 litteris

379 2117 500 2181 nostris
527 2119 729 2186 credulitatis
754 2123 797 2187 ad
823 2120 1080 2188 Communitetes
1106 2121 1131 2188 J
1133 2121 1221 2203 edre,
1246 2120 1400 2204 Tragurii
1416 2125 1446 2185 et
1462 2119 1499 2184 sd

379 2221 536 2306 chalcos,
553 2248 615 2309 que
626 2229 822 2296 videbuntur
833 2227 1000 2314 Collegi03
1016 2228 1133 2314 quibus
1149 2228 1238 2300 lacta
1254 2229 1450 2294 salutatione
1464 2249 1496 2292 ec

380 2328 544 2396 oblatione
561 2337 706 2418 generali
725 2359 798 2402 cum
812 2337 920 2403 verbis
936 2339 1056 2402 amoris
1072 2343 1106 2401 et
1129 2336 1324 2420 dilectionis,
1342 2355 1496 2419 exponere
1598 2337 1600 2418 Ῐ

382 2435 499 2503 debeat
515 2441 579 2507 ista
603 2442 734 2509 modica
749 2446 848 2511 verbs
871 2447 904 2511 in
922 2465 979 2511 suo
997 2442 1153 2526 Consilio,
1177 2445 1293 2526 inquo
1319 2444 1384 2509 sint
1408 2463 1500 2526 quam

378 2544 489 2627 plures
504 2554 537 2611 et
553 2550 696 2635 inquam
707 2554 864 2618 maiorem
881 2553 1100 2637 quantitatem
1116 2553 1238 2636 poterit
1254 2551 1362 2617 iecere
1373 2571 1500 2635 congre·

378 2654 451 2734 gari
461 2676 468 2715 :
479 2654 566 2738 quod
582 2658 749 2725 intellecto
765 2682 822 2745 per
837 2683 896 2726 nos
912 2660 952 2727 de
962 2662 1059 2726 certis
1068 2658 1271 2740 differentiis,
1287 2680 1370 2743 quas
1386 2658 1500 2724 habent

380 2759 584 2845 adinvicem,
601 2773 768 2850 tamquam
793 2768 870 2836 boni
896 2768 991 2835 vicini
1015 2772 1049 2832 et
1074 2767 1169 2832 amici
1184 2767 1365 2850 recepimus
1380 2771 1413 2831 ct
1427 2767 1501 2832 reci·

379 2868 486 2952 pimus
503 2873 744 2959 displicentiam
770 2879 803 2942 in
820 2877 972 2944 cordibus
998 2877 1126 2956 nostris,
1151 2877 1230 2959 quia
1254 2875 1501 2940 desideravimus

380 2982 412 3038 et
427 2976 650 3046 desideramus
666 2983 820 3050 honorem
837 2992 869 3049 et
880 2983 1000 3049 bonum
1017 2989 1140 3048 statum
1151 3005 1245 3047 snum
1256 2983 1344 3047 velut
1359 2989 1499 3047 nostrum

380 3087 557 3167 proprium
575 3088 621 3153 Et
638 3090 784 3156 volentes
800 3114 860 3174 per
876 3091 1027 3156 effectum
1045 3090 1269 3156 demonstrare
1295 3089 1454 3154 sinceram
1470 3095 1499 3154 ct

380 3192 536 3273 optimam
553 3195 794 3279 dispositionem
810 3199 920 3264 nostri·
930 3197 1075 3263 Dominii
1090 3219 1169 3280 erga
1185 3217 1249 3277 eos,
1266 3195 1429 3262 offerimus
1447 3217 1500 3260 nos

379 3305 522 3382 paratos,
538 3303 697 3385 placendo
714 3307 769 3388 eis,
786 3306 826 3370 de
854 3305 1003 3387 eligendo
1021 3312 1054 3368 et
1070 3303 1229 3370 mittendo
1255 3310 1399 3369 nostram
1424 3304 1496 3368 Am-

379 3403 535 3473 baxatam
559 3432 617 3493 pro
644 3414 872 3479 concordando
896 3433 951 3478 cos
977 3415 1010 3477 in
1036 3411 1141 3493 simul,
1167 3418 1200 3476 et
1224 3434 1285 3496 pro
1313 3411 1499 3477 removendo

379 3533 488 3579 omnes
519 3515 729 3602 differentias,
761 3520 917 3586 scaudala
939 3527 974 3585 ct
998 3540 1127 3586 errores
1152 3520 1237 3584 inter
1261 3541 1325 3603 eoS,
1342 3518 1499 3604 sequendo

378 3622 515 3704 vestigia
531 3629 775 3710 progenitorum
792 3637 984 3710 nostrorum,
1002 3629 1048 3692 ita
1065 3627 1152 3711 quod
1177 3627 1286 3694 vivant
1305 3629 1393 3694 inter
1418 3649 1450 3694 se
1467 3627 1498 3690 in

379 3729 514 3810 liacifico
530 3739 562 3798 et
578 3735 661 3802 bono
679 3745 767 3802 statu
778 3737 954 3803 secundnm
971 3737 1165 3802 desiderium
1185 3756 1277 3802 suum
1295 3743 1328 3801 et
1344 3743 1498 3801 nostrum3

379 3842 500 3903 etcum
517 3862 563 3922 eo,
581 3846 669 3925 quod
685 3853 795 3911 noster
811 3846 955 3911 Nuntius
971 3844 1126 3910 habuerit
1142 3852 1176 3909 et
1191 3842 1313 3926 iecerit,
1335 3843 1448 3909 redeat
1462 3839 1499 3907 sd

379 3951 523 4012 nostram
541 3954 736 4038 presentiam
751 3953 792 4019 de
809 3953 958 4018 omuibus
969 3953 1154 4036 plenissime
1166 3951 1372 4035 informatus,
1388 3957 1420 4016 et
1430 3957 1499 4016 tunc

379 4052 497 4119 erimus
514 4058 557 4122 ad
572 4060 659 4126 istud
687 4061 876 4144 Consilium,
892 4068 925 4126 et
949 4061 1017 4143 fiet,
1042 4061 1126 4126 sicut
1151 4059 1314 4125 videbitur
1339 4059 1448 4125 utilius
1471 4063 1500 4122 et

378 4160 491 4226 melius
507 4183 566 4244 pro
582 4166 676 4233 iactis
701 4171 828 4235 nostris.
845 4169 896 4234 De
913 4157 1202 4253 parue'XXXVI.

312 4279 317 4283 '
487 4268 548 4336 Ser
573 4273 726 4341 Andreas
750 4267 892 4358 Donato,
919 4299 971 4342 scr
998 4276 1118 4343 Petrus
1144 4276 1259 4342 Pisani
1284 4274 1495 4352 Consiliiarii;

380 4371 440 4438 Ser
457 4376 641 4446 Ludovicus
656 4382 799 4464 Faletro‚
816 4405 867 4448 ser
883 4383 1040 4450 Nicoleus
1052 4381 1226 4466 Delphino‚
1243 4403 1295 4448 ser
1306 4382 1494 4449 Michaletus

380 4483 561 4571 Trivisano‚
577 4487 697 4572 Capita
722 4488 762 4554 de
787 4490 863 4572 XL,
896 4488 1069 4573 Sapientes
1097 4489 1244 4556 Consilii.
1268 4489 1401 4576 Capta:
1418 4489 1496 4574 Quis

379 4593 444 4661 iste
474 4595 604 4684 negotia
629 4605 704 4666 sunt
730 4619 849 4688 magna
874 4607 907 4664 et
932 4597 1046 4669 ardua.
1069 4605 1103 4664 ct
1128 4603 1269 4685 tangunt
1294 4599 1492 4666 vehementer
