3226 5254
568 325 572 328 ’
616 355 712 418 1380.
1162 355 1223 415 svn

9 545 11 592 ἓ
59 591 61 594 ,
107 531 199 598 vendo
213 554 272 616 pro
289 531 397 612 rebus,
414 552 497 615 quas
513 532 715 616 acciperent3
741 537 775 597 et
791 551 851 615 pro
866 537 963 614 parte
979 532 1058 598 dicti
1074 531 1224 598 Commu-

9 679 11 716 ᾗ
106 641 158 722 uis,
171 641 246 725 ipsis
265 641 407 708 debeant
422 662 482 724 pro
500 640 617 706 debitis
641 641 757 725 pretiis
774 639 929 706 victualia
944 641 1151 725 expedientia
1167 643 1225 708 mi-

106 749 237 814 nistrari.
262 748 308 815 Et
324 749 472 815 similiter
496 748 704 834 intelligatur
729 755 762 815 et
786 749 976 815 observetur
1000 757 1034 815 et
1057 751 1225 818 observari

106 855 214 922 eebeu
243 858 277 923 in
307 857 484 924 territoriis
509 862 542 922 et
566 879 664 942 super
688 857 865 927 territoriis
890 857 1119 942 colligatorum
1144 860 1222 924 dicti

9 953 11 992 ²
107 961 293 1050 Communis,
309 988 368 1051 per
385 987 447 1051 que
463 966 605 1032 transire
615 965 752 1048 vellent;
776 965 823 1031 ita
839 968 948 1049 etiam,
959 968 1045 1051 quod
1062 968 1089 1032 si
1105 966 1224 1034 vellent

104 1075 232 1138 transire
248 1096 309 1158 per
323 1073 526 1141 territorium
543 1072 678 1140 alicuius
689 1095 728 1139 ex
739 1073 833 1139 dictis
850 1074 1022 1158 colligatis,
1039 1076 1223 1142 ministren-

9 1223 13 1254 ι
100 1185 148 1245 tur
162 1181 205 1247 eis
219 1181 376 1262 victualia
391 1184 578 1248 necessaria
603 1204 663 1266 pro
688 1183 795 1266 pretio
811 1183 1026 1267 competenti;
1042 1183 1153 1268 stipsi
1169 1184 1222 1252 de·

100 1289 189 1356 beant
204 1292 345 1358 transire
362 1293 560 1358 continuatis
576 1291 691 1358 diebus
702 1298 736 1358 et
752 1291 876 1376 absque
887 1293 1035 1360 illatione
1052 1293 1172 1378 damni,
1189 1302 1222 1361 et

9 1415 11 1444 ³
101 1399 276 1483 accipiendo
302 1400 457 1466 victualia
472 1387 673 1485 pro'pretiis
700 1400 839 1484 debitis3
856 1407 890 1468 et
907 1403 993 1485 quod
1018 1404 1088 1487 ipse
1108 1409 1221 1489 gentes

100 1529 157 1572 non
172 1508 311 1576 debeant
326 1510 447 1576 offendi
471 1533 530 1595 per
556 1517 672 1593 gentes
689 1508 877 1577 Communis
893 1511 1072 1594 Florentie,
1088 1514 1139 1580 vel
1156 1515 1222 1581 dio·

9 1605 11 1612 ’
97 1621 195 1682 torum
213 1617 453 1701 colligatorum,
476 1619 689 1701 transeundo,
720 1625 757 1684 ut
772 1619 961 1703 predisitur,
995 1626 1028 1686 et
1044 1622 1132 1706 quod
1148 1643 1220 1706 pre-

99 1721 177 1788 dicte
192 1731 304 1807 gentes
330 1725 377 1791 sic
401 1731 609 1792 transeuntes
631 1747 695 1792 nou
711 1726 941 1810 intelligantur
956 1727 1053 1794 fidem
1067 1751 1219 1813 rumpere

97 1830 276 1915 accipiendo
302 1833 562 1914 comestibilia,
589 1854 651 1918 que
678 1841 771 1900 extra
796 1833 949 1902 fertiliter
966 1837 1157 1904 invenerint.
1172 1840 1219 1906 Et

97 1938 175 2020 quod
199 1941 350 2024 predicta
375 1942 483 2008 omnia
507 1941 736 2026 intelligantur
761 1942 935 2010 bonafide
961 1945 1061 2011 etad
1088 1967 1219 2012 sensum

9 2067 11 2082 ¹
96 2043 296 2114 intellectum.

623 2160 697 2242 Ego
722 2158 877 2226 Ristorus
902 2159 988 2227 filius
1004 2163 1140 2228 condam
1167 2186 1217 2230 ser

516 2264 647 2364 iacobi,
680 2267 756 2332 oivis
788 2267 1018 2356 Florentium,
1049 2268 1217 2357 Imperiali

514 2376 711 2441 auctoritate
721 2377 746 2442 J
747 2375 831 2441 udex
852 2377 1048 2445 Ordinarius
1065 2389 1097 2447 et
1113 2381 1218 2450 Nota·
1302 2384 1305 2392 ’

516 2483 584 2550 rius
601 2483 757 2550 Publicus
767 2483 925 2570 predictis
941 2488 1090 2556 omnibus
1105 2498 1138 2556 et
1153 2493 1216 2557 sin-

516 2591 601 2675 gulis
617 2591 694 2657 dum
710 2600 885 2677 agerentur
902 2595 1046 2678 interfui,
1061 2605 1140 2664 etee
1150 2622 1216 2666 om·

514 2698 569 2764 nia
604 2707 637 2764 et
671 2699 800 2785 singula
830 2705 1054 2788 suprascripte
1079 2712 1215 2789 rogatus

160 2801 311 2889 (Jegyzoi
324 2803 426 2891 jegy.)
518 2808 632 2891 rogavi
665 2815 699 2873 et
729 2809 925 2891 imbrevieri‚
957 2819 990 2878 et
1013 2813 1054 2880 ad
1082 2837 1214 2899 presens

514 2916 590 2980 aliis
600 2919 738 3000 negotiis
749 2927 936 3004 occupatus,
946 2921 1094 3005 predicta
1104 2927 1214 2992 omnia

510 3028 543 3090 et
560 3025 687 3108 singvda
712 3030 935 3113 suprascripta
957 3031 1148 3114 complenda
1179 3042 1214 3100 et

512 3131 710 3216 publicanda
745 3136 890 3201 commisi
916 3135 1127 3224 infrascripto
1159 3163 1210 3207 ser

514 3235 661 3307 Antonio
687 3239 841 3327 Magistri
875 3243 969 3310 Petri
995 3244 1144 3328 Notario,
1179 3258 1212 3316 et

511 3347 585 3412 ideo
601 3369 651 3412 me
663 3348 836 3435 subscripsi
847 3359 879 3418 et
896 3353 1023 3436 signum
1034 3376 1140 3421 meum
1156 3377 1211 3442 ep·

510 3457 603 3539 posui
619 3464 817 3524 consuetum.

619 3565 693 3650 Ego
709 3566 875 3634 Antonius
888 3569 974 3637 filius
991 3571 1127 3640 condam
1138 3574 1210 3640 Ma·

510 3672 603 3756 gistri
620 3673 713 3740 Petri
731 3677 770 3742 de
787 3676 956 3746 Florentia
972 3681 1129 3747 Publicus
1145 3682 1209 3747 Im·

509 3781 623 3864 periali
649 3785 846 3850 auctoritate
862 3785 1021 3854 Notarius
1047 3797 1079 3856 et
1099 3789 1209 3856 Judex

506 3886 710 3974 Ordinarius,
727 3894 875 3978 predicta
891 3899 1000 3962 omnia
1019 3903 1052 3963 et
1078 3899 1208 3982 singula

153 3992 191 4078 (J
193 3997 304 4079 egyzdi
315 3995 416 4082 jegy.)
506 4020 579 4064 mea
594 4003 728 4084 propria
744 4024 842 4068 manu
854 4005 976 4088 scripta
993 4012 1026 4071 et
1042 4015 1158 4091 rogata
1174 4017 1208 4074 et

509 4103 701 4173 inbreviate
716 4131 775 4193 per
793 4113 1050 4197 suprascriptum
1070 4136 1122 4180 ser
1132 4115 1207 4181 Ris-

504 4220 613 4279 torum
630 4237 682 4281 ser
699 4217 724 4283 J
725 4219 819 4285 scobi
839 4239 878 4284 ex
898 4222 1040 4287 eiusdem
1062 4243 1115 4288 ser
1132 4223 1206 4290 Ris-

505 4323 571 4387 tori
597 4326 765 4408 rogatione
783 4331 814 4392 et
829 4327 1072 4412 imbreviatura,
1093 4332 1206 4416 vigore

504 4432 740 4499 commissionis
776 4456 834 4519 per
859 4434 982 4504 dictum
1017 4461 1068 4505 ser
1094 4440 1205 4508 Risto-

504 4560 576 4609 rum
594 4541 672 4610 mihi
689 4543 787 4628 facte,
798 4551 835 4610 ut
846 4553 1056 4634 suprapatet,
1067 4547 1207 4617 fideliter
