3226 5254
583 297 676 358 1380.
1129 296 1192 356 379

13 519 14 560 7
77 494 179 540 norum
196 474 305 540 decem
331 473 423 538 milia
448 472 533 538 infre
558 473 639 539 duos
664 494 792 539 menses
818 473 982 557 predictos
999 497 1019 538 a
1035 473 1087 538 die
1104 473 1190 539 facte

78 581 293 664 promissionis,
309 602 381 646 cum
406 579 523 664 pactis,
548 579 830 663 promissionibus
856 579 959 646 modis
976 589 1009 647 et
1025 581 1193 648 tenoribus

13 695 14 768 ᾗ
78 691 105 752 in
119 691 327 754 instrumento
346 688 432 754 dicte
458 687 683 772 promissionis
709 688 877 770 contentis,
906 689 945 754 de
974 709 1039 770 quo
1065 697 1194 755 constat

78 818 125 878 per
138 797 385 863 instrumentum
402 795 478 862 inde
494 802 645 880 rogatum
661 817 719 879 per
735 817 788 862 ser
812 796 982 864 Ristorum
999 818 1053 862 ser
1069 799 1094 864 J
1096 798 1191 863 acobi

78 904 236 970 Notarium
252 903 489 983 Florentinum,
505 909 538 968 et
555 902 642 986 quod
657 925 722 968 non
740 903 944 970 obstantibus
970 904 1065 970 dictis
1082 905 1191 970 termi-

13 1083 14 1092 ἶ
77 1012 118 1076 nis
132 1033 185 1078 seu
199 1013 314 1098 pactis,
330 1013 363 1077 in
379 1014 593 1079 instrumento
611 1011 698 1080 dicte
719 1013 942 1096 promissionis
959 1016 1129 1098 contentis,
1145 1017 1192 1080 iu·

13 1111 15 1176 ἕ
75 1121 216 1186 tentionis
233 1120 312 1186 dicti
330 1121 450 1186 domini
466 1120 551 1186 Baui
567 1120 628 1185 tuit
638 1128 671 1186 et
687 1128 746 1202 cst,
762 1127 798 1186 ut
815 1128 1025 1206 ettamquem
1036 1144 1194 1206 procura-

13 1303 15 1320 :
75 1234 121 1294 tor
142 1229 363 1313 procuratorio
390 1229 519 1296 nominc
548 1229 626 1293 dicti
653 1229 774 1295 domini
800 1228 902 1314 Regis
927 1232 975 1297 ire
1001 1231 1044 1296 ad
1070 1230 1191 1298 dictum

76 1335 217 1403 Castrum
232 1336 331 1402 Podii
348 1336 484 1416 Bonitii,
511 1343 543 1402 et
559 1336 605 1403 ibi
621 1359 642 1402 a
658 1337 753 1403 dictis
775 1336 915 1405 Sindicis
931 1346 963 1404 et
978 1337 1193 1405 Ambaxiuto-

13 1487 15 1504 t
74 1444 155 1510 ribus
170 1446 314 1530 recipere
332 1452 366 1512 et
382 1445 537 1525 confiteri,
555 1445 582 1511 si
598 1467 619 1510 a
638 1445 733 1512 dictis
752 1445 1046 1514 Ambaxiatoribus
1072 1455 1106 1514 et
1121 1447 1193 1514 Sin·

74 1551 144 1617 dicis
159 1553 329 1635 videbitur,
346 1561 450 1620 totam
467 1553 587 1620 dictam
604 1557 825 1639 quantitatem
841 1555 1038 1622 florenorum
1054 1557 1192 1640 quadra·

13 1655 15 1694 ³
74 1661 155 1742 ginta
170 1663 292 1728 milium
309 1661 389 1742 euri,
406 1669 437 1727 et
454 1663 493 1728 de
509 1683 547 1730 ea
558 1685 592 1728 se
603 1662 691 1729 dicto
703 1664 831 1729 nomine
842 1662 1189 1730 vocarebeneconten-

37 1855 39 1858 Ι
75 1771 294 1851 tumtacitum,
307 1777 480 1854 pacatum3
497 1779 530 1838 et
548 1772 694 1856 obligare
704 1769 826 1838 dictum
839 1772 1003 1839 dominum
1014 1774 1147 1856 Regem,
1159 1779 1192 1838 et

13 1871 16 1918 t
76 1898 105 1940 se
115 1878 214 1960 ipsum
232 1877 399 1943 dominum
415 1879 440 1946 J
442 1879 610 1962 ohannem,
628 1884 661 1944 et
677 1879 855 1962 quemlibet
870 1900 982 1944 eorum
1000 1879 1192 1946 insolidum

75 1984 112 2048 ad
126 1985 357 2053 restituendum
375 1987 406 2051 di
412 1993 463 2052 cto
476 1983 647 2053 Communi
657 1986 827 2053 Florentio
838 1988 959 2053 dictem
972 1990 1190 2074 quantitatem

13 2121 15 2148 ι
73 2089 257 2160 florenorum
273 2094 497 2179 quadraginta
513 2095 636 2160 milium
653 2097 733 2177 auri,
759 2097 853 2162 modo
871 2104 903 2161 et
919 2097 1030 2176 forma,
1048 2103 1080 2162 et
1095 2101 1192 2180 prout

13 2211 15 2270 3
74 2205 101 2263 et
116 2203 193 2266 sicut
209 2201 314 2267 dictus
331 2203 479 2268 dominus
495 2204 521 2270 J
522 2203 667 2270 ohannes
692 2204 797 2270 iacere
824 2206 973 2287 promisit
990 2205 1023 2268 in
1040 2205 1128 2270 dicto
1144 2207 1190 2270 in·

73 2314 241 2377 strumento
258 2311 345 2377 dicte
371 2313 594 2395 promissionis
618 2313 692 2378 inde
717 2318 835 2397 rogato
851 2335 909 2398 per
934 2316 1191 2399 suprascriptum

74 2439 119 2482 ser
134 2417 303 2486 Bistorum
319 2441 371 2486 ser
386 2420 507 2488 Jacobi
532 2422 666 2488 Notarii
692 2423 799 2487 animo
818 2429 848 2487 et
874 2423 1064 2501 intentione,
1091 2431 1123 2487 et
1149 2423 1193 2488 ad

13 2515 15 2596 ἑ
73 2523 150 2591 hunc
165 2525 259 2594 finem
276 2532 310 2592 et
327 2529 486 2609 effectum,
504 2528 590 2614 quod
616 2530 685 2613 ipse
711 2529 858 2594 dominus
880 2528 1051 2596 Jobannes
1077 2527 1188 2596 Bonus

73 2635 202 2702 intendit
217 2638 361 2722 recipere
377 2638 429 2704 rlie
446 2640 591 2704 crastino
606 2659 626 2703 a
642 2639 738 2704 dictis
757 2637 1048 2706 Ambaxiutoribus
1065 2648 1099 2705 et
1115 2637 1192 2705 Sin·

73 2743 145 2808 diois
161 2745 192 2810 in
210 2746 297 2812 dicto
315 2754 422 2813 castro
434 2747 533 2813 Podii
543 2746 669 2812 Bonitii
679 2745 875 2812 florenorum
890 2747 1006 2830 viginti
1019 2749 1110 2812 milia
1120 2750 1192 2814 auri

13 2837 15 2850 ’
71 2851 106 2940 de
121 2853 207 2920 dicta
223 2857 410 2938 quontitate
425 2854 622 2920 florenorum
648 2855 869 2938 quadraginta
895 2855 1019 2921 milium
1035 2855 1116 2936 auri,
1148 2855 1188 2920 de

14 3041 15 3044 Ἴ
72 2981 131 3042 qua
145 2966 329 3047 quantitate
345 2964 541 3030 florenorum
559 2964 781 3046 quadraginta
801 2962 925 3028 milium
941 2965 1012 3029 auri
1038 2984 1097 3046 per
1123 2962 1189 3028 dic-

13 3077 15 3138 t
71 3074 133 3134 tum
148 3072 312 3138 dominum
328 3070 353 3136 J
355 3073 514 3137 ohannem
530 3070 715 3154 recipienda
740 3069 879 3136 intendit
896 3071 983 3150 dere,
999 3077 1032 3136 et
1049 3076 1098 3134 est
1114 3092 1189 3135 con·

13 3157 15 3258 ζ
72 3184 181 3262 tentus,
198 3187 231 3245 ct
247 3181 377 3245 omnino
393 3180 462 3246 vult
477 3184 546 3264 ipsc
562 3180 712 3245 dominus
728 3179 753 3244 J
754 3180 906 3260 ohannes
924 3185 956 3246 et
966 3179 1069 3263 ipsius
1088 3179 1190 3244 dorni-

13 3269 15 3320 7
73 3287 275 3354 niJohannis
302 3295 350 3354 est
376 3288 666 3376 intentionislalios
683 3287 823 3354 florenos
850 3288 965 3371 viginti
994 3288 1085 3354 milia
1109 3289 1191 3371 auri,

13 3435 15 3488 3
71 3415 145 3476 quos
159 3397 304 3480 recipere
320 3395 460 3463 debebat
474 3397 507 3460 in
524 3396 649 3462 duabus
665 3395 782 3479 poghis
799 3395 931 3478 ultimis,
948 3403 1098 3478 utsupra
1124 3396 1191 3460 ‹lic-

13 3499 14 3502 ’
74 3507 136 3567 tum
150 3511 207 3586 cst,
223 3503 375 3572 videlicet
390 3504 476 3570 infra
493 3526 591 3569 unum
616 3524 758 3570 mensem
785 3505 930 3588 proxime
955 3503 1100 3569 futurum
1125 3504 1190 3569 alie

13 3613 15 3690 ζ
72 3606 258 3676 florenorum
276 3611 348 3676 auri
365 3612 475 3678 decern
491 3612 596 3677 millio
621 3613 803 3695 relinquere
820 3613 908 3677 dicto
926 3609 1097 3678 Communi
1115 3611 1190 3678 Flo·

13 3711 15 3746 ³
72 3720 169 3784 rentie
199 3743 255 3787 seu
288 3721 383 3786 dictis
414 3719 703 3788 Ambaxiatoribus
730 3727 764 3785 et
790 3719 932 3786 Sindicis
957 3722 1085 3786 nomine
1111 3721 1190 3786 dicti

13 3877 15 3920 ζ
72 3821 251 3896 Communis
267 3829 500 3912 recipientibus
517 3829 662 3894 adhunc
687 3829 782 3896 finem
800 3836 833 3894 et
849 3829 1008 3910 effectum,
1024 3836 1057 3894 et
1072 3835 1108 3895 ut
1125 3829 1189 3894 dic-

13 3935 14 4010 ]
70 3939 133 3998 tum
148 3933 325 4002 Commune
341 3937 519 4018 Florentio,
536 3958 591 4004 seu
607 3938 691 4004 alius
707 3960 767 4022 pro
779 3937 865 4002 dicto
878 3935 1049 4002 Communi
1061 3943 1190 4001 conton-

13 4105 15 4132 ᾖ
70 4045 123 4121 tet,
139 4045 312 4112 concordet
327 4051 361 4110 et
376 4049 563 4110 contentum
580 4043 683 4112 faciat
698 4067 757 4129 per
774 4046 969 4112 solutionem
986 4046 1035 4110 vel
1052 4045 1189 4128 promis·

69 4149 181 4216 sionem
197 4155 248 4219 vel
274 4175 334 4238 per
358 4153 458 4219 aliurn
484 4154 613 4219 modum
640 4153 701 4218 stb.
728 4153 868 4218 nobilem
894 4153 998 4217 virum
1023 4149 1188 4216 dominum

71 4253 295 4326 Bulthusarum
312 4259 353 4324 de
370 4259 514 4343 Spinolis
531 4260 570 4324 de
585 4259 610 4323 J
613 4283 698 4326 anua
715 4262 754 4326 de
771 4261 965 4327 florenorum
984 4260 1092 4324 decern
1110 4260 1187 4324 mili·

70 4361 126 4429 bus
141 4368 218 4433 ouri.
237 4368 333 4434 Unde
350 4367 446 4450 hodie
462 4369 524 4434 bac
537 4369 684 4452 presenti
695 4368 917 4453 suprascripta
929 4367 981 4432 die
998 4389 1084 4432 nonu
1101 4389 1188 4432 men·

71 4471 109 4536 sis
126 4471 286 4560 Octubris‚
301 4478 448 4566 prefatus
474 4475 669 4564 Magnificus
685 4478 734 4545 vir
760 4475 908 4576 dominus
934 4475 959 4544 J
960 4477 1104 4546 ohannes
1122 4475 1184 4546 Ba·
