3172 5254
582 364 675 426 1319.
1129 327 1190 432 195

196 539 250 612 ll)
274 533 308 600 A
333 539 563 604 velenezei
589 538 790 624 dogeuelr
815 563 835 606 a
859 542 1063 610 kdretek.

7 733 9 740 Ι
172 642 452 711 Excellentissime
469 644 608 712 Domine
626 655 745 714 noster.
762 648 827 713 Per
845 649 974 716 litteras
991 659 1119 717 nostras
1136 652 1193 718 da·

83 755 123 812 tas
137 748 233 816 XIII.
250 754 369 819 mensis
385 758 545 837 presentis
557 762 590 821 et
599 757 776 839 replicatas
787 757 864 826 XV.
879 755 1057 826 Serenitati
1074 759 1193 830 Vestre

7 851 8 860 ’
83 859 262 942 scripsimus,
289 860 376 944 quod
401 865 540 946 receptis
567 863 688 929 litteris
714 863 862 932 Illustris
879 867 1001 932 domini
1016 867 1145 949 Karoli,
1162 870 1196 932 iu

7 1029 8 1038 ,
84 965 181 1046 quibus
206 967 307 1034 fiebat
332 971 463 1050 mentio,
488 970 575 1053 quod
599 971 781 1055 videbatur,
808 973 896 1057 quod
921 974 1111 1041 deberemus
1138 995 1196 1038 nos

7 1065 8 1146 ζ
82 1072 216 1140 reducere
242 1077 276 1140 iu
302 1099 401 1142 unum
425 1078 571 1146 locorum
597 1078 837 1146 Domiuationis
861 1081 978 1152 Vestro
995 1083 1129 1147 vicinius
1145 1082 1197 1146 his

7 1211 8 1272 3
83 1183 641 1272 partibus;etconside1·ato,quod
667 1185 870 1272 Oapitaneus
896 1190 991 1275 hujus
1021 1191 1086 1255 loci
1117 1191 1197 1256 satis

7 1319 8 1368 3
82 1293 232 1359 curialiter
257 1315 317 1360 nos
342 1294 588 1377 licenciarerat3
614 1296 944 1364 determinaveramus
960 1298 1074 1364 habita
1090 1305 1198 1364 scorta

7 1391 9 1462 ζ
82 1402 220 1483 requisita
236 1425 371 1487 pernes
387 1426 407 1469 a
424 1405 554 1470 domino
579 1405 769 1488 Benedicto,
786 1427 885 1490 qnam
901 1407 942 1472 ab
960 1407 1034 1491 alijs
1051 1404 1195 1490 Vngaris

7 1517 9 1598 ᾗ
81 1528 134 1572 non
149 1519 358 1593 potueramus
375 1512 505 1596 habere,
522 1512 676 1579 reducere
693 1534 752 1579 nos
771 1510 973 1580 Seravallum
989 1521 1049 1580 etc.
1066 1516 1150 1581 sicut
1166 1515 1200 1579 iu

7 1625 9 1676 ῑ
82 1615 162 1683 dictis
176 1620 297 1687 litteris
313 1620 506 1687 continetur.
523 1619 620 1687 Nunc
636 1628 743 1688 autem
759 1621 988 1690 Domiuationi
1004 1621 1124 1693 vestre
1141 1644 1198 1688 uo·

80 1725 238 1813 tificamus,
255 1729 343 1813 quod
368 1729 420 1794 his
447 1729 561 1795 diebus
586 1729 702 1814 medijs
730 1727 931 1814 Capitaueus
948 1730 1043 1816 hujus
1058 1730 1122 1796 loci
1139 1753 1200 1796 nos

79 1833 188 1916 pluries
204 1839 399 1921 licenciarit,
425 1860 463 1903 ac
488 1838 582 1905 nobis
599 1839 673 1904 dari
695 1837 770 1904 lecit
788 1839 952 1906 licentiam
969 1860 1028 1926 per
1043 1861 1200 1923 personas

80 1944 196 2030 medias,
213 1945 388 2013 ostendeus
404 1948 543 2013 multum
559 1948 689 2031 gravari
707 1946 747 2011 de
764 1968 856 2013 mora
871 1953 984 2014 nostra
996 1948 1030 2012 in
1041 1947 1102 2015 hoc
1117 1949 1199 2014 loce.

79 2051 196 2137 Exque
214 2062 363 2120 secutum
392 2062 451 2136 est,
478 2055 565 2137 quod
590 2054 687 2121 hodie
713 2054 863 2121 domiuus
889 2053 1033 2122 Jacobus
1058 2055 1200 2141 Ispanus

7 2153 9 2178 “
81 2163 156 2225 scuit
170 2162 235 2226 huc
253 2162 293 2227 de
319 2182 433 2248 campo
451 2182 517 2244 suc,
531 2163 589 2246 qui
606 2168 657 2228 est
672 2169 817 2228 remotus
832 2162 873 2227 ab
889 2163 964 2230 hiuc
980 2183 1037 2247 per
1058 2165 1199 2248 quinquo

7 2271 9 2296 '
77 2270 235 2353 moliaria3
269 2270 349 2355 quid
375 2271 517 2337 sentiens
543 2269 648 2336 dictus
680 2270 880 2354 Capitaueus
905 2271 999 2337 nobis
1026 2269 1201 2354 dicissent,

7 2365 9 2408 ³
78 2377 154 2460 quod
169 2379 365 2446 deberemus
391 2379 556 2464 requirere
583 2385 735 2460 scortam,
760 2402 844 2444 nuuc
861 2379 948 2463 quod
965 2381 1033 2462 ipsc
1050 2380 1202 2446 domiuus

77 2487 211 2554 Jacobus
228 2489 284 2554 hic
300 2495 389 2571 erat3
414 2494 446 2553 et
473 2487 560 2572 quod
586 2488 613 2554 si
637 2488 726 2554 illam
752 2489 999 2574 requireremus,
1015 2488 1095 2554 bene
1111 2488 1203 2554 uobis

76 2595 168 2664 daret
186 2595 286 2665 Vnde
312 2597 459 2663 videntes
486 2603 615 2664 tautum
641 2597 790 2663 infestari
808 2597 850 2663 ab
867 2599 947 2682 ipso,
963 2599 1078 2663 ivimus
1095 2597 1138 2664 ad
1154 2598 1200 2681 ip-

7 2693 12 2798 }
76 2725 138 2770 sum
153 2707 322 2773 domiuum
338 2705 512 2790 Jaccbum‚
538 2712 570 2771 et
596 2706 747 2772 ordinate
774 2706 937 2773 narrando
953 2711 1099 2771 tenorem
1115 2705 1201 2771 litte-

75 2835 175 2881 rurum
205 2815 332 2882 domini
358 2813 489 2896 Karoli,
514 2822 548 2879 et
574 2812 842 2880 deliberationem
868 2813 986 2880 factam
1013 2835 1071 2898 per
1087 2834 1145 2879 nos
1161 2810 1202 2878 dc

7 3009 9 3014 Ι
76 2921 170 2988 eundo
188 2923 232 2988 ad
251 2945 354 2988 uuum
378 2923 530 2988 locorum
553 2929 743 3005 vestrorum,
760 2927 793 2986 et
808 2920 949 3006 qualiter
973 2919 1203 3004 requisivimus

7 3021 9 3038 *
77 3041 218 3112 scortanr,
237 3052 337 3121 quam
355 3030 476 3098 habere
494 3052 558 3097 nou
582 3037 800 3115 potueramus,
816 3037 849 3095 et
865 3027 952 3114 quod
969 3030 1047 3112 quia
1063 3029 1124 3093 iste
1142 3024 1204 3092 Oa·

75 3138 216 3218 pitaneus
234 3161 297 3206 nos
314 3161 390 3224 sepe
406 3146 439 3204 et
454 3139 619 3223 sepissime
640 3140 865 3204 licentiaverat
881 3142 913 3202 et
934 3134 1135 3216 licentiabat‚
1152 3154 1203 3198 ro-

7 3229 18 3328 J
75 3246 223 3326 gabamus
241 3246 531 3332 Magnificenciam
549 3245 660 3328 Suam,
686 3253 846 3330 qnatenus
862 3244 957 3311 uobis
973 3242 1052 3308 dare
1069 3241 1205 3308 deberet

74 3363 222 3440 sconem,
248 3379 314 3443 que
340 3379 398 3424 nos
424 3361 582 3424 scortaret
599 3358 642 3423 ad
659 3379 757 3422 uuum
773 3362 955 3425 vestrorum
971 3354 1124 3420 locorum.
1142 3348 1208 3434 Qui

76 3465 160 3530 uobis
176 3466 429 3551 responsionem
456 3465 548 3531 dedit
573 3467 606 3530 iu
632 3465 695 3530 hac
711 3463 817 3530 forma
834 3491 840 3531 :
858 3461 892 3530 N
894 3485 929 3530 os
944 3460 1132 3528 immediate
1149 3458 1207 3524 ibi-

7 3605 9 3656 1
75 3593 138 3638 mus
155 3574 198 3640 ad
225 3595 391 3659 eampum,
419 3581 452 3640 ct
477 3574 599 3641 erimus
625 3596 697 3640 cum
723 3574 855 3638 domino
881 3571 1061 3639 Benedicto
1087 3575 1120 3634 et
1135 3567 1209 3633 istis

7 3657 9 3680 ’
76 3681 141 3764 alijs
165 3682 360 3751 Beronibus
387 3681 574 3766 Nobilibus,
599 3689 631 3748 et
657 3704 730 3748 cras
753 3682 794 3746 de
820 3701 915 3748 mane
938 3681 1103 3746 mittemus
1119 3675 1208 3742 robis

76 3792 319 3874 responsionem
336 3796 491 3871 nostram,
508 3811 605 3874 quarn
625 3791 878 3875 expect-abimus
893 3796 925 3855 ct
941 3786 1118 3854 secundnm
1137 3804 1209 3848 eam

75 3898 296 3980 procedemus.
320 3899 371 3965 De
397 3919 479 3966 novo
504 3899 556 3964 hic
573 3901 740 3982 sensimus,
758 3896 846 3982 quod
864 3897 942 3963 dum
958 3917 1019 3979 per
1034 3892 1210 3958 Dominum

78 4003 183 4073 Padus
201 4006 406 4076 scriberetur
431 4007 563 4073 domino
590 4007 770 4073 Benedicto
787 4012 818 4071 et
837 4005 912 4089 alijs
936 4002 1125 4069 Beronibus
1141 3999 1210 4068 Vn-

73 4117 169 4199 31111,
187 4117 282 4200 quod
300 4114 456 4201 sperabat
481 4114 678 4200 conjungere
706 4137 740 4182 se
766 4137 838 4182 cum
867 4113 1019 4199 gentibus
1035 4109 1211 4178 Jauuensi·

7 4217 9 4290 ῤ
74 4245 130 4306 um,
145 4231 178 4289 et
193 4224 323 4290 habere
350 4223 384 4289 in
409 4223 500 4290 brevi
525 4223 694 4307 Clugiam3
718 4229 750 4289 et
766 4223 874 4290 adhue
899 4220 1036 4286 ulterius
1053 4217 1204 4284 dominus

7 4323 10 4410 ἶ
73 4329 272 4400 Benedictus
290 4337 323 4397 et
340 4332 396 4396 isti
421 4331 479 4416 alij
506 4330 680 4398 Notabiles
706 4333 945 4415 requisiverunt
970 4330 1078 4411 ipsum
1100 4323 1212 4392 Domi·

73 4461 146 4505 uum
161 4439 284 4507 Padue
301 4439 341 4505 de
358 4439 496 4508 volendo
513 4439 562 4505 ire
580 4462 653 4506 cum
664 4440 848 4526 ganzarolis
865 4439 940 4520 suis,
957 4441 988 4501 et
1005 4455 1074 4500 esse
1092 4432 1211 4500 adhoc

7 4549 9 4628 ζ
74 4547 209 4628 lactum3
235 4557 268 4615 et
299 4549 388 4632 quod
413 4549 589 4616 Dominum
616 4549 730 4616 Padue
752 4545 921 4632 respoudit
935 4545 991 4624 eis,
1009 4543 1096 4627 quod
1113 4549 1146 4607 ct
1163 4563 1212 4606 su-

1043 4649 1104 4719 13*
