3190 5252
417 305 483 367 438
773 323 1009 370 nunounczrar
1026 312 1194 369 aurianam

417 503 498 562 rum,
515 503 579 564 que
595 483 736 566 pignora
752 485 913 548 communi
940 485 1153 550 extimaeione
1178 482 1274 548 vendi
1300 480 1425 565 possint
1439 493 1512 557 usque

417 590 459 656 ad
476 593 693 674 quantitatem
710 596 835 674 septem
852 593 988 658 millium
1006 594 1206 658 ducatorum.
1224 588 1295 673 Qua
1322 589 1351 655 si
1366 587 1448 654 faeta
1469 603 1513 648 110ss

418 697 547 778 fuerint,
565 705 602 763 ut
618 719 724 782 supra,
740 705 818 763 tune
833 701 981 766 incurrat
1004 701 1184 768 Commune
1209 699 1426 766 Veueciarum
1441 696 1466 758 in
1477 711 1513 774 pe·

417 827 492 869 narn
517 804 710 871 ducatorum
726 807 837 872 decem
850 810 984 874 millium
999 829 1057 892 pro
1074 809 1221 894 qualibet
1238 808 1304 872 vice
1322 827 1379 871 seu
1396 797 1514 870 annollt

417 912 445 976 si
465 912 570 978 tribus
587 915 691 996 annis,
716 937 775 982 seu
791 938 848 999 per
875 923 940 982 tres
967 918 1051 982 vices
1077 917 1110 982 in
1136 915 1308 996 solucione,
1334 911 1515 997 deposicione,
1570 897 1571 962 ἶ

417 1027 452 1085 et
490 1023 740 1106 consignacioue
771 1023 929 1109 predictis
959 1025 1082 1090 dictum
1115 1022 1295 1090 Commune
1329 1019 1516 1088 Veneciarum
1570 1101 1571 1110 ἵ

416 1131 600 1212 cessaverit,
629 1141 707 1198 tune
739 1155 798 1216 per
829 1133 951 1199 dictum
981 1132 1115 1216 Regem,
1147 1133 1215 1216 ejus
1247 1149 1455 1208 successores,
1474 1122 1516 1188 Co·

415 1258 540 1320 ronam,
571 1245 603 1302 et
635 1239 835 1324 presidentes
865 1240 1030 1325 predictos
1057 1241 1185 1324 singula
1212 1239 1345 1322 singulis
1370 1231 1516 1302 referendo
1570 1279 1571 1284 η

416 1365 472 1408 seu
489 1365 550 1428 pro
567 1346 637 1430 ejus
652 1352 745 1431 parte
770 1347 843 1412 fieri
867 1347 1007 1412 debeant
1031 1350 1290 1432 protestaciones
1315 1351 1348 1409 et
1374 1338 1516 1409 denuntia·

417 1452 525 1518 ciones
541 1461 654 1520 contra
671 1454 794 1521 dictum
810 1456 990 1522 Commune
1006 1453 1226 1526 Veneeiarum
1243 1461 1318 1534 tres,
1335 1459 1369 1518 et
1385 1473 1442 1536 per
1458 1459 1513 1515 tem

405 1580 531 1642 ,porum
562 1563 755 1645 intervalla3
795 1563 945 1630 videlieet
975 1586 1035 1648 pre
1065 1584 1261 1647 unaquaque
1292 1559 1515 1628 denunciaeiom

414 1669 501 1733 inter
530 1672 803 1753 proteataeionem
829 1679 862 1737 et
887 1671 1172 1739 denunciacionem
1198 1693 1253 1736 sex
1277 1671 1444 1735 mensium.
1468 1664 1517 1748 Qut
1570 1725 1571 1734 ,

415 1777 670 1858 protestaciones
701 1789 736 1845 et
767 1779 1035 1846 denunciaciones
1066 1779 1148 1845 fiant
1187 1800 1295 1846 coram
1334 1776 1518 1855 infrascripto

418 1882 543 1968 judice,
569 1886 615 1950 sic
640 1892 750 1952 tamen
776 1894 809 1952 et
834 1889 965 1968 taliter,
991 1889 1077 1970 quod
1102 1909 1160 1972 per
1184 1887 1306 1953 dietum
1329 1885 1466 1971 judicem
1487 1878 1519 1944 di·

414 1998 465 2056 cte
481 1998 548 2057 tres
572 1992 842 2061 denunciacioues
868 2003 902 2060 et
917 1997 1175 2080 protestaciones
1200 1995 1243 2060 ad
1267 1995 1418 2059 noticiam
1441 1991 1520 2055 dicte

414 2121 486 2164 rum
502 2099 606 2165 Ducis
623 2109 656 2168 et
671 2099 859 2169 Communis
875 2103 1093 2172 Veneciarum
1125 2103 1339 2170 deducantur.
1363 2103 1407 2167 Et
1432 2101 1457 2165 si
1482 2093 1520 2162 tri·
1570 2115 1571 2128 ¹

412 2206 473 2272 bus
498 2207 622 2274 vicibus
648 2229 704 2274 seu
729 2211 835 2277 tribus
861 2214 955 2277 anuis
981 2212 1140 2278 coutinuis
1167 2211 1217 2276 vel
1244 2209 1447 2294 interpolatis
1472 2224 1520 2270 ces
1569 2249 1571 2308 ἑ

413 2320 519 2379 satum
550 2323 583 2381 ct
613 2317 851 2384 contrafactum
881 2319 989 2402 fuerit,
1021 2325 1054 2384 et
1086 2317 1171 2384 facte
1203 2317 1335 2399 luerint,
1368 2323 1403 2381 ut
1432 2331 1519 2398 supra

418 2421 504 2487 dicte
524 2427 782 2506 protestaeiones
809 2435 842 2492 et
867 2428 1144 2508 denunciaciones,
1169 2435 1201 2493 et
1226 2447 1290 2491 non
1316 2424 1413 2490 suerit
1435 2421 1521 2487 soluta

413 2551 484 2596 sors
514 2530 663 2613 predicta
695 2534 729 2598 in
761 2534 832 2601 loeo
863 2536 1020 2619 predicto,
1052 2536 1101 2600 vel
1127 2534 1216 2600 saeta
1240 2556 1306 2600 non
1332 2539 1415 2598 esset
1438 2527 1521 2596 consi·
1569 2585 1571 2595 Α

412 2638 528 2720 gnacio
554 2640 688 2722 pecunie
714 2647 747 2705 et
772 2642 935 2726 deposieio
954 2645 1129 2727 pignorum
1145 2643 1369 2727 predictorum
1395 2661 1462 2705 cum
1486 2657 1520 2704 ao·

411 2744 538 2811 lusione
565 2746 727 2813 dictarum
753 2772 910 2832 penarum
936 2750 1022 2818 dicto
1049 2752 1179 2818 domino
1206 2751 1300 2835 Regi,
1318 2752 1369 2816 vel
1386 2751 1449 2814 suis
1467 2765 1521 2811 sue
1569 2821 1570 2836 3

411 2853 601 2936 eessoribua
628 2859 678 2922 vel
711 2857 846 2938 Corone,
873 2860 923 2924 vel
959 2861 1055 2926 alicui
1080 2860 1302 2945 predictorum
1334 2860 1458 2924 nomine
1487 2856 1520 2936 ip·
1569 2903 1570 2910 ν

410 2982 519 3026 sorum
535 2963 713 3047 recipienti,
730 2973 766 3030 ut
790 2965 963 3050 prefertur,
980 2975 1013 3034 et
1039 2969 1153 3052 elapsa
1177 2968 1286 3034 forent
1307 2973 1454 3052 tempora
1468 2983 1520 3028 om·

410 3070 464 3134 uia
479 3070 642 3153 predicta,
658 3078 738 3137 tunc
748 3073 908 3140 duntaxat
925 3083 958 3142 et
973 3096 1037 3142 non
1055 3083 1152 3142 antea
1165 3076 1393 3160 intelligentur
1409 3090 1520 3160 presens

409 3199 475 3261 pax
491 3187 589 3263 rupta
605 3179 692 3246 dieto
720 3182 850 3248 domino
878 3184 971 3268 Regi.
1004 3186 1090 3250 Item
1115 3186 1202 3269 quod
1228 3186 1316 3251 dicto
1344 3203 1420 3250 casu
1442 3183 1521 3247 liceat

412 3285 500 3351 dieto
512 3286 726 3355 Serenissimo
743 3291 872 3358 domino
884 3293 969 3376 Regi
985 3302 1018 3358 et
1035 3295 1276 3360 suecessoribus
1293 3293 1364 3378 ejus
1381 3295 1414 3359 iu
1424 3291 1520 3371 Regno

410 3401 444 3458 et
475 3392 606 3461 Cornua
630 3403 744 3480 petere
761 3406 795 3463 et
810 3400 938 3484 exigere
964 3400 1068 3466 dictas
1095 3409 1200 3468 sortes
1226 3404 1292 3467 sive
1319 3401 1520 3486 prestaciones
1569 3383 1570 3390 ἵ

411 3523 470 3584 pro
487 3502 584 3568 dictis
600 3504 703 3584 aunis,
720 3505 836 3588 quibus
853 3509 973 3573 solueio
1000 3509 1089 3575 facta
1105 3533 1169 3575 nou
1196 3516 1293 3590 esset,
1318 3517 1351 3576 et
1367 3511 1465 3575 dictas
1478 3523 1520 3588 pe·

408 3630 477 3690 nas,
492 3610 525 3674 iu
543 3633 623 3694 quas
640 3611 729 3678 dicta
754 3617 922 3683 occasione
949 3624 1035 3682 esset
1060 3620 1233 3683 incursum.
1258 3619 1304 3683 Et
1329 3619 1418 3684 ultra
1440 3615 1519 3680 liceat
1568 3645 1569 3698 ν

409 3713 496 3782 dioto
513 3718 643 3784 domino
659 3721 745 3802 Regi
762 3730 795 3787 et
810 3724 1051 3791 suecessoribus
1077 3728 1147 3811 ejus
1172 3727 1328 3812 predictis
1345 3727 1395 3791 uti
1410 3721 1519 3808 quibus·

408 3843 534 3908 cunque
548 3825 678 3909 juribus
695 3829 763 3894 auis
779 3831 842 3896 sibi
858 3833 1115 3917 competentibus
1132 3835 1165 3899 in
1177 3835 1272 3900 dictis
1284 3834 1428 3914 bucchis,
1444 3839 1472 3895 et
1487 3823 1519 3890 ad

407 3952 462 3998 cae
478 3939 511 3998 et
520 3955 613 4000 usum
625 3956 737 4002 earum
757 3948 872 4004 contra
884 3937 1065 4006 Commune
1075 3941 1302 4023 Veneciarum,
1312 3964 1378 4008 uon
1389 3941 1518 4007 obstante
1568 3991 1569 3994 ,

407 4039 440 4104 in
457 4041 569 4124 aliquo
586 4047 730 4127 presenti
740 4049 974 4130 transcedens,
990 4072 1049 4117 nec
1064 4051 1179 4136 pactis,
1196 4051 1331 4135 perinde
1349 4073 1387 4116 ae
1403 4050 1429 4114 ai
1443 4048 1514 4111 facta

407 4169 472 4214 non
488 4158 606 4232 essent,
624 4167 656 4218 et
670 4161 769 4236 prout
779 4163 912 4239 poterat
926 4165 1002 4224 ante
1012 4167 1194 4243 presentem
1212 4183 1375 4246 guerram.
1387 4158 1466 4225 Sane
1480 4161 1516 4216 ta·
1568 4157 1569 4160 ’

407 4275 481 4320 men
497 4258 672 4342 intellecto,
690 4264 778 4343 quod
799 4264 887 4329 dieto
904 4287 991 4348 casu,
1008 4269 1177 4336 occasione
1193 4272 1356 4354 presentis
1381 4267 1462 4355 pacis
1477 4257 1514 4324 rel

407 4367 649 4451 transaceionis,
660 4372 711 4436 rel
728 4373 911 4455 aliquorum
923 4381 1149 4444 contentorum
1165 4379 1199 4443 in
1215 4381 1272 4461 eis,
1284 4381 1351 4446 sive
1368 4376 1512 4446 occasione

408 4473 583 4542 solucionis
600 4476 665 4544 sive
682 4483 892 4562 prestacionis
917 4485 1003 4550 dicte
1029 4488 1223 4570 quantitatis
1248 4496 1372 4574 septem
1397 4481 1509 4550 miltun
