<?xml version="1.0" encoding="UTF-8"?>
<!DOCTYPE html PUBLIC "-//W3C//DTD XHTML 1.0 Transitional//EN"
    "http://www.w3.org/TR/xhtml1/DTD/xhtml1-transitional.dtd">
<html xmlns="http://www.w3.org/1999/xhtml" xml:lang="en" lang="en">
 <head>
  <title>
</title>
<meta http-equiv="Content-Type" content="text/html;charset=utf-8" />
  <meta name='ocr-system' content='tesseract 3.04.00' />
  <meta name='ocr-capabilities' content='ocr_page ocr_carea ocr_par ocr_line ocrx_word'/>
</head>
<body>
  <div class='ocr_page' id='page_1' title='image "./magyardiplomacz00wenzgoog_0522.png"; bbox 0 0 3182 5252; ppageno 0'>
   <div class='ocr_carea' id='block_1_1' title="bbox 387 311 1157 372">
    <p class='ocr_par' dir='ltr' id='par_1_1' title="bbox 387 311 1157 372">
     <span class='ocr_line' id='line_1_1' title="bbox 387 311 1157 372; baseline -0.008 0"><span class='ocrx_word' id='word_1_1' title='bbox 387 311 450 372; x_wconf 73' lang='lat'><strong>502</strong></span> <span class='ocrx_word' id='word_1_2' title='bbox 740 325 974 370; x_wconf 79' lang='lat' dir='ltr'><strong>omnousczrnr</strong></span> <span class='ocrx_word' id='word_1_3' title='bbox 990 311 1157 370; x_wconf 75' lang='lat' dir='ltr'><strong>masur.</strong></span> 
     </span>
    </p>
   </div>
   <div class='ocr_carea' id='block_1_2' title="bbox 384 481 1586 1430">
    <p class='ocr_par' dir='ltr' id='par_1_2' title="bbox 384 481 1586 1430">
     <span class='ocr_line' id='line_1_2' title="bbox 384 481 1586 562; baseline -0.007 -11"><span class='ocrx_word' id='word_1_4' title='bbox 384 485 544 551; x_wconf 82' lang='lat' dir='ltr'><strong>mercibus</strong></span> <span class='ocrx_word' id='word_1_5' title='bbox 562 491 595 548; x_wconf 91' lang='lat' dir='ltr'><strong>et</strong></span> <span class='ocrx_word' id='word_1_6' title='bbox 611 483 758 550; x_wconf 85' lang='lat' dir='ltr'><strong>vassallis</strong></span> <span class='ocrx_word' id='word_1_7' title='bbox 782 482 946 561; x_wconf 84' lang='lat' dir='ltr'><strong>intrando,</strong></span> <span class='ocrx_word' id='word_1_8' title='bbox 972 483 1098 562; x_wconf 84' lang='lat' dir='ltr'><strong>stando,</strong></span> <span class='ocrx_word' id='word_1_9' title='bbox 1123 483 1299 560; x_wconf 84' lang='lat' dir='ltr'><strong>vendendo,</strong></span> <span class='ocrx_word' id='word_1_10' title='bbox 1325 481 1456 546; x_wconf 90' lang='lat' dir='ltr'><strong>emendo</strong></span> <span class='ocrx_word' id='word_1_11' title='bbox 1476 485 1512 544; x_wconf 87' lang='lat' dir='ltr'><strong>et</strong></span> <span class='ocrx_word' id='word_1_12' title='bbox 1585 503 1586 506; x_wconf 43' lang='lat'>¹</span> 
     </span>
     <span class='ocr_line' id='line_1_3' title="bbox 386 589 1513 673; baseline -0.004 -16"><span class='ocrx_word' id='word_1_13' title='bbox 386 591 531 658; x_wconf 89' lang='lat' dir='ltr'><strong>exeundo</strong></span> <span class='ocrx_word' id='word_1_14' title='bbox 546 592 579 656; x_wconf 93' lang='lat' dir='ltr'><strong>in</strong></span> <span class='ocrx_word' id='word_1_15' title='bbox 596 591 684 656; x_wconf 88' lang='lat' dir='ltr'><strong>dicta</strong></span> <span class='ocrx_word' id='word_1_16' title='bbox 700 592 786 656; x_wconf 89' lang='lat' dir='ltr'><strong>etde</strong></span> <span class='ocrx_word' id='word_1_17' title='bbox 803 592 892 657; x_wconf 82' lang='lat' dir='ltr'><strong>dicta</strong></span> <span class='ocrx_word' id='word_1_18' title='bbox 903 591 1047 657; x_wconf 74' lang='lat' dir='ltr'>Ciuitate</span> <span class='ocrx_word' id='word_1_19' title='bbox 1057 591 1207 656; x_wconf 85' lang='lat' dir='ltr'><strong>Messana</strong></span> <span class='ocrx_word' id='word_1_20' title='bbox 1218 611 1339 673; x_wconf 89' lang='lat' dir='ltr'><strong>suoque</strong></span> <span class='ocrx_word' id='word_1_21' title='bbox 1349 589 1513 654; x_wconf 89' lang='lat' dir='ltr'><strong>Districtu</strong></span> 
     </span>
     <span class='ocr_line' id='line_1_4' title="bbox 386 697 1514 783; baseline -0.005 -17"><span class='ocrx_word' id='word_1_22' title='bbox 386 705 569 766; x_wconf 75' lang='lat' dir='ltr'><strong>tractentur</strong></span> <span class='ocrx_word' id='word_1_23' title='bbox 584 720 604 763; x_wconf 92' lang='lat' dir='ltr'><strong>a</strong></span> <span class='ocrx_word' id='word_1_24' title='bbox 619 698 777 783; x_wconf 82' lang='lat' dir='ltr'><strong>predictis</strong></span> <span class='ocrx_word' id='word_1_25' title='bbox 799 698 929 783; x_wconf 85' lang='lat' dir='ltr'><strong>juribus</strong></span> <span class='ocrx_word' id='word_1_26' title='bbox 954 698 1050 764; x_wconf 89' lang='lat' dir='ltr'><strong>liberi</strong></span> <span class='ocrx_word' id='word_1_27' title='bbox 1067 704 1101 763; x_wconf 89' lang='lat' dir='ltr'><strong>et</strong></span> <span class='ocrx_word' id='word_1_28' title='bbox 1115 698 1281 774; x_wconf 85' lang='lat' dir='ltr'><strong>immunes,</strong></span> <span class='ocrx_word' id='word_1_29' title='bbox 1297 719 1335 763; x_wconf 88' lang='lat' dir='ltr'><strong>ac</strong></span> <span class='ocrx_word' id='word_1_30' title='bbox 1350 697 1398 762; x_wconf 85' lang='lat' dir='ltr'><strong>ita</strong></span> <span class='ocrx_word' id='word_1_31' title='bbox 1417 703 1514 761; x_wconf 91' lang='lat' dir='ltr'><strong>utan-</strong></span> 
     </span>
     <span class='ocr_line' id='line_1_5' title="bbox 386 803 1516 891; baseline -0.004 -19"><span class='ocrx_word' id='word_1_32' title='bbox 386 819 440 872; x_wconf 89' lang='lat' dir='ltr'><strong>tur</strong></span> <span class='ocrx_word' id='word_1_33' title='bbox 456 815 493 873; x_wconf 88' lang='lat' dir='ltr'><strong>et</strong></span> <span class='ocrx_word' id='word_1_34' title='bbox 507 807 672 891; x_wconf 81' lang='lat' dir='ltr'><strong>gaudeant</strong></span> <span class='ocrx_word' id='word_1_35' title='bbox 696 807 730 870; x_wconf 94' lang='lat' dir='ltr'><strong>in</strong></span> <span class='ocrx_word' id='word_1_36' title='bbox 755 806 844 870; x_wconf 90' lang='lat' dir='ltr'><strong>dicta</strong></span> <span class='ocrx_word' id='word_1_37' title='bbox 869 805 1014 871; x_wconf 82' lang='lat' dir='ltr'><strong>Ciuitate</strong></span> <span class='ocrx_word' id='word_1_38' title='bbox 1040 805 1189 871; x_wconf 83' lang='lat' dir='ltr'><strong>Messana</strong></span> <span class='ocrx_word' id='word_1_39' title='bbox 1205 803 1465 871; x_wconf 85' lang='lat' dir='ltr'><strong>immunitatibus</strong></span> <span class='ocrx_word' id='word_1_40' title='bbox 1482 811 1516 868; x_wconf 88' lang='lat' dir='ltr'><strong>et</strong></span> 
     </span>
     <span class='ocr_line' id='line_1_6' title="bbox 388 909 1516 998; baseline -0.005 -17"><span class='ocrx_word' id='word_1_41' title='bbox 388 915 606 997; x_wconf 83' lang='lat' dir='ltr'><strong>libertatibus,</strong></span> <span class='ocrx_word' id='word_1_42' title='bbox 622 920 721 998; x_wconf 92' lang='lat' dir='ltr'><strong>prout</strong></span> <span class='ocrx_word' id='word_1_43' title='bbox 736 920 869 996; x_wconf 80' lang='lat' dir='ltr'><strong>utuntur</strong></span> <span class='ocrx_word' id='word_1_44' title='bbox 886 920 919 978; x_wconf 88' lang='lat' dir='ltr'><strong>ct</strong></span> <span class='ocrx_word' id='word_1_45' title='bbox 932 913 1077 996; x_wconf 88' lang='lat' dir='ltr'><strong>gaudent</strong></span> <span class='ocrx_word' id='word_1_46' title='bbox 1093 913 1232 978; x_wconf 84' lang='lat' dir='ltr'><strong>uniuersi</strong></span> <span class='ocrx_word' id='word_1_47' title='bbox 1248 919 1282 977; x_wconf 88' lang='lat' dir='ltr'><strong>et</strong></span> <span class='ocrx_word' id='word_1_48' title='bbox 1298 912 1415 996; x_wconf 83' lang='lat' dir='ltr'><strong>singuli</strong></span> <span class='ocrx_word' id='word_1_49' title='bbox 1425 909 1516 976; x_wconf 86' lang='lat' dir='ltr'><strong>Mes·</strong></span> 
     </span>
     <span class='ocr_line' id='line_1_7' title="bbox 389 1021 1517 1102; baseline -0.004 -14"><span class='ocrx_word' id='word_1_50' title='bbox 389 1045 553 1090; x_wconf 83' lang='lat' dir='ltr'><strong>senenses.</strong></span> <span class='ocrx_word' id='word_1_51' title='bbox 568 1023 608 1088; x_wconf 89' lang='lat' dir='ltr'><strong>In</strong></span> <span class='ocrx_word' id='word_1_52' title='bbox 619 1024 709 1086; x_wconf 90' lang='lat' dir='ltr'><strong>cuius</strong></span> <span class='ocrx_word' id='word_1_53' title='bbox 725 1024 772 1086; x_wconf 93' lang='lat' dir='ltr'><strong>rei</strong></span> <span class='ocrx_word' id='word_1_54' title='bbox 790 1023 1020 1102; x_wconf 85' lang='lat' dir='ltr'><strong>testimonium,</strong></span> <span class='ocrx_word' id='word_1_55' title='bbox 1035 1028 1067 1086; x_wconf 89' lang='lat' dir='ltr'><strong>et</strong></span> <span class='ocrx_word' id='word_1_56' title='bbox 1082 1029 1149 1087; x_wconf 90' lang='lat' dir='ltr'><strong>tam</strong></span> <span class='ocrx_word' id='word_1_57' title='bbox 1167 1025 1262 1086; x_wconf 79' lang='lat' dir='ltr'><strong>uestri</strong></span> <span class='ocrx_word' id='word_1_58' title='bbox 1274 1021 1517 1099; x_wconf 86' lang='lat' dir='ltr'><strong>certitudinem,</strong></span> 
     </span>
     <span class='ocr_line' id='line_1_8' title="bbox 389 1128 1519 1218; baseline -0.002 -22"><span class='ocrx_word' id='word_1_59' title='bbox 389 1153 486 1216; x_wconf 84' lang='lat' dir='ltr'><strong>quam</strong></span> <span class='ocrx_word' id='word_1_60' title='bbox 503 1131 663 1196; x_wconf 84' lang='lat' dir='ltr'><strong>dictorum</strong></span> <span class='ocrx_word' id='word_1_61' title='bbox 689 1128 819 1218; x_wconf 60' lang='lat' dir='ltr'><strong>oinium⁴</strong></span> <span class='ocrx_word' id='word_1_62' title='bbox 833 1129 1063 1214; x_wconf 87' lang='lat' dir='ltr'><strong>Raguseorum</strong></span> <span class='ocrx_word' id='word_1_63' title='bbox 1087 1130 1256 1210; x_wconf 87' lang='lat' dir='ltr'><strong>cautelam,</strong></span> <span class='ocrx_word' id='word_1_64' title='bbox 1271 1136 1444 1214; x_wconf 78' lang='lat' dir='ltr'><strong>presentes</strong></span> <span class='ocrx_word' id='word_1_65' title='bbox 1461 1151 1519 1212; x_wconf 88' lang='lat' dir='ltr'><strong>pa·</strong></span> 
     </span>
     <span class='ocr_line' id='line_1_9' title="bbox 389 1237 1520 1322; baseline -0.004 -15"><span class='ocrx_word' id='word_1_66' title='bbox 389 1248 496 1307; x_wconf 86' lang='lat' dir='ltr'><strong>tentes</strong></span> <span class='ocrx_word' id='word_1_67' title='bbox 512 1240 644 1305; x_wconf 87' lang='lat' dir='ltr'><strong>litteras</strong></span> <span class='ocrx_word' id='word_1_68' title='bbox 669 1240 716 1304; x_wconf 87' lang='lat' dir='ltr'><strong>eis</strong></span> <span class='ocrx_word' id='word_1_69' title='bbox 741 1237 856 1303; x_wconf 84' lang='lat' dir='ltr'><strong>exinde</strong></span> <span class='ocrx_word' id='word_1_70' title='bbox 872 1239 942 1303; x_wconf 90' lang='lat' dir='ltr'><strong>fieri</strong></span> <span class='ocrx_word' id='word_1_71' title='bbox 958 1239 1090 1305; x_wconf 83' lang='lat' dir='ltr'><strong>fecimus</strong></span> <span class='ocrx_word' id='word_1_72' title='bbox 1115 1240 1221 1322; x_wconf 88' lang='lat' dir='ltr'><strong>sigillo</strong></span> <span class='ocrx_word' id='word_1_73' title='bbox 1238 1241 1318 1306; x_wconf 88' lang='lat' dir='ltr'><strong>dicti</strong></span> <span class='ocrx_word' id='word_1_74' title='bbox 1335 1239 1445 1308; x_wconf 86' lang='lat' dir='ltr'><strong>Officii</strong></span> <span class='ocrx_word' id='word_1_75' title='bbox 1463 1237 1520 1303; x_wconf 67' lang='lat' dir='ltr'><strong>se</strong></span> 
     </span>
     <span class='ocr_line' id='line_1_10' title="bbox 391 1345 1517 1430; baseline -0.001 -16"><span class='ocrx_word' id='word_1_76' title='bbox 391 1352 489 1414; x_wconf 90' lang='lat' dir='ltr'><strong>cretie</strong></span> <span class='ocrx_word' id='word_1_77' title='bbox 505 1350 655 1414; x_wconf 87' lang='lat' dir='ltr'><strong>munitas.</strong></span> <span class='ocrx_word' id='word_1_78' title='bbox 681 1345 829 1430; x_wconf 86' lang='lat' dir='ltr'><strong>Scriptas</strong></span> <span class='ocrx_word' id='word_1_79' title='bbox 856 1347 1003 1413; x_wconf 86' lang='lat' dir='ltr'><strong>Messana</strong></span> <span class='ocrx_word' id='word_1_80' title='bbox 1019 1370 1104 1414; x_wconf 91' lang='lat' dir='ltr'><strong>anno</strong></span> <span class='ocrx_word' id='word_1_81' title='bbox 1121 1348 1290 1414; x_wconf 90' lang='lat' dir='ltr'><strong>Dominice</strong></span> <span class='ocrx_word' id='word_1_82' title='bbox 1307 1349 1517 1414; x_wconf 84' lang='lat' dir='ltr'><strong>Incarnacio-</strong></span> 
     </span>
    </p>
   </div>
   <div class='ocr_carea' id='block_1_3' title="bbox 392 1453 1520 1541">
    <p class='ocr_par' dir='ltr' id='par_1_3' title="bbox 392 1453 1520 1541">
     <span class='ocr_line' id='line_1_11' title="bbox 392 1453 1520 1541; baseline 0 -19"><span class='ocrx_word' id='word_1_83' title='bbox 392 1457 446 1522; x_wconf 90' lang='lat' dir='ltr'><strong>nio</strong></span> <span class='ocrx_word' id='word_1_84' title='bbox 462 1453 830 1522; x_wconf 72' lang='lat' dir='ltr'><strong>MOOOLXXXJII.</strong></span> <span class='ocrx_word' id='word_1_85' title='bbox 846 1476 957 1522; x_wconf 89' lang='lat' dir='ltr'><strong>mense</strong></span> <span class='ocrx_word' id='word_1_86' title='bbox 968 1454 1097 1540; x_wconf 83' lang='lat' dir='ltr'><strong>Aprilis</strong></span> <span class='ocrx_word' id='word_1_87' title='bbox 1109 1465 1226 1541; x_wconf 87' lang='lat' dir='ltr'><strong>quarto</strong></span> <span class='ocrx_word' id='word_1_88' title='bbox 1238 1458 1380 1522; x_wconf 88' lang='lat' dir='ltr'><strong>eiusdem</strong></span> <span class='ocrx_word' id='word_1_89' title='bbox 1394 1455 1455 1522; x_wconf 77' lang='lat' dir='ltr'><strong>VI.</strong></span> <span class='ocrx_word' id='word_1_90' title='bbox 1474 1458 1520 1522; x_wconf 93' lang='lat' dir='ltr'><strong>in·</strong></span> 
     </span>
    </p>
   </div>
   <div class='ocr_carea' id='block_1_4' title="bbox 393 1565 554 1632">
    <p class='ocr_par' dir='ltr' id='par_1_4' title="bbox 393 1565 554 1632">
     <span class='ocr_line' id='line_1_12' title="bbox 393 1565 554 1632; baseline -0.025 -1"><span class='ocrx_word' id='word_1_91' title='bbox 393 1565 554 1632; x_wconf 88' lang='lat' dir='ltr'><strong>dictionis.</strong></span> 
     </span>
    </p>
   </div>
   <div class='ocr_carea' id='block_1_5' title="bbox 394 1708 1522 1864">
    <p class='ocr_par' dir='ltr' id='par_1_5' title="bbox 394 1708 1522 1864">
     <span class='ocr_line' id='line_1_13' title="bbox 394 1708 1522 1775; baseline -0.001 -14"><span class='ocrx_word' id='word_1_92' title='bbox 394 1709 533 1774; x_wconf 76' lang='lat' dir='ltr'><strong>(Eredetie</strong></span> <span class='ocrx_word' id='word_1_93' title='bbox 546 1709 719 1773; x_wconf 74' lang='lat' dir='ltr'><strong>bdrhtrtyrin</strong></span> <span class='ocrx_word' id='word_1_94' title='bbox 741 1708 861 1758; x_wconf 76' lang='lat' dir='ltr'><strong>Reatina</strong></span> <span class='ocrx_word' id='word_1_95' title='bbox 884 1711 1022 1761; x_wconf 71' lang='lat' dir='ltr'><strong>varosnak</strong></span> <span class='ocrx_word' id='word_1_96' title='bbox 1034 1711 1115 1760; x_wconf 75' lang='lat' dir='ltr'><strong>haral</strong></span> <span class='ocrx_word' id='word_1_97' title='bbox 1125 1711 1178 1760; x_wconf 84' lang='lat' dir='ltr'><strong>oda</strong></span> <span class='ocrx_word' id='word_1_98' title='bbox 1188 1717 1316 1775; x_wconf 79' lang='lat' dir='ltr'><strong>nyomott</strong></span> <span class='ocrx_word' id='word_1_99' title='bbox 1339 1711 1522 1775; x_wconf 56' lang='lat' dir='ltr'><strong>peneades-³13</strong></span> 
     </span>
     <span class='ocr_line' id='line_1_14' title="bbox 681 1799 1223 1864; baseline 0.006 -17"><span class='ocrx_word' id='word_1_100' title='bbox 681 1813 698 1846; x_wconf 82' lang='lat' dir='ltr'><strong>a</strong></span> <span class='ocrx_word' id='word_1_101' title='bbox 711 1799 785 1848; x_wconf 73' lang='lat' dir='ltr'><strong>beeri</strong></span> <span class='ocrx_word' id='word_1_102' title='bbox 795 1800 915 1850; x_wconf 76' lang='lat' dir='ltr'><strong>casandri</strong></span> <span class='ocrx_word' id='word_1_103' title='bbox 931 1801 1016 1850; x_wconf 84' lang='lat' dir='ltr'><strong>titkos</strong></span> <span class='ocrx_word' id='word_1_104' title='bbox 1030 1799 1223 1864; x_wconf 74' lang='lat' dir='ltr'><strong>levtltdrban.)</strong></span> 
     </span>
    </p>
   </div>
   <div class='ocr_carea' id='block_1_6' title="bbox 929 2127 1001 2188">
    <p class='ocr_par' dir='ltr' id='par_1_6' title="bbox 929 2127 1001 2188">
     <span class='ocr_line' id='line_1_15' title="bbox 929 2127 1001 2188; baseline 0.014 -3"><span class='ocrx_word' id='word_1_105' title='bbox 929 2127 1001 2188; x_wconf 78' lang='lat'><strong>270.</strong></span> 
     </span>
    </p>
   </div>
   <div class='ocr_carea' id='block_1_7' title="bbox 399 2285 1529 2373">
    <p class='ocr_par' dir='ltr' id='par_1_7' title="bbox 399 2285 1529 2373">
     <span class='ocr_line' id='line_1_16' title="bbox 399 2285 1529 2373; baseline -0.004 -19"><span class='ocrx_word' id='word_1_106' title='bbox 399 2288 517 2354; x_wconf 83' lang='lat' dir='ltr'><strong>Morio</strong></span> <span class='ocrx_word' id='word_1_107' title='bbox 535 2285 690 2370; x_wconf 79' lang='lat' dir='ltr'><strong>kirdlyoe&#39;</strong></span> <span class='ocrx_word' id='word_1_108' title='bbox 701 2285 883 2370; x_wconf 76' lang='lat' dir='ltr'><strong>megerdsiti</strong></span> <span class='ocrx_word' id='word_1_109' title='bbox 894 2287 1032 2370; x_wconf 77' lang='lat' dir='ltr'><strong>Roguza</strong></span> <span class='ocrx_word' id='word_1_110' title='bbox 1045 2291 1139 2352; x_wconf 77' lang='lat' dir='ltr'><strong>odron</strong></span> <span class='ocrx_word' id='word_1_111' title='bbox 1148 2287 1415 2373; x_wconf 72' lang='lat' dir='ltr'><strong>privilepr&#39;unmit.</strong></span> <span class='ocrx_word' id='word_1_112' title='bbox 1429 2289 1529 2352; x_wconf 73' lang='lat'><em>1383.</em></span> 
     </span>
    </p>
   </div>
   <div class='ocr_carea' id='block_1_8' title="bbox 403 2443 1590 2638">
    <p class='ocr_par' dir='ltr' id='par_1_8' title="bbox 403 2443 1590 2638">
     <span class='ocr_line' id='line_1_17' title="bbox 511 2443 1590 2530; baseline -0.007 -17"><span class='ocrx_word' id='word_1_113' title='bbox 511 2445 653 2530; x_wconf 89' lang='lat' dir='ltr'><strong>(M)aria</strong></span> <span class='ocrx_word' id='word_1_114' title='bbox 668 2443 732 2508; x_wconf 88' lang='lat' dir='ltr'><strong>Dei</strong></span> <span class='ocrx_word' id='word_1_115' title='bbox 748 2446 860 2526; x_wconf 83' lang='lat' dir='ltr'><strong>gracia</strong></span> <span class='ocrx_word' id='word_1_116' title='bbox 871 2444 1053 2528; x_wconf 82' lang='lat' dir='ltr'><strong>Hungarie,</strong></span> <span class='ocrx_word' id='word_1_117' title='bbox 1063 2444 1242 2527; x_wconf 88' lang='lat' dir='ltr'><strong>Dalmacie,</strong></span> <span class='ocrx_word' id='word_1_118' title='bbox 1253 2446 1398 2526; x_wconf 83' lang='lat' dir='ltr'><strong>Groacie,</strong></span> <span class='ocrx_word' id='word_1_119' title='bbox 1411 2447 1531 2528; x_wconf 87' lang='lat' dir='ltr'><strong>Rame,</strong></span> <span class='ocrx_word' id='word_1_120' title='bbox 1589 2445 1590 2478; x_wconf 80' lang='lat'>³</span> 
     </span>
     <span class='ocr_line' id='line_1_18' title="bbox 403 2551 1590 2638; baseline -0.008 -20"><span class='ocrx_word' id='word_1_121' title='bbox 403 2552 527 2634; x_wconf 83' lang='lat' dir='ltr'><strong>Seruio,</strong></span> <span class='ocrx_word' id='word_1_122' title='bbox 552 2551 702 2633; x_wconf 82' lang='lat' dir='ltr'><strong>Gallicis,</strong></span> <span class='ocrx_word' id='word_1_123' title='bbox 728 2552 929 2634; x_wconf 88' lang='lat' dir='ltr'><strong>Lodomerie‚</strong></span> <span class='ocrx_word' id='word_1_124' title='bbox 955 2553 1121 2636; x_wconf 81' lang='lat' dir='ltr'><strong>Cumania,</strong></span> <span class='ocrx_word' id='word_1_125' title='bbox 1146 2553 1364 2638; x_wconf 89' lang='lat' dir='ltr'><strong>Bulgarieque</strong></span> <span class='ocrx_word' id='word_1_126' title='bbox 1390 2553 1533 2638; x_wconf 50' lang='lat' dir='ltr'><strong>Regina</strong></span> <span class='ocrx_word' id='word_1_127' title='bbox 1588 2567 1590 2582; x_wconf 90' lang='grc'><strong><em>·</em></strong></span> 
     </span>
    </p>
   </div>
   <div class='ocr_carea' id='block_1_9' title="bbox 404 2659 1536 4578">
    <p class='ocr_par' dir='ltr' id='par_1_9' title="bbox 404 2659 1536 4578">
     <span class='ocr_line' id='line_1_19' title="bbox 404 2659 1532 2746; baseline -0.001 -19"><span class='ocrx_word' id='word_1_128' title='bbox 404 2662 561 2746; x_wconf 85' lang='lat' dir='ltr'><strong>Princeps</strong></span> <span class='ocrx_word' id='word_1_129' title='bbox 588 2659 802 2741; x_wconf 85' lang='lat' dir='ltr'><strong>Salernitana,</strong></span> <span class='ocrx_word' id='word_1_130' title='bbox 828 2669 861 2726; x_wconf 90' lang='lat' dir='ltr'><strong>et</strong></span> <span class='ocrx_word' id='word_1_131' title='bbox 887 2661 1031 2726; x_wconf 90' lang='lat' dir='ltr'><strong>Honoris</strong></span> <span class='ocrx_word' id='word_1_132' title='bbox 1051 2661 1177 2727; x_wconf 87' lang='lat' dir='ltr'><strong>Montis</strong></span> <span class='ocrx_word' id='word_1_133' title='bbox 1194 2661 1308 2730; x_wconf 85' lang='lat' dir='ltr'><strong>Sancti</strong></span> <span class='ocrx_word' id='word_1_134' title='bbox 1324 2659 1446 2745; x_wconf 88' lang='lat' dir='ltr'><strong>Angeli</strong></span> <span class='ocrx_word' id='word_1_135' title='bbox 1466 2659 1532 2726; x_wconf 80' lang='lat' dir='ltr'><strong>Do</strong></span> 
     </span>
     <span class='ocr_line' id='line_1_20' title="bbox 407 2764 1532 2852; baseline -0.001 -17"><span class='ocrx_word' id='word_1_136' title='bbox 407 2772 494 2835; x_wconf 87' lang='lat' dir='ltr'><strong>mina</strong></span> <span class='ocrx_word' id='word_1_137' title='bbox 510 2768 658 2833; x_wconf 90' lang='lat' dir='ltr'><strong>omnibus</strong></span> <span class='ocrx_word' id='word_1_138' title='bbox 675 2764 799 2832; x_wconf 74' lang='lat' dir='ltr'><strong>Christi</strong></span> <span class='ocrx_word' id='word_1_139' title='bbox 815 2767 966 2834; x_wconf 89' lang='lat' dir='ltr'><strong>fidelibus</strong></span> <span class='ocrx_word' id='word_1_140' title='bbox 982 2775 1050 2834; x_wconf 85' lang='lat' dir='ltr'><strong>tam</strong></span> <span class='ocrx_word' id='word_1_141' title='bbox 1066 2768 1270 2852; x_wconf 88' lang='lat' dir='ltr'><strong>presentibus</strong></span> <span class='ocrx_word' id='word_1_142' title='bbox 1287 2791 1383 2852; x_wconf 89' lang='lat' dir='ltr'><strong>quarn</strong></span> <span class='ocrx_word' id='word_1_143' title='bbox 1409 2770 1532 2834; x_wconf 89' lang='lat' dir='ltr'><strong>futuris</strong></span> 
     </span>
     <span class='ocr_line' id='line_1_21' title="bbox 404 2873 1533 2962; baseline 0.002 -22"><span class='ocrx_word' id='word_1_144' title='bbox 404 2877 605 2962; x_wconf 90' lang='lat' dir='ltr'><strong>presencium</strong></span> <span class='ocrx_word' id='word_1_145' title='bbox 631 2875 781 2939; x_wconf 85' lang='lat' dir='ltr'><strong>notitiam</strong></span> <span class='ocrx_word' id='word_1_146' title='bbox 807 2873 959 2941; x_wconf 90' lang='lat' dir='ltr'><strong>hatituris</strong></span> <span class='ocrx_word' id='word_1_147' title='bbox 985 2876 1121 2941; x_wconf 90' lang='lat' dir='ltr'><strong>salutem</strong></span> <span class='ocrx_word' id='word_1_148' title='bbox 1136 2878 1169 2942; x_wconf 94' lang='lat' dir='ltr'><strong>in</strong></span> <span class='ocrx_word' id='word_1_149' title='bbox 1186 2879 1329 2942; x_wconf 89' lang='lat' dir='ltr'><strong>omnium</strong></span> <span class='ocrx_word' id='word_1_150' title='bbox 1355 2877 1533 2943; x_wconf 82' lang='lat' dir='ltr'><strong>salvatura</strong></span> 
     </span>
     <span class='ocr_line' id='line_1_22' title="bbox 404 2981 1533 3068; baseline -0.001 -17"><span class='ocrx_word' id='word_1_151' title='bbox 404 2984 509 3067; x_wconf 85' lang='lat' dir='ltr'><strong>Regia</strong></span> <span class='ocrx_word' id='word_1_152' title='bbox 536 2981 754 3049; x_wconf 84' lang='lat' dir='ltr'><strong>Sublimitatis</strong></span> <span class='ocrx_word' id='word_1_153' title='bbox 778 2982 922 3062; x_wconf 86' lang='lat' dir='ltr'><strong>interest,</strong></span> <span class='ocrx_word' id='word_1_154' title='bbox 947 2991 980 3049; x_wconf 88' lang='lat' dir='ltr'><strong>et</strong></span> <span class='ocrx_word' id='word_1_155' title='bbox 1003 2987 1131 3068; x_wconf 86' lang='lat' dir='ltr'><strong>equitas</strong></span> <span class='ocrx_word' id='word_1_156' title='bbox 1158 2987 1273 3051; x_wconf 87' lang='lat' dir='ltr'><strong>suadet</strong></span> <span class='ocrx_word' id='word_1_157' title='bbox 1296 2987 1468 3066; x_wconf 77' lang='lat' dir='ltr'><strong>naturalis,</strong></span> <span class='ocrx_word' id='word_1_158' title='bbox 1497 2995 1533 3050; x_wconf 92' lang='lat' dir='ltr'><strong>ut</strong></span> 
     </span>
     <span class='ocr_line' id='line_1_23' title="bbox 407 3092 1534 3178; baseline -0.001 -20"><span class='ocrx_word' id='word_1_159' title='bbox 407 3095 462 3177; x_wconf 91' lang='lat' dir='ltr'><strong>qui</strong></span> <span class='ocrx_word' id='word_1_160' title='bbox 478 3113 538 3158; x_wconf 89' lang='lat' dir='ltr'><strong>sua</strong></span> <span class='ocrx_word' id='word_1_161' title='bbox 555 3097 679 3157; x_wconf 87' lang='lat' dir='ltr'><strong>statuta</strong></span> <span class='ocrx_word' id='word_1_162' title='bbox 694 3112 714 3155; x_wconf 87' lang='lat' dir='ltr'><strong>a</strong></span> <span class='ocrx_word' id='word_1_163' title='bbox 731 3092 797 3157; x_wconf 89' lang='lat' dir='ltr'><strong>suis</strong></span> <span class='ocrx_word' id='word_1_164' title='bbox 823 3093 1061 3159; x_wconf 86' lang='lat' dir='ltr'><strong>successoribus</strong></span> <span class='ocrx_word' id='word_1_165' title='bbox 1088 3095 1254 3159; x_wconf 87' lang='lat' dir='ltr'><strong>desiderat</strong></span> <span class='ocrx_word' id='word_1_166' title='bbox 1269 3095 1443 3172; x_wconf 81' lang='lat' dir='ltr'><strong>observari,</strong></span> <span class='ocrx_word' id='word_1_167' title='bbox 1462 3095 1534 3178; x_wconf 87' lang='lat' dir='ltr'><strong>ipso</strong></span> 
     </span>
     <span class='ocr_line' id='line_1_24' title="bbox 412 3201 1532 3285; baseline 0 -20"><span class='ocrx_word' id='word_1_168' title='bbox 412 3221 541 3285; x_wconf 89' lang='lat' dir='ltr'><strong>quoque</strong></span> <span class='ocrx_word' id='word_1_169' title='bbox 557 3221 688 3264; x_wconf 88' lang='lat' dir='ltr'><strong>suorum</strong></span> <span class='ocrx_word' id='word_1_170' title='bbox 706 3201 967 3284; x_wconf 87' lang='lat' dir='ltr'><strong>predecessorum</strong></span> <span class='ocrx_word' id='word_1_171' title='bbox 979 3204 1165 3267; x_wconf 88' lang='lat' dir='ltr'><strong>sancciones</strong></span> <span class='ocrx_word' id='word_1_172' title='bbox 1181 3203 1254 3284; x_wconf 87' lang='lat' dir='ltr'><strong>pari</strong></span> <span class='ocrx_word' id='word_1_173' title='bbox 1270 3202 1452 3268; x_wconf 87' lang='lat' dir='ltr'><strong>stabilitate</strong></span> <span class='ocrx_word' id='word_1_174' title='bbox 1464 3206 1532 3267; x_wconf 88' lang='lat' dir='ltr'><strong>stu·</strong></span> 
     </span>
     <span class='ocr_line' id='line_1_25' title="bbox 408 3310 1534 3394; baseline 0 -20"><span class='ocrx_word' id='word_1_175' title='bbox 408 3310 486 3375; x_wconf 90' lang='lat' dir='ltr'><strong>deat</strong></span> <span class='ocrx_word' id='word_1_176' title='bbox 510 3330 710 3388; x_wconf 81' lang='lat' dir='ltr'><strong>conservare,</strong></span> <span class='ocrx_word' id='word_1_177' title='bbox 735 3315 772 3373; x_wconf 88' lang='lat' dir='ltr'><strong>ut</strong></span> <span class='ocrx_word' id='word_1_178' title='bbox 796 3310 886 3375; x_wconf 90' lang='lat' dir='ltr'><strong>nulla</strong></span> <span class='ocrx_word' id='word_1_179' title='bbox 911 3316 1071 3375; x_wconf 87' lang='lat' dir='ltr'><strong>vetustate</strong></span> <span class='ocrx_word' id='word_1_180' title='bbox 1097 3310 1327 3390; x_wconf 84' lang='lat' dir='ltr'><strong>dissoluantur,</strong></span> <span class='ocrx_word' id='word_1_181' title='bbox 1347 3333 1410 3394; x_wconf 88' lang='lat' dir='ltr'><strong>que</strong></span> <span class='ocrx_word' id='word_1_182' title='bbox 1426 3331 1534 3375; x_wconf 83' lang='lat' dir='ltr'><strong>suc-oe-</strong></span> 
     </span>
     <span class='ocr_line' id='line_1_26' title="bbox 409 3415 1536 3501; baseline -0.001 -19"><span class='ocrx_word' id='word_1_183' title='bbox 409 3417 560 3482; x_wconf 90' lang='lat' dir='ltr'><strong>dencium</strong></span> <span class='ocrx_word' id='word_1_184' title='bbox 575 3416 636 3482; x_wconf 90' lang='lat' dir='ltr'><strong>sibi</strong></span> <span class='ocrx_word' id='word_1_185' title='bbox 652 3415 779 3498; x_wconf 81' lang='lat' dir='ltr'><strong>Regum</strong></span> <span class='ocrx_word' id='word_1_186' title='bbox 806 3417 984 3482; x_wconf 87' lang='lat' dir='ltr'><strong>auotoritas</strong></span> <span class='ocrx_word' id='word_1_187' title='bbox 1010 3416 1191 3483; x_wconf 87' lang='lat' dir='ltr'><strong>stabilitate</strong></span> <span class='ocrx_word' id='word_1_188' title='bbox 1211 3424 1369 3501; x_wconf 89' lang='lat' dir='ltr'><strong>perpetua</strong></span> <span class='ocrx_word' id='word_1_189' title='bbox 1384 3418 1536 3483; x_wconf 88' lang='lat' dir='ltr'><strong>decreue-</strong></span> 
     </span>
     <span class='ocr_line' id='line_1_27' title="bbox 410 3522 1536 3591; baseline -0.003 -1"><span class='ocrx_word' id='word_1_190' title='bbox 410 3526 456 3590; x_wconf 84' lang='lat' dir='ltr'><strong>rit</strong></span> <span class='ocrx_word' id='word_1_191' title='bbox 479 3522 645 3589; x_wconf 89' lang='lat' dir='ltr'><strong>roborare.</strong></span> <span class='ocrx_word' id='word_1_192' title='bbox 671 3523 813 3589; x_wconf 90' lang='lat' dir='ltr'><strong>Proinde</strong></span> <span class='ocrx_word' id='word_1_193' title='bbox 839 3525 881 3590; x_wconf 87' lang='lat' dir='ltr'><strong>ad</strong></span> <span class='ocrx_word' id='word_1_194' title='bbox 906 3526 1128 3590; x_wconf 88' lang='lat' dir='ltr'><strong>universorum</strong></span> <span class='ocrx_word' id='word_1_195' title='bbox 1155 3526 1305 3591; x_wconf 87' lang='lat' dir='ltr'><strong>noticiam</strong></span> <span class='ocrx_word' id='word_1_196' title='bbox 1320 3525 1436 3589; x_wconf 88' lang='lat' dir='ltr'><strong>barum</strong></span> <span class='ocrx_word' id='word_1_197' title='bbox 1453 3525 1536 3590; x_wconf 87' lang='lat' dir='ltr'><strong>seria</strong></span> 
     </span>
     <span class='ocr_line' id='line_1_28' title="bbox 411 3630 1536 3716; baseline -0.001 -19"><span class='ocrx_word' id='word_1_198' title='bbox 411 3632 558 3697; x_wconf 85' lang='lat' dir='ltr'><strong>volumus</strong></span> <span class='ocrx_word' id='word_1_199' title='bbox 575 3631 754 3714; x_wconf 89' lang='lat' dir='ltr'><strong>peruenire,</strong></span> <span class='ocrx_word' id='word_1_200' title='bbox 780 3632 868 3715; x_wconf 89' lang='lat' dir='ltr'><strong>quod</strong></span> <span class='ocrx_word' id='word_1_201' title='bbox 890 3630 1100 3698; x_wconf 88' lang='lat' dir='ltr'><strong>Serenissimo</strong></span> <span class='ocrx_word' id='word_1_202' title='bbox 1116 3632 1270 3716; x_wconf 88' lang='lat' dir='ltr'><strong>Principe</strong></span> <span class='ocrx_word' id='word_1_203' title='bbox 1287 3633 1415 3698; x_wconf 90' lang='lat' dir='ltr'><strong>domino</strong></span> <span class='ocrx_word' id='word_1_204' title='bbox 1431 3631 1536 3696; x_wconf 87' lang='lat' dir='ltr'><strong>Lodo·</strong></span> 
     </span>
     <span class='ocr_line' id='line_1_29' title="bbox 412 3736 1533 3823; baseline 0.002 -22"><span class='ocrx_word' id='word_1_205' title='bbox 412 3741 491 3820; x_wconf 87' lang='lat' dir='ltr'><strong>vico,</strong></span> <span class='ocrx_word' id='word_1_206' title='bbox 508 3738 621 3802; x_wconf 89' lang='lat' dir='ltr'><strong>eadem</strong></span> <span class='ocrx_word' id='word_1_207' title='bbox 639 3736 702 3802; x_wconf 91' lang='lat' dir='ltr'><strong>Dei</strong></span> <span class='ocrx_word' id='word_1_208' title='bbox 718 3741 829 3820; x_wconf 88' lang='lat' dir='ltr'><strong>gracia</strong></span> <span class='ocrx_word' id='word_1_209' title='bbox 848 3739 1073 3804; x_wconf 88' lang='lat' dir='ltr'><strong>illustrissimo</strong></span> <span class='ocrx_word' id='word_1_210' title='bbox 1090 3738 1181 3822; x_wconf 88' lang='lat' dir='ltr'><strong>Rege</strong></span> <span class='ocrx_word' id='word_1_211' title='bbox 1196 3739 1533 3823; x_wconf 87' lang='lat' dir='ltr'><strong>Hungarie,Polonie,</strong></span> 
     </span>
     <span class='ocr_line' id='line_1_30' title="bbox 412 3844 1535 3930; baseline -0.002 -18"><span class='ocrx_word' id='word_1_212' title='bbox 412 3844 581 3912; x_wconf 88' lang='lat' dir='ltr'><strong>Dalmacie</strong></span> <span class='ocrx_word' id='word_1_213' title='bbox 608 3850 667 3910; x_wconf 90' lang='lat' dir='ltr'><strong>etc.</strong></span> <span class='ocrx_word' id='word_1_214' title='bbox 694 3847 835 3928; x_wconf 87' lang='lat' dir='ltr'><strong>gloriose</strong></span> <span class='ocrx_word' id='word_1_215' title='bbox 860 3855 894 3912; x_wconf 90' lang='lat' dir='ltr'><strong>et</strong></span> <span class='ocrx_word' id='word_1_216' title='bbox 926 3847 1089 3913; x_wconf 87' lang='lat' dir='ltr'><strong>laudande</strong></span> <span class='ocrx_word' id='word_1_217' title='bbox 1124 3847 1361 3912; x_wconf 87' lang='lat' dir='ltr'><strong>recordationis</strong></span> <span class='ocrx_word' id='word_1_218' title='bbox 1389 3848 1535 3930; x_wconf 88' lang='lat' dir='ltr'><strong>genitore</strong></span> 
     </span>
     <span class='ocr_line' id='line_1_31' title="bbox 414 3952 1535 4040; baseline -0.001 -20"><span class='ocrx_word' id='word_1_219' title='bbox 414 3960 523 4020; x_wconf 85' lang='lat' dir='ltr'><strong>nostro</strong></span> <span class='ocrx_word' id='word_1_220' title='bbox 539 3953 719 4037; x_wconf 86' lang='lat' dir='ltr'><strong>karissimo,</strong></span> <span class='ocrx_word' id='word_1_221' title='bbox 735 3952 863 4020; x_wconf 87' lang='lat' dir='ltr'><strong>volente</strong></span> <span class='ocrx_word' id='word_1_222' title='bbox 888 3955 1028 4020; x_wconf 90' lang='lat' dir='ltr'><strong>Domino</strong></span> <span class='ocrx_word' id='word_1_223' title='bbox 1055 3953 1136 4037; x_wconf 82' lang='lat' dir='ltr'><strong>Geli,</strong></span> <span class='ocrx_word' id='word_1_224' title='bbox 1162 3956 1253 4040; x_wconf 91' lang='lat' dir='ltr'><strong>cujus</strong></span> <span class='ocrx_word' id='word_1_225' title='bbox 1270 3961 1351 4020; x_wconf 92' lang='lat' dir='ltr'><strong>nutu</strong></span> <span class='ocrx_word' id='word_1_226' title='bbox 1366 3955 1475 4020; x_wconf 86' lang='lat' dir='ltr'><strong>omnia</strong></span> <span class='ocrx_word' id='word_1_227' title='bbox 1489 3975 1535 4019; x_wconf 77' lang='lat' dir='ltr'><strong>ra</strong></span> 
     </span>
     <span class='ocr_line' id='line_1_32' title="bbox 416 4060 1534 4147; baseline -0.001 -21"><span class='ocrx_word' id='word_1_228' title='bbox 416 4067 537 4147; x_wconf 88' lang='lat' dir='ltr'><strong>guntur</strong></span> <span class='ocrx_word' id='word_1_229' title='bbox 553 4068 585 4126; x_wconf 90' lang='lat' dir='ltr'><strong>et</strong></span> <span class='ocrx_word' id='word_1_230' title='bbox 601 4062 826 4144; x_wconf 89' lang='lat' dir='ltr'><strong>disponuntur,</strong></span> <span class='ocrx_word' id='word_1_231' title='bbox 843 4062 966 4145; x_wconf 89' lang='lat' dir='ltr'><strong>absque</strong></span> <span class='ocrx_word' id='word_1_232' title='bbox 983 4062 1073 4145; x_wconf 86' lang='lat' dir='ltr'><strong>prole</strong></span> <span class='ocrx_word' id='word_1_233' title='bbox 1089 4061 1267 4128; x_wconf 87' lang='lat' dir='ltr'><strong>masculina</strong></span> <span class='ocrx_word' id='word_1_234' title='bbox 1286 4060 1448 4126; x_wconf 89' lang='lat' dir='ltr'><strong>demedio</strong></span> <span class='ocrx_word' id='word_1_235' title='bbox 1466 4061 1534 4126; x_wconf 79' lang='lat' dir='ltr'><strong>sub</strong></span> 
     </span>
     <span class='ocr_line' id='line_1_33' title="bbox 415 4169 1535 4255; baseline -0.002 -21"><span class='ocrx_word' id='word_1_236' title='bbox 415 4170 493 4252; x_wconf 85' lang='lat' dir='ltr'><strong>lato,</strong></span> <span class='ocrx_word' id='word_1_237' title='bbox 509 4170 665 4255; x_wconf 89' lang='lat' dir='ltr'><strong>nobisque</strong></span> <span class='ocrx_word' id='word_1_238' title='bbox 679 4171 753 4254; x_wconf 89' lang='lat' dir='ltr'><strong>jure</strong></span> <span class='ocrx_word' id='word_1_239' title='bbox 769 4171 966 4237; x_wconf 87' lang='lat' dir='ltr'><strong>successorio</strong></span> <span class='ocrx_word' id='word_1_240' title='bbox 983 4178 1015 4236; x_wconf 91' lang='lat' dir='ltr'><strong>et</strong></span> <span class='ocrx_word' id='word_1_241' title='bbox 1031 4170 1143 4236; x_wconf 88' lang='lat' dir='ltr'><strong>ordine</strong></span> <span class='ocrx_word' id='word_1_242' title='bbox 1159 4171 1308 4254; x_wconf 89' lang='lat' dir='ltr'><strong>genitura</strong></span> <span class='ocrx_word' id='word_1_243' title='bbox 1328 4169 1490 4235; x_wconf 87' lang='lat' dir='ltr'><strong>Coronam</strong></span> <span class='ocrx_word' id='word_1_244' title='bbox 1505 4175 1535 4232; x_wconf 87' lang='lat' dir='ltr'><strong>et</strong></span> 
     </span>
     <span class='ocr_line' id='line_1_34' title="bbox 417 4276 1534 4362; baseline -0.002 -19"><span class='ocrx_word' id='word_1_245' title='bbox 417 4277 541 4343; x_wconf 87' lang='lat' dir='ltr'><strong>Solium</strong></span> <span class='ocrx_word' id='word_1_246' title='bbox 558 4276 636 4342; x_wconf 89' lang='lat' dir='ltr'><strong>dicti</strong></span> <span class='ocrx_word' id='word_1_247' title='bbox 653 4277 761 4359; x_wconf 86' lang='lat' dir='ltr'><strong>Regni</strong></span> <span class='ocrx_word' id='word_1_248' title='bbox 778 4276 958 4360; x_wconf 88' lang='lat' dir='ltr'><strong>Hungarie,</strong></span> <span class='ocrx_word' id='word_1_249' title='bbox 974 4299 1013 4342; x_wconf 87' lang='lat' dir='ltr'><strong>ac</strong></span> <span class='ocrx_word' id='word_1_250' title='bbox 1028 4285 1157 4362; x_wconf 85' lang='lat' dir='ltr'><strong>sceptra</strong></span> <span class='ocrx_word' id='word_1_251' title='bbox 1167 4279 1331 4361; x_wconf 83' lang='lat' dir='ltr'><strong>regiminis</strong></span> <span class='ocrx_word' id='word_1_252' title='bbox 1342 4278 1441 4361; x_wconf 89' lang='lat' dir='ltr'><strong>ipsius</strong></span> <span class='ocrx_word' id='word_1_253' title='bbox 1450 4278 1534 4360; x_wconf 86' lang='lat' dir='ltr'><strong>goni·</strong></span> 
     </span>
     <span class='ocr_line' id='line_1_35' title="bbox 417 4384 1534 4469; baseline 0 -21"><span class='ocrx_word' id='word_1_254' title='bbox 417 4386 497 4450; x_wconf 88' lang='lat' dir='ltr'><strong>toris</strong></span> <span class='ocrx_word' id='word_1_255' title='bbox 513 4387 618 4451; x_wconf 92' lang='lat' dir='ltr'><strong>nostri</strong></span> <span class='ocrx_word' id='word_1_256' title='bbox 635 4384 770 4452; x_wconf 89' lang='lat' dir='ltr'><strong>leliciter</strong></span> <span class='ocrx_word' id='word_1_257' title='bbox 797 4384 935 4469; x_wconf 90' lang='lat' dir='ltr'><strong>adeptis,</strong></span> <span class='ocrx_word' id='word_1_258' title='bbox 963 4407 1020 4449; x_wconf 86' lang='lat' dir='ltr'><strong>nos</strong></span> <span class='ocrx_word' id='word_1_259' title='bbox 1037 4386 1202 4450; x_wconf 87' lang='lat' dir='ltr'><strong>instantiis</strong></span> <span class='ocrx_word' id='word_1_260' title='bbox 1219 4387 1334 4450; x_wconf 79' lang='lat' dir='ltr'><strong>votivis</strong></span> <span class='ocrx_word' id='word_1_261' title='bbox 1350 4395 1382 4451; x_wconf 87' lang='lat' dir='ltr'><strong>et</strong></span> <span class='ocrx_word' id='word_1_262' title='bbox 1398 4385 1534 4450; x_wconf 91' lang='lat' dir='ltr'><strong>humilli-</strong></span> 
     </span>
     <span class='ocr_line' id='line_1_36' title="bbox 417 4491 1533 4578; baseline -0.001 -21"><span class='ocrx_word' id='word_1_263' title='bbox 417 4492 477 4557; x_wconf 84' lang='lat' dir='ltr'><strong>mis</strong></span> <span class='ocrx_word' id='word_1_264' title='bbox 504 4491 799 4578; x_wconf 82' lang='lat' dir='ltr'><strong>supplicacionibns</strong></span> <span class='ocrx_word' id='word_1_265' title='bbox 825 4491 966 4560; x_wconf 82' lang='lat' dir='ltr'><strong>fidelium</strong></span> <span class='ocrx_word' id='word_1_266' title='bbox 992 4499 1177 4558; x_wconf 84' lang='lat' dir='ltr'><strong>nostrornm</strong></span> <span class='ocrx_word' id='word_1_267' title='bbox 1203 4491 1370 4562; x_wconf 88' lang='lat' dir='ltr'><strong>Nobilium</strong></span> <span class='ocrx_word' id='word_1_268' title='bbox 1398 4494 1533 4557; x_wconf 81' lang='lat' dir='ltr'><strong>virorum</strong></span> 
     </span>
    </p>
   </div>
   <div class='ocr_carea' id='block_1_10' title="bbox 0 0 1635 5252">
    <p class='ocr_par' dir='ltr' id='par_1_10' title="bbox 0 0 1635 5252">
     <span class='ocr_line' id='line_1_37' title="bbox 0 0 1635 5252; baseline 0 0"><span class='ocrx_word' id='word_1_269' title='bbox 0 0 1635 5252; x_wconf 95' lang='lat' dir='ltr'><strong> </strong></span> 
     </span>
    </p>
   </div>
  </div>
 </body>
</html>
