3182 5252
577 359 672 424 lass.

591 665 665 725 286.

71 825 131 890 Ill.
159 825 283 910 Koiroly
308 823 435 888 sicilici
460 823 654 908 kircilyook-
669 823 857 908 odomdaya
877 847 898 886 a
916 825 978 886 vele
995 825 1193 910 Mapyoror-

69 931 188 1020 squbo‘l
207 935 273 1018 jeu
303 931 447 1017 Vapoclzi
482 931 598 1016 capyis
634 930 883 1001 Orbaczirmre
908 936 1070 996 szdnztiro.
1098 935 1192 998 1383.
1282 973 1285 976 -

167 1091 315 1156 Karolus
332 1091 465 1156 Tertius
491 1098 550 1155 ete.
577 1089 740 1174 Magistro
756 1089 781 1155 J
782 1093 947 1157 ostitiario
964 1091 1073 1175 Regni
1089 1094 1193 1158 nostri

72 1195 175 1262 Sicilie
201 1196 290 1263 fideli
316 1204 428 1263 nostro
454 1197 597 1280 gratiam
622 1203 682 1261 eto.
709 1194 869 1264 Volentes
894 1199 1033 1280 omnino,
1059 1201 1144 1264 sicut
1160 1201 1193 1264 in

71 1314 178 1371 nostra
193 1314 302 1370 mente
317 1305 450 1383 residet,
474 1304 561 1369 bona
587 1304 697 1369 omnia
714 1304 848 1370 stabilia
864 1305 1080 1388 cuiuscunque
1096 1328 1195 1390 gene·

68 1414 109 1478 ris
139 1434 197 1478 seu
228 1413 349 1497 speciei
374 1413 526 1492 existant,
552 1433 614 1494 que
639 1411 770 1477 luerunt
796 1414 960 1495 quondam
987 1413 1138 1480 Perrocti
1155 1415 1195 1479 de

70 1521 197 1588 Falchis
215 1521 427 1605 Prothontinj
446 1517 820 1602 Vigilieusis,Johannis
836 1521 977 1587 eiusdem
995 1525 1196 1606 cognominis

69 1630 216 1714 fratrum,
231 1652 356 1696 necnon
372 1628 608 1714 Raymundelli
625 1629 664 1696 de
681 1630 812 1696 Falchis
830 1639 864 1695 et
880 1629 1012 1715 Notarij
1030 1631 1196 1699 Johannis

69 1761 104 1804 ac
127 1738 259 1823 Notarij
286 1737 399 1806 Moffei
426 1737 466 1803 do
492 1736 633 1822 Vigilijs,
659 1738 865 1821 omniumque
890 1738 1029 1803 aliorum
1055 1738 1095 1804 de
1124 1737 1201 1823 ipsa·

69 1853 155 1912 terra
168 1845 368 1930 Vigiliarum
383 1845 553 1910 rebellium
570 1849 755 1910 nostrornm
771 1852 878 1929 perte
894 1867 954 1928 pro
970 1852 1065 1929 parte
1083 1854 1193 1912 nostre

70 1951 162 2020 Ourie
177 1959 253 2038 post
268 1955 415 2038 ipsorum
440 1952 635 2037 supplicium
661 1957 759 2036 capta
774 1959 808 2018 et
822 1952 912 2018 Fisoi
928 1954 1030 2018 nostri
1047 1975 1195 2038 compen·

10 2127 11 2132 ,
75 2062 135 2146 dijs
151 2061 313 2142 infiscata,
330 2062 420 2126 tradi
446 2059 621 2145 Aymerico
647 2059 811 2127 Jobannis
837 2060 876 2125 de
902 2061 1036 2144 Vrgach.
1062 2061 1196 2144 Vngaro

69 2169 155 2235 fideli
172 2176 207 2236 et
223 2167 344 2234 denoto
361 2175 484 2251 nostro,
500 2175 532 2232 et
549 2169 726 2252 peripsum
746 2168 875 2234 nomine
891 2175 924 2233 st
938 2191 998 2252 pro
1014 2177 1108 2253 parte
1126 2191 1197 2234 nos·

70 2283 118 2342 tre
132 2278 233 2344 Ourie
249 2278 386 2342 detineri
404 2298 442 2342 ac
457 2277 556 2342 etiam
573 2276 765 2360 gubernari3
789 2277 936 2342 volumus
958 2283 1078 2360 tueque
1094 2276 1197 2341 fideli·

20 2471 22 2476 ,
70 2387 129 2452 tati
155 2383 356 2469 presentium
382 2392 494 2450 tenore
520 2385 560 2448 de
585 2391 676 2450 certa
701 2391 814 2449 nostra
839 2384 974 2451 scientia
1001 2384 1198 2462 mandamns,

71 2501 231 2577 quatenus
256 2493 369 2558 statim
394 2492 534 2576 receptis
563 2491 765 2576 presentibus
791 2492 943 2574 predicta
974 2491 1059 2558 bona
1091 2495 1199 2558 omnia

71 2601 292 2682 predictorum
304 2607 488 2666 nostrorum
500 2599 679 2681 rebellium,
690 2609 724 2664 et
734 2599 873 2665 aliorum
890 2599 931 2664 de
947 2605 1038 2664 terra
1051 2601 1131 2684 ipsa,
1141 2619 1200 2664 neo

10 2751 11 2756 κ
72 2729 132 2773 non
143 2708 274 2776 nomine
284 2729 496 2791 expensarum
508 2707 657 2772 similiter
668 2713 853 2772 nostrorum
869 2706 1039 2773 rebellium
1049 2708 1200 2773 infiscata

72 2816 115 2880 vti
131 2803 344 2901 premittitur,
359 2815 420 2898 ipsi
437 2813 611 2897 Aymerieo
628 2835 782 2898 procures
808 2813 939 2879 tradere
955 2821 988 2879 et
1004 2815 1127 2898 absque
1144 2813 1200 2878 ali-

72 2925 159 2990 euius
175 2923 376 2988 morositatis
401 2923 540 2987 articulo
566 2923 742 3006 assignare,
759 2921 899 2987 tenenda
914 2943 973 3005 per
989 2922 1082 2987 illuni
1098 2929 1130 2986 et
1145 2945 1199 3006 pa

73 3032 152 3096 riter
177 3029 390 3114 gubernanda
415 3030 517 3113 ipsius
544 3037 654 3096 nostra
670 3027 767 3095 (lurie
784 3029 923 3108 nomine,
940 3029 1044 3093 donec
1069 3030 1109 3095 de
1135 3029 1200 3093 illis

73 3138 161 3204 aliud
193 3138 381 3203 duxerimus
414 3137 686 3203 demandandum.
717 3135 876 3205 Volumus
907 3142 1015 3201 tamen
1040 3158 1201 3224 expresse,

74 3246 160 3329 qnod
175 3253 352 3330 postquam
369 3247 456 3312 bona
482 3246 644 3311 dictorum
661 3250 845 3310 nostrorum
865 3243 1046 3328 rebellium,
1061 3253 1128 3312 tam
1146 3267 1201 3311 no-

73 3355 270 3420 minatorum
296 3353 452 3436 superius,
468 3374 566 3436 quam
591 3375 665 3431 non,
680 3353 743 3436 ipsi
764 3351 938 3435 Aymerico
955 3373 1012 3435 per
1028 3359 1061 3418 te
1078 3355 1202 3420 tradita

76 3460 198 3527 fuerint
213 3482 251 3527 ac
267 3462 367 3527 etiam
394 3461 571 3546 assignata,
596 3467 633 3526 ut
659 3461 746 3526 bona
769 3460 842 3543 ipsa
866 3459 1015 3543 deperire
1040 3469 1203 3544 nequeant

73 3571 105 3635 in
121 3571 300 3654 dampnum
317 3575 426 3634 nostre
444 3567 541 3634 Curis
552 3568 721 3651 prelibate,
739 3566 1203 3652 quodAymeriausipsebona

75 3677 144 3761 ipsa
159 3679 194 3743 in
221 3678 285 3762 hijs
301 3677 335 3741 in
353 3677 469 3759 quibus
489 3677 669 3760 expediens
684 3675 783 3742 fuerit
797 3676 974 3759 gubernari
990 3675 1100 3742 facere
1117 3684 1203 3742 tene·

76 3793 160 3869 atur,
174 3792 208 3851 et
228 3791 424 3868 quaternum
442 3805 537 3850 vnum
553 3783 659 3850 facere
676 3785 715 3849 de
731 3783 876 3867 introytu
893 3788 926 3846 et
941 3784 1030 3847 exitu
1044 3784 1204 3849 bonorum

75 3892 232 3975 ipsorum,
247 3900 284 3957 ot
299 3893 372 3977 ipsa
388 3899 501 3958 nostra
526 3891 628 3957 Curia
644 3913 708 3956 non
724 3891 904 3956 fraudetur.
920 3887 1046 3956 Datum
1063 3893 1095 3959 N
1097 3891 1202 3975 eapolj

76 4020 135 4081 per
151 4001 256 4064 virum
282 3998 422 4066 nobilem
439 3998 607 4065 Gentilem
624 3999 664 4063 de
680 3998 858 4064 Merolinio
870 4004 930 4062 etc.
946 3996 1045 4063 Anno
1072 3998 1205 4063 Domini

76 4106 248 4172 millesimo
275 4105 565 4173 CCCLXXXIII
599 4105 649 4170 die
674 4105 851 4190 penultimo
867 4103 1067 4186 Decembris,
1083 4105 1142 4174 VI.
1158 4106 1204 4170 in-

77 4215 238 4295 dictionis,
256 4214 446 4297 Regnorum
461 4221 647 4278 nostrormu
664 4234 749 4279 anno
766 4211 813 4276 II.

77 4361 113 4420 (A
128 4361 272 4424 »Registri
295 4359 448 4425 Angioini«
473 4363 534 4411 359.
548 4373 585 4410 sz.
599 4375 624 4410 a.
648 4358 791 4408 kbtetebo'l
804 4358 873 4421 Reg.
888 4358 979 4407 Caroli
994 4358 1045 4409 111.
1061 4363 1101 4409 16.
1116 4361 1152 4424 1.;
1172 4375 1205 4410 aa

402 4451 475 4499 olasz
490 4449 542 4500 kir.
556 4449 670 4512 napolyi
683 4449 876 4508 leveltarbsn.)

565 4609 722 4622 ...n—u·-
