3190 5252
517 325 520 332 '
614 349 709 412 rael.
1159 352 1224 412 439

90 520 297 602 ducatorum,
314 522 357 586 ad
373 543 472 605 quam
488 523 569 588 dicti
597 524 715 592 Veneti
732 545 766 588 se
791 524 1025 608 obligaverunt,
1043 549 1098 592 seu
1115 529 1226 612 aliqua

96 630 268 694 occasione
284 629 334 694 vel
351 649 451 696 eausa
467 653 506 695 ex
521 633 666 715 presenti
681 652 761 714 pace
781 632 830 696 rel
846 634 1079 717 transaocione,
1095 655 1152 699 seu
1168 636 1226 700 ali·

89 759 235 819 quornm
251 744 480 804 contentorum
495 741 530 804 in
547 762 595 821 ea,
613 739 700 805 dicto
726 740 856 806 domino
883 740 968 825 Regi
984 743 1108 808 nullum
1122 746 1176 828 jus
1192 744 1226 809 in

87 845 171 928 ipsis
188 845 324 911 buochis
340 847 390 912 vel
407 848 517 932 aliqua
533 848 674 932 ipsarum
693 850 893 932 acquiratur,
909 855 1076 934 augeatur,
1092 855 1142 918 vel
1160 876 1226 920 am·

86 952 224 1037 plictnr,
235 955 434 1037 ultraquam
446 955 584 1022 haberet
594 961 671 1023 aute
681 959 862 1042 proximam
871 965 1054 1041 presentem
1064 981 1225 1042 guerram,

86 1083 146 1126 nec
168 1063 231 1146 ipsi
248 1059 419 1129 Communi
434 1063 648 1132 Veneoiarum
658 1066 691 1130 in
707 1067 788 1150 ipsis
805 1066 856 1132 vel
872 1065 985 1150 aliqua
1001 1067 1157 1152 ipsarum,
1168 1091 1225 1135 seu

82 1171 220 1255 juribus
246 1173 312 1236 suis
337 1173 471 1255 aliquod
497 1172 713 1258 prejudicium
740 1179 923 1256 generetur,
939 1195 997 1239 nec
1008 1175 1063 1257 jus
1091 1175 1224 1259 aliquod

85 1287 189 1365 rupta
205 1301 296 1365 paee,
312 1288 410 1365 prout
427 1304 535 1366 supra,
545 1305 603 1366 per
621 1283 725 1348 dictos
735 1280 882 1351 Venator
892 1284 1089 1366 acquisitum
1105 1285 1225 1351 intelli-

84 1397 190 1473 gatur
207 1389 294 1454 dicto
311 1387 483 1455 Communi
502 1391 730 1472 Veneoiarum,
747 1413 805 1456 nec
835 1392 924 1456 dieto
941 1391 1071 1456 domino
1088 1392 1174 1476 Regi
1191 1394 1224 1458 in

84 1499 204 1581 aliquo
221 1496 424 1563 diminutum.
440 1497 501 1563 stb.
518 1497 660 1564 Demum
676 1520 735 1581 pro
753 1498 975 1565 stabilimento
991 1499 1225 1583 predictorum,

1 1619 2 1622 ’
84 1615 116 1671 et
144 1612 185 1670 ut
211 1605 360 1689 predicta
387 1607 496 1671 omnia
521 1612 554 1672 et
580 1609 710 1690 singula
735 1605 829 1672 firma
855 1607 930 1690 sint,
957 1614 990 1673 et
1018 1606 1225 1672 ellectumet

83 1715 319 1780 excensionem
345 1713 487 1779 debitam
513 1721 738 1798 assequantur,
764 1713 849 1778 dicte
875 1721 985 1798 partes
1012 1736 1108 1799 super
1124 1715 1225 1780 omni-

84 1823 152 1887 bus
186 1826 221 1885 et
253 1822 389 1904 singulis
421 1824 454 1886 in
486 1824 630 1906 presenti
661 1844 741 1906 pace
767 1829 800 1886 et
819 1822 1034 1888 instrumento
1062 1825 1223 1889 contentis

83 1930 218 2012 eligunt
243 1935 276 1992 et
302 1934 473 1993 assumunt
497 1931 531 1994 in
554 1931 706 2014 judicem,
736 1931 938 2011 cognitorum
964 1937 997 1996 et
1020 1937 1225 1998 executorem

1 2072 2 2075 ¹
82 2039 236 2124 omnium
267 2037 487 2120 predictorum
525 2035 774 2104 Sanctissimum
800 2036 966 2102 dominum
991 2046 1137 2104 nostrum
1162 2039 1225 2104 Pa-

82 2255 313 2336 consenciunt,
331 2255 400 2319 eius
417 2255 682 2338 jurisdiccionem
709 2275 859 2339 expresse
877 2261 909 2320 et
926 2256 1137 2340 solempniter
1153 2278 1220 2340 pro·

82 2362 250 2446 rogando.
268 2360 370 2446 Cujus
396 2361 577 2445 cognicioni
593 2368 626 2426 et
652 2362 867 2428 declarationi
895 2362 980 2428 dicte
1006 2369 1119 2446 partes
1136 2370 1224 2430 stare

81 2470 299 2555 promittunt,
317 2476 350 2535 et
366 2470 426 2536 sibi
444 2471 579 2535 invicem
597 2471 686 2553 dare,
711 2471 818 2536 facere
836 2477 868 2534 et
884 2472 1056 2537 observare
1074 2493 1176 2555 omne,
1193 2479 1224 2538 et

81 2577 250 2663 quicquid
265 2599 323 2661 per
338 2579 445 2661 ipsum
463 2575 712 2643 Sanctissimum
740 2577 905 2643 dominum
930 2587 1078 2644 nostrum
1094 2578 1221 2663 Papam

79 2687 223 2767 dictum,
240 2687 476 2751 sentenciatum
494 2707 552 2750 seu
568 2684 770 2751 declaratum
788 2685 894 2768 suerit,
912 2694 945 2752 et
962 2687 1159 2752 solucionem
1187 2688 1223 2751 in

77 2805 176 2862 terra
193 2816 251 2861 seu
267 2795 337 2862 loco
353 2793 530 2859 tribunalis
547 2799 580 2858 et
592 2792 708 2876 judicii
724 2794 845 2877 prelati
865 2792 1070 2860 Sanctissimi
1096 2795 1220 2860 domini

80 2905 193 2970 nostri
210 2902 303 2985 Pape
321 2902 385 2967 sibi
399 2901 535 2966 invicem
551 2900 659 2966 facere
671 2903 875 2983 promittunt,
891 2925 949 2985 per
966 2924 1063 2986 quem
1080 2923 1140 2986 pro
1157 2923 1224 2966 om·

79 3011 183 3076 nibus
202 3017 234 3074 et
251 3011 386 3093 singulis
402 3009 436 3073 in
453 3010 597 3092 presenti
613 3029 692 3093 paee
720 3011 882 3074 contentis
911 3008 1083 3074 voluerunt
1109 3015 1224 3075 contra

80 3121 194 3185 dictas
210 3125 321 3202 partes
338 3126 370 3183 et
386 3117 569 3200 quamlibet
584 3137 697 3182 earnm
707 3117 840 3182 realiter
856 3125 889 3182 et
903 3117 1128 3200 personaliter,
1139 3124 1223 3182 tem·

80 3227 248 3312 poraliter
264 3233 297 3290 et
313 3226 528 3310 spiritualiter
544 3246 638 3309 posse
654 3232 687 3290 et
698 3224 813 3290 debere
825 3224 958 3307 procedi
974 3224 1037 3289 stb.
1054 3223 1137 3288 Item
1150 3246 1222 3291 oum

80 3339 115 3401 in
126 3354 214 3418 pace
225 3333 363 3418 antiqua
373 3333 455 3398 alias
473 3331 563 3399 facta
574 3335 659 3398 inter
676 3331 839 3416 prefatum
856 3331 1102 3398 serenissimum
1119 3332 1223 3398 domi-

81 3463 165 3510 num
174 3441 302 3524 Regem
313 3447 347 3505 et
358 3441 537 3506 Commune
548 3440 768 3507 Veneoiarum
785 3441 999 3522 contineatur,
1015 3439 1102 3525 quod
1120 3440 1222 3506 domi-

81 3573 148 3616 nus
159 3551 239 3616 Dux
255 3555 288 3612 ct
305 3548 483 3615 Commune
510 3548 729 3618 Veneoiarum
756 3548 972 3615 effectualiter
999 3549 1167 3615 renunciet
1183 3548 1223 3612 de

81 3662 175 3727 facto
192 3658 225 3721 in
239 3657 387 3722 manibus
402 3657 523 3740 prefati
550 3658 674 3722 domini
690 3656 791 3740 Regis
817 3657 989 3741 Hungarie
1007 3665 1040 3722 et
1064 3679 1223 3723 successo-

81 3788 160 3832 rum
177 3765 249 3849 ejus
275 3763 336 3829 toti
361 3763 553 3847 Dalmacie3
578 3785 728 3846 nuncque
745 3764 825 3830 dicti
842 3761 976 3846 Sindici,
992 3771 1222 3850 procuratores

83 3883 119 3942 et
156 3872 400 3938 Ambaxatores
432 3870 551 3937 domini
585 3872 686 3938 Ducis
720 3880 753 3938 et
785 3869 975 3938 Communis
1006 3871 1222 3942 Veneoiarum

82 3986 218 4052 nominc
244 3983 406 4049 dictorum
431 3983 634 4049 dominorum
660 3982 763 4048 Ducis
789 3988 823 4048 et
848 3981 1036 4048 Communis
1064 3981 1222 4051 Veneoia-

82 4115 159 4158 rum
193 4093 227 4155 i'n
256 4113 335 4174 pace
367 4091 511 4174 presenti
543 4091 738 4156 renunciant
770 4089 984 4156 effectualiter
1016 4091 1055 4156 dc
1083 4090 1157 4174 jure
1190 4096 1223 4155 et

85 4201 127 4266 de
162 4200 252 4266 facto
284 4200 317 4263 in
349 4196 500 4264 manibus
528 4199 789 4282 supradictorum
817 4197 1019 4263 dominorum
1045 4199 1222 4282 Episcopo-

84 4329 170 4389 rnm,
186 4319 436 4392 procuratorum
462 4317 495 4374 et
512 4316 658 4375 actorum
686 4309 766 4375 dicti
792 4306 913 4374 domini
939 4307 1040 4389 Regis
1065 4307 1222 4389 recipien-

86 4420 174 4483 cium
206 4421 334 4484 nomine
366 4419 445 4485 dicti
477 4419 599 4484 domini
640 4420 742 4502 Regis
774 4426 807 4484 et
839 4439 1058 4483 successorum
1091 4436 1223 4482 suorum

86 4529 122 4590 in
155 4525 272 4610 Regno
303 4533 334 4590 et
366 4526 506 4606 Corona,
532 4526 591 4589 toti
618 4524 821 4609 Dalmaeiac,
847 4547 866 4590 a
892 4525 1066 4590 medietate
1099 4525 1222 4590 scilicet
