3248 5242
636 435 730 501 1392.

646 741 722 804 450.

114 903 232 970 L‘iszlo'
255 901 384 968 sicilici
410 902 521 987 kirrilp
547 903 579 965 e's
605 923 747 988 mappas
772 902 1036 989 elleolcircilyoalc
1061 903 1246 992 kormdoyo

530 1011 716 1076 Jadra'bao.
743 1011 838 1076 1392.

225 1170 401 1237 Lsdizlaus
419 1168 483 1235 Dei
499 1169 607 1252 gratia
621 1169 695 1234 Rex
713 1177 772 1234 etc.
798 1169 1115 1254 Vicemgesentibus‚
1140 1169 1166 1236 J
1167 1172 1246 1237 usti·

118 1280 238 1363 tiarijs,
254 1278 452 1363 Capitaneia
472 1276 663 1358 ComitibuS,
690 1277 888 1354 Beronibus,
913 1261 1078 1345 terrarum
1095 1277 1248 1345 Dominis

117 1410 265 1454 necnon
289 1388 425 1470 Baiulis,
442 1386 624 1472 Magistris,
650 1387 674 1454 J
676 1387 782 1454 uratis
809 1393 842 1452 et
865 1385 1041 1453 Judicibus
1067 1388 1246 1471 ceterisque

117 1493 325 1561 Officialibus
351 1501 384 1560 et
406 1493 556 1562 fidelibus
583 1497 706 1562 nostris
728 1517 786 1579 per
801 1501 912 1579 partes
929 1493 1063 1580 Aprutij
1081 1502 1115 1561 et
1128 1496 1250 1580 Apulie

117 1605 303 1670 constitutis
319 1611 486 1688 presentes
499 1603 632 1670 licteres
657 1604 862 1689 inspecturis,
878 1623 1053 1687 eorumque
1068 1603 1251 1669 locatenen-

116 1711 208 1777 tibus
223 1713 428 1796 presentibus
444 1718 478 1777 et
493 1711 613 1778 futuris
629 1710 780 1777 fidelibus
790 1712 911 1777 nostris
927 1713 1068 1794 gratiam
1084 1716 1116 1777 et
1131 1712 1250 1779 bonam

117 1819 333 1887 uoluntatem.
358 1821 424 1886 Pro
449 1825 542 1904 parte
564 1821 622 1904 virj
640 1817 760 1886 nobilis
787 1818 922 1905 Georgij
942 1819 1107 1904 quondam
1123 1817 1248 1885 Joban·

116 1928 171 1994 nis
188 1927 228 1993 de
245 1925 367 1994 Sancto
394 1925 495 1992 Petro
521 1927 685 2010 Hungari,
710 1925 890 2012 Camerarij
908 1927 1081 1994 familiaris
1098 1933 1130 1993 et
1145 1926 1250 1994 fidelis

118 2035 228 2102 nostri
252 2033 372 2117 dilecti,
397 2035 560 2101 continuit
588 2035 747 2119 expositio
772 2055 925 2101 reuerens
951 2032 1094 2119 (lulminj
1127 2033 1251 2101 Nostro

119 2143 222 2225 iacta,
239 2143 326 2228 quod
343 2164 416 2209 cum
441 2140 584 2210 Orissius
601 2142 765 2227 quondam
781 2133 890 2209 Miohe
906 2143 946 2208 de
962 2131 1145 2209 Baricassis
1160 2140 1252 2208 Ciuis

120 2250 308 2332 Jadrensis,
324 2256 438 2318 tenens
463 2257 496 2317 et
521 2232 691 2335 possidens
706 2273 766 2336 per
782 2272 817 2316 se
833 2257 865 2317 et
881 2250 962 2318 alios
980 2251 1048 2317 eius
1063 2250 1192 2317 nomine
1207 2256 1253 2316 te·

122 2366 240 2425 nentes
266 2367 299 2426 et
323 2359 527 2444 possidentes
552 2358 730 2444 hospitium
746 2382 842 2425 vnum
859 2381 931 2426 cum
947 2359 1042 2442 curti,
1058 2363 1130 2425 orto
1147 2365 1180 2426 et
1196 2380 1252 2443 pa-

120 2470 287 2551 uimentis,
303 2490 376 2535 cum
394 2469 577 2535 actionibus
588 2467 832 2553 quibuscunque
849 2490 889 2534 ac
904 2468 1111 2553 pertinentijs
1126 2473 1159 2532 et
1172 2467 1253 2551 juri-

122 2579 194 2656 bus,
211 2576 296 2643 sicut
321 2577 384 2642 sibi
410 2582 519 2642 actum
546 2597 725 2660 congruum
741 2581 775 2641 et
790 2575 906 2642 melius
926 2577 1029 2642 visum
1044 2574 1116 2658 fuit,
1132 2595 1197 2641 non
1212 2575 1253 2658 vi,

123 2684 202 2750 dolo
219 2684 382 2765 sebastae,
408 2690 468 2750 aut
492 2684 588 2749 aliter
604 2685 852 2768 circumuentus,
869 2706 928 2750 sua
946 2690 1127 2769 spontanea
1143 2682 1253 2748 volun-

125 2799 196 2858 tate
214 2792 249 2856 in
265 2792 451 2859 testimonio
467 2791 597 2876 puplico
614 2791 761 2858 vendidit
776 2799 810 2858 et
824 2793 982 2858 alienauit
992 2791 1165 2875 exponenti
1181 2811 1255 2874 pre-

122 2898 193 2966 fato
209 2899 354 2983 presenti
363 2904 395 2964 et
405 2901 532 2980 ementi,
549 2906 586 2965 ut
602 2920 660 2983 pro
677 2920 710 2965 se
726 2906 760 2965 et
775 2901 841 2967 suis
852 2899 1027 2967 heredibus
1043 2905 1076 2965 et
1091 2919 1252 2964 successo-

124 3007 218 3073 ribus
242 3029 302 3092 pro
328 3010 436 3093 pretio
463 3015 496 3073 et
521 3007 651 3074 nomine
676 3009 773 3093 pretij
801 3006 931 3073 diffiniti
959 3008 1151 3073 ducatorum
1182 3008 1255 3072 auri

124 3114 204 3181 boni
220 3121 253 3182 et
265 3116 347 3200 justi
364 3116 516 3199 ponderis
532 3122 758 3181 sexcentorum
782 3115 887 3181 eidem
902 3114 1062 3182 venditori
1078 3114 1256 3198 peripsum

127 3229 344 3307 exponentem
361 3222 557 3288 manualiter
573 3228 606 3287 et
621 3221 754 3288 realiter
771 3223 958 3306 solutorum,
974 3229 1008 3287 et
1023 3221 1175 3305 promisit
1191 3220 1256 3286 dio·

124 3337 179 3396 tus
203 3329 353 3397 uenditor
377 3329 481 3396 eidem
508 3331 644 3416 emptorj
672 3330 794 3396 dictum
820 3331 996 3415 hospitium
1022 3329 1197 3412 venditum,
1218 3335 1256 3394 ut

125 3461 237 3523 supra,
261 3461 333 3503 cum
353 3438 483 3522 juribus
500 3444 533 3503 et
549 3438 756 3522 pertinentijs
784 3439 851 3504 suis
868 3438 1017 3505 omnibus
1033 3436 1208 3502 defendere
1224 3442 1257 3502 et

126 3553 297 3613 antestare
322 3547 364 3612 ab
390 3547 537 3613 omnibus
562 3543 748 3612 hominibus
774 3553 806 3612 et
831 3548 993 3630 personis,
1008 3552 1041 3612 et
1055 3546 1096 3612 de
1115 3545 1257 3610 emtione

126 3657 241 3740 tenerj‚
258 3661 291 3720 et
306 3654 468 3740 obligauit
479 3675 513 3720 se
524 3652 568 3719 ad
584 3660 706 3720 certam
722 3675 842 3738 penam
852 3656 1036 3741 etjurauit3
1059 3660 1093 3720 et
1108 3675 1168 3738 pro
1184 3674 1256 3737 pre-

128 3762 227 3828 dictis
253 3761 465 3830 obseruandis
491 3763 535 3830 ad
561 3763 718 3828 maiorem
744 3765 908 3829 cautelam
941 3764 1042 3847 ipsius
1069 3761 1258 3846 exponentis

129 3871 286 3956 emptoris
303 3871 510 3937 fideiussores
527 3870 618 3936 dedit
633 3878 666 3964 et
682 3870 792 3954 posuit
807 3893 905 3955 penes
919 3872 1027 3954 ipsum
1044 3874 1258 3954 exponentem

129 4001 182 4044 ser
207 3978 357 4044 Marcum
385 3978 549 4061 quondam
576 3999 628 4044 ser
654 3977 744 4062 Petrj
763 3978 803 4042 de
821 3977 1010 4062 Glisogolis,
1026 3983 1060 4043 et
1076 3998 1128 4042 ser
1155 3974 1260 4042 Anto·

130 4088 220 4153 nium
237 4087 401 4172 quondam
428 4108 479 4151 ser
503 4085 730 4151 Bartholomei
756 4084 795 4150 de
822 4085 999 4168 Glisogolis
1015 4085 1102 4152 ciues
1118 4082 1260 4151 Jadren-

130 4218 190 4277 ses‚
208 4197 263 4278 qui
278 4194 485 4261 fideiussores
502 4193 640 4277 quilibet
655 4194 800 4277 ipsorum
818 4193 853 4258 in
872 4193 1013 4258 solidum
1029 4192 1260 4276 obligauerunt

132 4327 166 4369 se
184 4310 218 4369 et
236 4300 321 4369 bona
336 4325 395 4368 suo
406 4303 448 4368 ad
460 4308 583 4369 certam
599 4323 725 4386 penam,
741 4308 773 4367 et
784 4303 981 4386 jurauerunt
991 4299 1142 4384 predicta
1152 4305 1260 4365 acten-

133 4413 210 4477 ‹lere
236 4417 268 4476 et
293 4409 526 4477 inuiolabiliter
552 4409 737 4491 obseruare,
753 4416 786 4475 et
802 4416 917 4475 contra
933 4408 1124 4474 nonfacere
1140 4407 1193 4473 uel
1209 4429 1262 4474 ue·

134 4521 206 4587 nire
231 4541 291 4603 per
319 4542 353 4585 se
379 4520 466 4603 ipsos
492 4539 549 4583 seu
574 4518 754 4602 predictum
782 4518 980 4584 venditorem
1005 4518 1117 4602 aliqua
1133 4516 1261 4583 ratione

132 4628 187 4696 uel
202 4650 312 4710 causa,
329 4627 459 4712 puplice
470 4627 524 4692 uel
539 4627 673 4709 occulte,
690 4629 723 4692 iu
738 4628 762 4694 J
765 4625 871 4692 udicio
888 4628 941 4691 uel
959 4633 1067 4706 extra;
1091 4631 1123 4691 ct
1143 4625 1261 4692 cousti-
