3190 5252
1455 19 1590 143 η

430 337 494 400 416
783 353 1016 404 orrnomaczmr
1033 346 1201 404 nunnnnn.

433 515 501 580 rius
517 514 707 597 significare.
724 517 848 582 Datum
865 517 949 602 Zolij
960 518 1013 585 die
1024 519 1201 601 penultimo
1218 517 1342 582 Mensis
1352 515 1385 582 N
1388 515 1542 582 ovcmbrin

433 627 532 690 Anno
554 623 708 690 LXXX.

434 771 572 830 (Eredetie
586 772 704 835 papiron
720 789 736 822 a
751 773 887 836 »signori
901 774 1058 839 Ourtcggie,
1083 773 1214 824 Missiret
1237 773 1290 822 atb.
1313 771 1390 821 XIX.
1405 769 1545 834 kdtegdben

684 867 725 911 94.
739 877 776 911 ez.
790 877 825 928 a,
839 879 855 913 a
868 865 999 915 florenczi
1011 879 1087 927 nagy
1101 862 1298 923 levelmrnan.)

958 1173 1032 1234 200.

512 1330 657 1396 i'ieconti
678 1331 924 1396 Barnabn'annk
941 1355 963 1396 a
970 1329 1126 1418 florenczi
1142 1331 1364 1416 kdztdraaaa'q.
1384 1333 1474 1394 1380.

646 1491 789 1558 Domino
805 1490 1004 1558 Bernaboni.

435 1747 471 1758 -
540 1744 582 1755 —
630 1705 794 1788 Ceterum,
826 1705 973 1790 quamvis
1001 1704 1115 1771 fuisset
1146 1727 1166 1770 a
1185 1705 1285 1775 Vobis
1311 1705 1451 1772 maxima
1480 1722 1540 1766 cun

431 1815 588 1880 instantia
604 1815 812 1899 postulatum,
828 1813 917 1897 quod
933 1813 1055 1879 comiti
1080 1815 1258 1894 Everardo,
1274 1819 1307 1878 ot
1326 1813 1424 1880 eundi
1439 1813 1470 1877 in
1484 1808 1541 1872 I'n·

431 1923 567 2005 goriam,
583 1929 617 1988 et
632 1922 760 1987 demum
776 1921 958 2002 Ferariam,
979 1922 1144 1986 licentiam
1155 1921 1331 1988 concedere
1348 1921 1540 1994 deberemus3

431 2032 508 2114 quia
523 2054 562 2095 en
580 2030 767 2096 videbamus
784 2030 939 2096 adfinem
958 2031 1079 2095 bonnm
1094 2051 1160 2095 non
1185 2030 1293 2112 dirigi,
1308 2030 1366 2094 sed
1390 2029 1490 2114 potius
1503 2023 1539 2090 ad

430 2139 527 2202 Italic
543 2136 746 2221 dispendium
759 2139 912 2218 ordinari,
928 2138 1093 2204 licentiam
1119 2137 1303 2203 huiusmodi
1317 2159 1447 2222 prorsus
1462 2133 1539 2200 duri-

431 2267 502 2310 mne
519 2245 754 2329 denegandam.
772 2244 932 2311 Comitem
947 2251 1056 2312 autem
1073 2247 1207 2311 Lutium
1223 2247 1398 2314 Oratorem
1415 2242 1537 2310 Cesarea

430 2354 629 2439 MnjestatiS,
645 2363 678 2420 ct
694 2355 841 2436 alterum,
856 2355 990 2420 fratrem
1008 2355 1085 2436 eiua,
1110 2355 1188 2438 quia
1212 2355 1305 2421 nobis
1320 2377 1384 2420 non
1409 2359 1478 2418 sunt
1493 2349 1539 2414 ali·

430 2471 592 2545 quatenus
608 2463 752 2548 obligati,
769 2484 833 2529 nou
849 2463 1013 2547 potuimus
1033 2484 1104 2528 cum
1122 2463 1300 2544 honestate,
1325 2463 1404 2547 quin
1428 2461 1470 2527 eis
1485 2478 1538 2541 quo
1589 2529 1590 2534 γ

432 2571 551 2637 uellent
567 2593 711 2656 pergere,
727 2594 792 2637 non
808 2573 928 2652 liceret,
946 2573 1044 2636 etiam
1063 2571 1089 2635 si
1109 2571 1143 2636 id
1159 2571 1329 2637 videretur
1346 2571 1438 2637 nobis
1454 2566 1537 2634 utilli-

428 2699 524 2759 mum,
541 2679 721 2762 prohibere.
734 2678 829 2763 Quod
844 2680 936 2746 licuit
946 2679 1091 2761 fecimun,
1110 2687 1141 2744 et
1158 2685 1191 2745 in
1207 2687 1376 2764 posterum
1392 2678 1538 2746 faciemus.

430 2785 546 2851 Comes
564 2795 671 2853 autem
687 2789 804 2853 Lutiue
821 2810 905 2853 nuuc
922 2795 972 2854 est
990 2787 1145 2870 Bononio,
1163 2789 1219 2872 qui
1244 2811 1287 2854 an
1312 2789 1346 2854 in
1375 2785 1537 2870 Ungarimu

429 2895 472 2959 sit
489 2898 601 2979 ituree,
618 2903 740 2961 certum
753 2897 876 2981 aliquid
894 2917 960 2962 non
975 2895 1141 2962 hahemus.
1167 2895 1258 2962 Data
1283 2904 1320 2960 ut
1336 2918 1444 2980 supra
1459 2892 1535 2978 (Flo
1585 2915 1587 2922 ·

430 3004 532 3067 rentie
549 3002 600 3068 die
610 3005 712 3086 primo
730 3002 920 3068 Decembris
946 3003 1032 3068 IIII.
1057 3005 1233 3070 indictione
1258 2998 1536 3079 MCCOLXXX.J

429 3148 777 3212 (Eredetisogalmazvany
791 3163 808 3197 a
833 3150 968 3213 ›Signori,
992 3149 1147 3213 Carteggie,
1171 3149 1299 3198 Miesive‹
1323 3151 1377 3200 stb.
1400 3149 1471 3201 xlx.
1490 3144 1535 3192 roc

694 3244 735 3290 83.
748 3255 786 3289 ez.
799 3255 832 3302 a,
846 3255 863 3288 a
873 3241 1001 3290 florenczi
1015 3255 1088 3304 uagy
1101 3241 1293 3301 leveltdrban.)

1001 3403 1068 3413 «μα.

958 3567 1031 3628 201.

430 3727 452 3790 l.
470 3727 570 3812 Lujoa
585 3748 724 3812 oinyyor·
740 3726 772 3789 c'a
788 3724 911 3813 denqyel
927 3726 1108 3812 lcirdiynolc
1125 3751 1146 3790 a
1162 3727 1310 3806 florenczi
1335 3723 1530 3804 kdztdraoedy.

946 3839 1040 3898 1380.

640 3994 727 4077 Regi
745 3993 899 4077 Ungarie.

533 4103 705 4184 MemoreS,
732 4100 945 4168 Serenissime
968 4111 1067 4185 atque
1098 4093 1358 4170 Clementiseime
1388 4101 1530 4182 Princeps,

426 4233 498 4294 spes
524 4212 619 4276 unica
644 4211 749 4276 nostri
775 4208 974 4292 Communia,
999 4218 1033 4276 ct
1058 4211 1152 4278 huius
1179 4215 1279 4280 vestri
1305 4215 1414 4279 devoti
1440 4206 1529 4296 populi

424 4320 585 4402 refugium
602 4321 777 4404 singulare,
803 4319 891 4403 quod
914 4321 1090 4404 aliquando
1106 4345 1166 4407 pro
1182 4324 1358 4390 tractanda
1375 4345 1452 4407 pace
1464 4322 1529 4383 inter

425 4427 640 4493 Serenitatem
657 4429 810 4496 Vestram
836 4449 989 4492 unacum
1005 4429 1168 4512 colligatis
1193 4431 1384 4516 Majeetatie
1400 4429 1526 4500 eiusdem

424 4543 458 4599 et
474 4535 654 4602 Commune
681 4537 906 4616 Venetiarum,
932 4545 1042 4602 nostre
1067 4539 1247 4606 devotionis
1274 4541 1528 4609 humilitasinter·
