3210 5252
376 403 440 464 118
729 411 961 460 cranouscznu
980 405 1148 456 susanna.

375 579 524 658 Pontem,
551 577 757 642 honorabiles
790 575 877 640 ciues
910 573 1104 652 Florentini,
1133 569 1387 636 Aiubaxiatores
1413 571 1510 637 electi

374 709 432 769 per
449 684 646 768 Magnificos
672 684 841 762 Dominae,
858 681 1007 746 dominos
1020 679 1154 745 Priores
1170 677 1306 743 Artium
1323 685 1356 743 et
1373 677 1510 744 vexilli·

375 793 479 876 serum
511 792 647 858 Justitie
675 790 793 875 Populi
819 795 852 854 ct
878 787 1065 853 Communis
1097 786 1226 870 prefati,
1252 787 1438 854 destinandi
1468 785 1510 850 ad

374 907 486 983 partes
511 899 670 982 Ungarie‚
696 900 888 964 iurauerunt
904 897 946 960 ad
963 894 1086 961 Sancta
1112 895 1175 959 Dei
1192 895 1377 978 Evangelia
1395 915 1508 977 corpo·

374 1009 488 1074 raliter
513 1030 612 1072 mauu
625 1007 723 1074 tactis
740 1005 928 1088 Scripturis,
945 1002 987 1068 ad
1004 1002 1201 1068 delationem
1218 1003 1281 1067 moi
1307 1000 1444 1086 Notarij
1461 1003 1509 1065 iu·

374 1115 539 1198 trascripti
571 1113 724 1180 mandato
759 1112 839 1176 dicti
864 1110 987 1175 domiui
1019 1109 1231 1176 Executoris:
1256 1107 1352 1193 Quod
1385 1109 1511 1178 nullum

376 1224 532 1290 salarium
559 1223 604 1286 eis
630 1221 824 1286 stantiatum
856 1217 927 1298 fuit,
959 1239 1064 1300 neque
1097 1217 1273 1300 rescipient
1304 1239 1363 1300 per
1390 1237 1425 1282 se
1459 1217 1510 1283 val

374 1331 484 1412 alium,
500 1331 624 1395 directe
640 1328 690 1394 vel
706 1328 873 1404 indirecte,
890 1331 1004 1390 contra
1020 1325 1158 1390 lormam
1175 1323 1382 1390 Statutorum
1401 1332 1432 1393 et
1449 1323 1511 1390 Or·

376 1437 636 1506 dinamentorum
667 1434 856 1501 Communis
887 1433 1076 1513 Florentie3
1101 1437 1133 1496 et
1164 1433 1251 1516 quod
1283 1455 1358 1499 vere
1385 1439 1419 1498 et
1444 1455 1510 1498 non

376 1543 451 1610 ficte
473 1544 570 1610 electi
595 1549 670 1608 sunt
687 1548 719 1608 et
735 1543 814 1606 ituri
838 1542 872 1606 iu
889 1540 1009 1604 dictam
1028 1539 1273 1620 Ambaxiatam‚
1291 1548 1324 1606 et
1350 1543 1461 1612 omnia
1479 1549 1511 1607 et

376 1653 505 1735 singula
529 1653 561 1716 in
588 1673 627 1716 ea
644 1655 797 1716 contenta
826 1648 947 1714 facient
973 1653 1006 1712 et
1032 1654 1183 1712 exercent
1207 1647 1289 1714 bene
1306 1656 1339 1714 ct
1358 1649 1512 1734 legaliter

377 1760 445 1824 sine
470 1759 535 1824 vlla
559 1757 682 1838 fraude,
707 1757 750 1823 ad
775 1777 837 1840 que
862 1761 1015 1822 tenentia·
1039 1757 1208 1821 occasione
1234 1751 1420 1824 Ambaxatc
1437 1781 1512 1843 pre·

377 1866 470 1948 dicte,
498 1867 606 1950 vigore
624 1885 891 1950 quorumcunque
908 1863 1211 1929 ordinamentorum
1228 1861 1419 1934 Communis
1434 1867 1512 1933 Flo

377 1975 441 2056 tis;
465 1981 498 2040 ct
523 1974 610 2058 quod
636 1973 760 2040 nullum
782 1972 905 2038 habent
931 1970 1084 2036 dsuetum
1100 1994 1120 2036 a
1137 1973 1310 2054 predictis;
1334 1981 1366 2040 et
1384 1973 1512 2058 quoda

377 2083 429 2148 die
454 2103 565 2148 eornm
590 2080 786 2146 recensionis
811 2077 1010 2144 Ambaxiate
1036 2078 1182 2162 predicte
1208 2080 1251 2146 ad
1267 2103 1366 2146 vnum
1384 2103 1509 2150 aunum

376 2187 500 2254 nullam
525 2186 624 2254 aliam
642 2187 877 2254 Ambcxiatam
894 2185 1082 2252 Communis
1100 2185 1269 2252 Florentio
1286 2191 1511 2274 occentabunt

378 2319 435 2361 uec
460 2296 671 2378 exercebuut3
695 2304 727 2364 et
754 2295 842 2379 quod
859 2296 893 2360 iu
909 2294 1080 2361 allectione
1097 2316 1210 2358 eorum
1235 2291 1511 2365 Ambaxiatorum

377 2404 424 2470 nil
450 2405 484 2468 in
500 2404 649 2470 fraudem
675 2405 894 2488 predictorum
916 2404 960 2468 sit
976 2403 1191 2468 commissum.
1223 2403 1268 2468 Et
1285 2404 1421 2490 insuper
1438 2429 1510 2490 pro·

377 2512 537 2576 miseruut
553 2518 583 2576 et
601 2520 821 2579 conuenerunt
837 2511 924 2576 dicto
941 2509 1072 2574 domino
1091 2509 1270 2576 Executori
1286 2513 1461 2595 stipulanti
1479 2526 1510 2581 et

376 2618 544 2702 recipienti
561 2641 620 2703 pro
638 2619 809 2686 Communi
824 2618 1000 2698 Florentio,
1028 2617 1114 2700 quod
1130 2618 1175 2684 uil
1200 2619 1234 2683 in
1260 2619 1410 2686 fraudem
1437 2646 1510 2707 pre·

377 2728 537 2794 dictorum
562 2729 596 2792 iu
622 2729 779 2795 electione
805 2729 950 2811 ipsorum
966 2735 1014 2790 est
1031 2727 1246 2807 commissum,
1263 2736 1295 2792 et
1312 2731 1339 2794 si
1357 2733 1509 2798 commis-

379 2857 447 2900 sum
473 2838 670 2920 reperiretur
690 2836 812 2920 aliquid
840 2837 872 2898 in
898 2834 1047 2898 fraudem
1064 2835 1286 2919 predictorum
1302 2837 1335 2900 iu
1353 2837 1513 2905 electione

377 2947 532 3028 ipsorum,
548 2945 767 3026 promiserunt
787 2953 819 3009 et
836 2951 1058 3010 conuenerunt
1075 2943 1162 3007 dicto
1181 2944 1313 3010 domino
1330 2945 1511 3014 Executcri

378 3052 466 3118 (licto
493 3053 588 3118 modo
615 3058 646 3116 et
663 3053 791 3117 nomine
812 3051 981 3134 stipulanti
997 3060 1029 3115 et
1047 3051 1220 3134 recipienti
1237 3053 1317 3118 dare
1333 3059 1367 3118 et
1383 3055 1513 3122 solvero

379 3158 567 3225 Camerario
593 3157 781 3224 Communis
813 3159 982 3224 Florentia
1008 3181 1067 3242 pro
1093 3160 1163 3242 ipso
1191 3159 1363 3228 Communi
1396 3167 1513 3250 recipi-

378 3269 446 3333 enti
461 3269 656 3352 quingeutas
673 3267 776 3333 libras
792 3267 988 3332 florenorum
1004 3288 1179 3350 parvorum
1193 3269 1412 3338 (lanariorum.

484 3375 551 3440 Pro
577 3396 641 3458 quo
659 3373 825 3456 Caroecic,
842 3382 874 3439 et
891 3376 959 3440 eius
975 3373 1127 3458 precibus
1143 3381 1175 3440 et
1196 3377 1359 3443 mandatis
1375 3377 1510 3447 fideius-

378 3484 422 3547 sit
446 3505 498 3547 ser
523 3481 691 3548 Jobaunes
717 3483 809 3549 Nerii
834 3483 995 3550 Notarius
1023 3483 1232 3552 Florentinus
1259 3485 1380 3570 Populi
1397 3487 1514 3555 Sancti

378 3589 551 3658 Michaelis
578 3589 734 3656 Bertolde
760 3591 800 3658 da
826 3594 995 3660 Florentia
1021 3593 1219 3675 promicteus
1246 3601 1304 3660 etc.
1330 3600 1514 3683 renumpti·

380 3720 439 3764 ans
454 3705 513 3762 etc.

450 3815 452 3820 '
485 3805 552 3871 Pro
570 3829 633 3889 quo
650 3807 791 3889 Donate,
808 3811 923 3874 eteius
942 3811 1092 3893 precibus
1109 3817 1141 3874 et
1157 3811 1320 3876 insudatis
1347 3811 1512 3880 fideiussit

378 3913 602 3998 Pagnozuinus
614 3917 776 3998 Paguozzi
788 3918 826 3982 de
838 3917 1011 3986 Florentia
1027 3919 1146 4002 Populi
1163 3918 1285 3986 Sancte
1302 3918 1410 3986 Mario
1421 3921 1515 4007 Ugo-

379 4023 427 4087 uis
444 4027 640 4108 promictens
665 4033 724 4092 etc.
743 4028 933 4094 renuntians
951 4034 1010 4093 etc.

1025 4139 1070 4202 Et
1097 4138 1170 4221 Ego
1198 4139 1328 4206 Lucbas
1361 4140 1514 4209 venture

917 4244 956 4309 de
978 4245 1130 4328 Eugubio
1157 4245 1314 4313 Publicus
1340 4249 1514 4333 imperiali

486 4349 526 4432 (J
527 4353 636 4434 egyzdi
652 4352 752 4435 jesbi
917 4351 1126 4420 Auctoritate
1145 4354 1314 4436 Notarius,
1330 4355 1515 4428 8101111111-

919 4459 959 4526 lis
1011 4460 1306 4532 Extraordinarius
1349 4471 1515 4550 presentis
