3226 5254
627 323 722 383 1380.
1175 325 1236 385 373

119 512 170 558 rus
184 490 339 558 Notarius
348 494 578 579 infrascriptus
594 519 653 581 per
663 499 903 583 guarentigiam
913 499 1042 566 nomine
1050 498 1237 584 juramenti,

116 606 207 680 prout
230 599 309 666 mihi
334 600 429 668 licuit
454 610 487 670 et
510 606 596 686 licet,
613 606 789 673 secundum
806 605 943 673 formam
960 606 1104 691 capituli,
1120 609 1238 674 statuti

1 727 8 738 ·
116 712 146 770 et
161 708 374 776 ordinamenti
390 709 579 780 Communis
595 715 770 782 Florentia
786 715 826 781 de
842 714 1050 800 guarentigia
1062 716 1238 799 loquentis,

116 823 265 898 quatenus
289 803 445 904 predicte¹
464 822 573 888 omnia
595 830 628 889 et
645 823 781 907 singula,
797 822 901 891 modis
918 830 951 889 et
967 823 1151 889 nominibus
1167 824 1236 908 qui-

115 919 168 987 bus
184 945 289 1012 supra,
305 928 492 1011 retendant,
508 928 631 996 faciant
646 935 679 995 et
695 929 876 1015 observent,
892 937 990 1015 prout
1006 949 1106 1014 supra
1116 932 1235 1014 promi-

1 1039 2 1082 i
115 1038 224 1114 serunt,
240 1035 426 1102 continetur
440 1043 474 1104 et
490 1037 647 1121 scriptum
664 1044 723 1105 est

175 1573 324 1660 (Jegyzoi
337 1575 440 1663 iesu)

639 1148 712 1232 Ego
737 1146 891 1213 Ristorus
916 1145 1002 1212 lilius
1027 1145 1165 1214 condam
1182 1167 1236 1213 ser

529 1253 1234 1339 Jacobi,oirisFlorentinus,Impericliauc·

528 1364 664 1428 toritate
679 1362 705 1428 J
706 1362 793 1428 udex
808 1359 1006 1428 Ordinarius
1022 1369 1055 1429 et
1072 1360 1231 1430 Notarius

529 1468 692 1554 Publicus,
709 1471 865 1555 predictis
876 1470 1024 1537 omnibus
1042 1476 1076 1536 et
1093 1471 1231 1555 singulis

531 1581 772 1664 suprascriptis,
798 1581 876 1646 dum
899 1587 1076 1665 agerentur
1090 1579 1234 1664 interlui,

529 1693 562 1752 et
588 1708 627 1754 ea
652 1689 761 1755 omnia
791 1695 824 1754 et
855 1687 986 1771 singula
1011 1687 1233 1772 suprascripta

531 1803 668 1881 rogatus
694 1797 807 1882 rogavi
833 1803 866 1862 et
896 1794 1093 1876 inbreviari,
1125 1802 1158 1862 et
1190 1799 1233 1864 ad

530 1923 664 1988 presens
688 1907 763 1971 aliis
788 1905 927 1989 negotiis
954 1909 1140 1987 occupatus,
1159 1925 1232 1989 pre·

532 2011 622 2078 dicta
648 2015 756 2081 omnia
787 2021 820 2080 et
851 2012 979 2096 singula
1009 2011 1233 2097 suprascripta

104 2114 290 2198 complenda
306 2123 339 2182 et
354 2117 553 2202 publicanda
569 2122 713 2188 commisi
729 2122 940 2206 infrascripto
957 2141 1010 2187 ser
1030 2121 1114 2206 Ligo
1124 2120 1231 2186 Fron-

1 2259 2 2298 2
103 2221 174 2287 circi
189 2224 224 2290 N
226 2225 332 2290 otardo
348 2224 488 2294 Publice
505 2254 512 2292 z
530 2235 564 2295 et
579 2229 653 2297 ideo
670 2252 721 2298 me
738 2229 916 2314 subscripsi
932 2235 965 2295 et
982 2229 1108 2314 signum
1126 2249 1231 2295 meum

1 2393 2 2402 ,
101 2334 233 2416 apposui
250 2341 450 2400 consuetum.

2 2789 3 2832 ÷
168 2762 435 2855 (Jegyzoijegy.)

635 2449 709 2533 Ego
726 2448 852 2533 Lighus
867 2447 954 2514 lilius
970 2448 1108 2515 condam
1127 2446 1232 2513 Fran·

527 2555 604 2620 cisci
619 2555 719 2640 Lighi
737 2556 776 2622 de
798 2555 893 2638 Loro,
911 2555 989 2622 civis
1005 2553 1228 2635 Florentinus,

526 2662 694 2748 Imperiali
705 2667 901 2731 auctoritate
910 2662 936 2728 J
936 2663 1019 2730 udex
1031 2661 1228 2729 Ordinarius

527 2777 560 2836 et
570 2770 729 2839 Notarius
741 2772 908 2853 Publicus,
918 2772 1065 2856 predicta
1076 2772 1187 2838 omnia
1195 2778 1228 2836 et

527 2878 656 2963 singula
672 2883 897 2965 suprascripta
920 2901 959 2946 ex
984 2879 1226 2946 imbreviaturis

529 2995 561 3053 et
586 2987 811 3072 rogationibus
838 2989 1052 3074 suprascripti
1078 3009 1130 3054 ser
1154 2987 1228 3053 Ris-

526 3098 590 3162 tori
607 3095 669 3163 Ser
685 3096 826 3181 Jaohopi
852 3095 984 3163 Notarii
1002 3095 1228 3180 suprascripti,

2 3223 3 3276 3
96 3197 206 3279 rigore
221 3201 456 3268 commissionis
471 3203 504 3268 in
521 3225 572 3270 me
587 3204 672 3271 lacte
687 3225 747 3290 per
764 3204 1020 3289 suprascriptum
1038 3201 1101 3269 Ser
1116 3203 1226 3269 Risto·

95 3325 164 3368 rnm
183 3304 224 3370 de
241 3306 399 3392 predicta,
414 3310 524 3376 omnia
539 3318 572 3376 et
589 3311 719 3396 singula
745 3311 970 3404 suprascripta
986 3309 1179 3393 complendo
1195 3315 1227 3376 et

95 3413 298 3498 publicando,
309 3417 467 3500 complevi
477 3418 693 3503 etpublicavi,
709 3426 742 3486 et
757 3421 792 3485 in
807 3420 892 3486 hano
907 3418 1070 3504 publicam
1085 3417 1225 3486 formam

2 3615 3 3622 ἵ
94 3522 225 3606 redegi3
250 3530 283 3589 ct
308 3527 396 3611 quod
412 3548 512 3611 supra
536 3529 569 3593 in
594 3529 701 3613 prima
731 3529 817 3595 linea
848 3533 1050 3612 acceptatum
1074 3532 1126 3592 est
1140 3526 1227 3594 inter

2 3693 3 3700 ,
93 3631 154 3697 hec
168 3631 268 3698 rerba
283 3636 509 3702 trecentesimo
525 3643 559 3701 et
574 3635 759 3720 indictione,
775 3641 807 3702 et
825 3637 981 3720 scriptum
997 3640 1046 3700 est
1061 3632 1107 3698 ibi
1124 3653 1224 3716 supra

93 3743 200 3824 prima
215 3739 303 3806 linea
314 3743 347 3806 in
359 3740 610 3810 beneditionem
623 3745 885 3828 ›octuagesimo‹
900 3763 972 3808 mea
980 3741 1115 3826 propria
1125 3761 1224 3804 manu

93 3849 208 3932 scripsi
226 3855 259 3914 et
271 3851 451 3933 acceptavi.
478 3849 560 3917 Ideo
576 3872 627 3917 me
653 3849 830 3934 subscripsi
847 3855 885 3916 et
897 3850 1024 3934 signum
1045 3868 1150 3914 meum
1169 3867 1224 3932 ap-

3 3961 4 3974 ’
93 3958 186 4040 posui
202 3963 400 4025 consuetum

91 4103 231 4164 (Eredetie
243 4105 422 4169 bbrhdrtytn
435 4119 467 4154 az
483 4105 561 4155 »Atti
573 4105 678 4170 publici
691 4105 720 4154 di
732 4105 848 4168 Neapoli«
865 4105 941 4155 VIII.
959 4103 1113 4169 kdtegtbsn
1128 4102 1222 4156 XVII.
1253 4141 1262 4184 ἦ,

381 4209 418 4245 sc.
432 4209 466 4257 a,
481 4210 498 4245 a
510 4195 640 4245 florenoci
652 4210 726 4260 nagy
740 4195 933 4259 leveltdrbsn.)

578 4357 634 4366 ιο·-
652 4356 736 4366 -——-·-
