3226 5258
616 351 713 446 reri,
1190 375 1229 444 13

3 583 5 640 ς
97 575 178 622 nam
193 562 325 641 petram
340 557 483 642 positum
507 559 680 641 intuemur,
707 560 785 642 quia
808 565 901 625 tuam
915 558 1127 627 devocionem
1141 561 1230 644 inge

3 665 4 694 ³
97 685 191 730 nuam
206 687 285 732 vere
299 665 386 752 fidei,
413 688 476 751 que
499 668 535 733 in
558 673 663 752 petra,
688 666 838 734 videlicet
862 667 895 732 in
922 665 1055 736 Ohristo
1072 668 1231 748 consistit,

3 855 4 860 ἵ
98 775 283 839 constantia
299 773 474 857 roborasti,
490 775 670 859 parietibus
687 795 816 859 quoqne
831 781 962 842 constat
977 775 1137 860 eburneis,
1152 777 1231 865 quia

3 887 4 890 ’
99 881 202 946 clarus
229 881 375 966 undique
401 882 542 948 candore
567 885 757 949 meritorum
773 884 808 948 in
824 881 935 948 multis
951 880 1102 967 gentibus
1119 881 1230 949 ambu-

99 987 242 1054 lantibus
258 989 295 1052 in
311 988 433 1054 lumine
447 989 554 1055 vultus
576 991 626 1056 tui
642 989 810 1072 subsistit;
833 989 967 1074 insuper
983 989 1169 1055 sublimium
1185 989 1231 1056 al·

100 1097 237 1164 titudine
253 1098 511 1182 columpnarum,
526 1101 605 1184 quia
621 1098 865 1166 circumamicta
876 1099 1056 1164 dinosceris
1071 1099 1229 1164 varietate

101 1205 265 1286 virtutum,
290 1205 408 1289 quibus
433 1212 468 1272 te
493 1203 581 1291 Syon
604 1205 706 1273 filiam
731 1227 770 1270 ex
794 1207 862 1272 alto
878 1205 1037 1272 Dominus
1052 1205 1231 1289 insignivit,

101 1317 225 1380 ustura
239 1333 358 1397 nempe
382 1313 478 1380 huius
503 1313 622 1380 edificii
648 1315 810 1380 claritatis
835 1319 892 1379 tue
914 1312 1083 1398 plenitudo
1099 1313 1230 1398 figurat,

103 1443 159 1504 que
175 1421 303 1505 Regios
319 1421 451 1506 perficis
464 1429 557 1489 actus
573 1423 608 1487 in
624 1421 753 1504 bonum,
769 1427 802 1488 et
817 1422 893 1488 illos
917 1420 990 1487 Deo
1009 1421 1226 1506 peramabiles

101 1528 293 1614 obsequiosa
316 1529 378 1595 tibi
403 1529 579 1596 sedulitate
603 1538 784 1616 presentes.
808 1529 861 1596 Ex
885 1529 949 1594 hiis
966 1530 1112 1616 profecto
1128 1529 1228 1596 liliam

101 1639 177 1702 satis
194 1637 364 1704 evidenter
389 1639 542 1722 ostendis,
568 1639 655 1723 quod
681 1639 761 1704 inte
785 1638 877 1706 Deus
902 1638 1078 1706 clementer
1107 1638 1230 1704 infudit

101 1746 248 1810 timorem
274 1745 324 1811 sui
350 1747 500 1829 nominis,
525 1753 558 1812 et
584 1767 737 1829 amorem,
762 1745 837 1813 dum
863 1745 988 1814 Christi
1009 1746 1180 1817 Vicarium
1197 1751 1229 1810 et

101 1850 281 1920 Romanam
297 1855 482 1921 Ecclesiam
497 1854 643 1922 Matrem
659 1862 750 1922 tuam
765 1856 858 1922 clara
874 1856 1041 1923 devotione
1056 1875 1229 1940 proseque-

102 1963 150 2043 ris,
165 1962 401 2047 Ecclesiasque
427 1971 461 2029 et
486 1983 640 2047 personas
668 1962 908 2030 ecclesiasticas
934 1962 1036 2029 habes
1052 1982 1179 2046 semper
1195 1962 1228 2026 in

3 2087 5 2158 j
102 2066 230 2150 bonore,
246 2092 423 2155 earumque
439 2072 512 2137 iura
527 2077 628 2155 atque
643 2072 730 2138 bona
745 2072 892 2156 protegis
907 2076 940 2138 et
957 2068 1112 2152 delendis,
1129 2071 1229 2135 earis-

103 2177 215 2242 simum
230 2179 266 2242 in
283 2175 417 2244 Christo
434 2177 536 2244 filium
561 2186 710 2245 nostrum
734 2179 935 2246 Ludovicum
955 2175 1102 2262 Vngarie
1119 2184 1151 2242 et
1166 2177 1229 2243 Po·
1304 2183 1307 2190 '

101 2283 181 2350 lonis
196 2284 324 2370 Regem
338 2286 512 2370 illustrem,
527 2293 642 2353 natum
667 2293 768 2371 tuum,
783 2287 826 2354 ad
842 2287 877 2353 id
893 2307 1021 2374 semper
1036 2283 1225 2352 efficacibus

4 2437 5 2440 ,
102 2391 215 2474 studiis
242 2391 435 2460 inducendo.
460 2393 605 2478 Ideoque
630 2394 735 2479 Regia
751 2391 946 2461 Celsitudini
962 2393 1140 2478 condignas
1156 2414 1228 2478 gra·

101 2501 217 2566 tiarum
232 2505 379 2568 actiones
404 2502 438 2568 in
464 2501 607 2568 Domino
632 2501 818 2584 relerentes,
842 2501 998 2568 Divinam
1012 2501 1226 2585 imploramus

102 2607 315 2691 clementiam,
330 2616 369 2674 ut
384 2609 448 2690 ille,
464 2610 498 2675 in
515 2610 606 2678 cuius
622 2633 720 2677 manu
735 2609 910 2695 Regalium
925 2608 1025 2676 corda
1040 2607 1229 2689 consistunt,

104 2723 135 2779 et
148 2716 207 2782 ubi
221 2718 371 2804 voluerit,
387 2739 447 2802 pro
457 2719 665 2804 beneplacitp
682 2741 737 2785 sue
752 2718 929 2786 uoluntatis
946 2717 1090 2800 inclinat,
1100 2715 1229 2784 Sereni-

99 2828 198 2889 tatem
226 2826 331 2893 Tuam
346 2827 381 2892 in
394 2826 458 2893 hoc
473 2827 592 2894 ardore
617 2825 701 2908 fidei,
717 2828 751 2892 in
768 2826 830 2891 hac
854 2825 1026 2892 devotione
1052 2825 1179 2909 mentis,
1194 2825 1228 2890 in

101 2931 161 2997 boc
176 2934 303 3018 integre
319 2932 491 3018 religionis
516 2934 626 3000 studio
642 2935 676 2999 in
692 2939 840 3018 tempora
866 2932 1017 3017 longiora
1034 2953 1227 3000 conservans

98 3041 272 3108 virtutibus
296 3042 362 3107 tuis
388 3063 513 3126 semper
538 3041 670 3124 adiciat,
694 3048 727 3107 et
751 3042 842 3124 ipsa's
858 3039 1046 3106 successivis
1066 3041 1229 3126 adaugeat

100 3148 317 3216 incrementis.
334 3149 443 3216 Porro
459 3171 531 3216 cum
557 3169 677 3216 summe
698 3149 792 3218 nobis
807 3149 898 3216 cordi
916 3150 968 3232 sit,
984 3148 1148 3234 prelatum
1163 3151 1228 3216 Re·

97 3279 170 3340 gem
187 3256 336 3343 Vngarie
360 3264 474 3325 natum
502 3267 604 3341 tuum,
628 3265 663 3325 et
687 3260 890 3328 carissimum
914 3259 949 3325 in
976 3255 1109 3325 Christo
1124 3257 1226 3324 filiurn

95 3373 244 3432 nostrum
269 3366 425 3434 Cerolum
449 3366 672 3434 Romanorum
697 3367 933 3452 Imperatorem
962 3364 1097 3452 Semper
1112 3369 1227 3451 Augu·

97 3481 184 3539 stum
201 3475 284 3541 inter
300 3496 335 3540 se
352 3475 549 3542 dissidentes
576 3476 618 3541 ad
642 3476 761 3543 bonam
779 3475 986 3542 concordiam
1001 3495 1153 3541 revocare
1169 3471 1226 3542 Se·

95 3582 270 3648 renitatem
295 3580 402 3648 'luam
427 3583 521 3648 nobis
546 3604 657 3649 caram
681 3583 862 3668 rogandam
878 3583 1028 3649 dammas
1043 3589 1076 3649 et
1092 3582 1225 3650 hortan-

95 3685 183 3772 dam,
212 3692 363 3773 quatinus
387 3712 448 3775 pro
474 3692 578 3757 nostri
595 3697 628 3757 et
642 3687 836 3774 Apostolice
862 3687 957 3756 Sedis
981 3691 1173 3772 reverentia,
1187 3709 1226 3756 ao

94 3799 198 3864 etiam
222 3803 274 3862 tue
298 3798 426 3882 salutis,
459 3803 493 3864 et
507 3797 637 3883 publice
662 3797 813 3865 utilitatis
836 3798 957 3864 intuitu
982 3799 1088 3882 ipsum
1101 3795 1226 3880 Regem

95 3904 246 3989 Vagarie
262 3904 304 3971 ad
319 3904 441 3972 bonam
457 3927 571 3990 pacem
588 3912 622 3971 et
638 3904 845 3972 concordiam
861 3926 934 3970 cum
950 3905 1064 3970 eodem
1082 3903 1227 3988 Impera·

94 4019 171 4078 tore
188 4013 371 4080 habendam
397 4012 546 4080 omnibus
561 4015 623 4080 viis
640 4019 674 4080 et
688 4005 792 4079 modis
809 4013 928 4095 quibus
943 4013 1066 4097 poteris
1082 4013 1226 4080 inducas.

96 4119 229 4186 Datum
249 4122 336 4206 apud
360 4118 600 4192 Villamnoram
626 4119 857 4188 avinionensis
881 4119 1029 4186 Diocesis
1053 4115 1133 4190 VII.
1154 4121 1228 4186 idus

100 4225 309 4314 Septembris
325 4229 542 4298 Pontificatus
556 4231 660 4296 nostri
676 4251 762 4296 anno
777 4229 890 4313 primo.

419 4375 480 4440 (XI.
494 4377 614 4442 Gergely
627 4377 699 4442 palpa
712 4375 897 4446 ragesttlbbl.)

583 4537 631 4546 uh·—
656 4541 661 4544 -
670 4533 742 4546 nd
