3172 5254
592 387 683 462 unc
1133 399 1191 468 tia

1 604 2 659 p
75 579 184 640 minum
201 577 376 656 Trinciam,
403 585 435 642 ct
462 576 641 642 Corradum
671 578 741 642 cius
766 599 954 660 germanum
973 579 1012 644 de
1030 581 1192 665 Fulgiuco

72 686 304 750 commendatos
330 689 502 770 suscipere,
529 694 561 750 et
585 687 618 749 in
635 687 760 751 cunctis
777 688 1022 753 occurrentibus
1040 690 1192 755 amicabi-

1 873 2 891 χ
73 794 139 860 liter
160 801 381 878 pertractarc3
406 801 438 858 et
463 800 577 859 contra
593 796 681 878 ipsos
699 799 757 859 aut
776 817 887 861 eorum
905 803 1018 877 terras,
1036 799 1124 879 quod
1142 808 1189 864 ta·

1 899 2 982 f
72 921 134 966 men
150 903 264 968 scimus
283 903 383 967 vestri
401 924 464 967 nou
482 922 551 968 essc
568 903 736 987 propositi,
748 903 866 968 nedum
884 905 1013 987 aliquid
1030 928 1094 971 non
1110 905 1194 972 frice-

1 995 2 1026 ³
74 1030 118 1088 rc,
139 1009 192 1074 scd
218 1010 425 1076 tentantibus
451 1011 620 1094 oportunis
647 1011 798 1077 remediis
824 1021 855 1078 et
882 1012 1038 1078 fraternis
1064 1017 1194 1081 auxiliis

1 1117 2 1153 l
75 1116 251 1184 contrahire.
279 1117 377 1201 Quod
403 1141 461 1184 nos
488 1119 588 1184 etiam
616 1118 705 1184 vobis
722 1119 835 1184 multis
852 1122 1054 1204 respectibus
1072 1124 1113 1188 ad
1130 1125 1194 1190 sin-

1 1227 2 1232 ’
74 1225 202 1304 gularem
228 1229 373 1309 gratiam
401 1227 609 1292 ascribemus.
634 1225 724 1290 Data
753 1225 920 1291 Florentio
954 1227 1005 1292 die
1032 1229 1191 1295 XXVlI.

1 1333 2 1388 i
76 1332 178 1394 nemis
193 1333 277 1416 lllaij
296 1333 422 1398 XllII.
440 1334 625 1400 indictione.

77 1477 183 1534 (liredeti
209 1479 425 1543 fogalvnazvany
452 1495 468 1529 a
496 1481 629 1544 :signori
654 1481 819 1544 carteggie.
854 1481 981 1530 blissive«
1007 1485 1059 1531 stlr.
1081 1483 1188 1546 osztaly

180 1569 269 1618 Xl'll.
284 1571 440 1635 kbtegeben
457 1575 498 1620 31.
512 1585 547 1618 sz.
563 1585 596 1631 a,
611 1587 627 1620 a
642 1571 772 1619 tlorenrzi
788 1585 861 1634 napy
875 1572 1072 1634 leveltr'vrbau.)

582 1859 654 1922 114.

73 2015 199 2106 llujos
214 2043 356 2107 stappae·
383 2022 414 2083 c's
440 2019 565 2105 lenpycl
591 2020 705 2106 cualy
730 2020 821 2084 leniti
848 2021 1087 2108 sepc'dbodclccl
1104 2021 1190 2086 cibor

379 2128 515 2192 tevidear·
532 2153 552 2190 o
570 2128 740 2212 pcipcinok.
769 2131 861 2192 ldi'b'.

164 2287 259 2354 Anno
276 2285 579 2354 MCCOLXXVI.
596 2287 774 2352 indictione
792 2287 889 2354 XlV.
904 2286 957 2352 die
967 2288 1070 2354 XIII.
1082 2290 1183 2354 Junii.

70 2392 222 2478 Capta:
249 2395 331 2461 Cum
359 2395 423 2461 duo
449 2394 701 2461 Ambaxiatores
738 2394 859 2459 ‹lomiui
887 2395 988 2480 Regis
1015 2395 1186 2478 Hungarie

69 2511 132 2584 post
145 2504 347 2572 amicabilem
375 2505 606 2570 salutationem
623 2503 830 2588 exposuerint
848 2503 1010 2586 Dominio,
1027 2505 1114 2589 quod
1131 2505 1187 2570 do-

68 2613 159 2678 minus
183 2613 264 2696 Rex,
292 2634 430 2696 sequens
456 2635 586 2679 suorum
613 2613 857 2696 progenitorum
884 2614 1029 2698 vestigia,
1046 2616 1101 2696 qui
1120 2615 1186 2680 fue·

69 2725 135 2785 runt
150 2729 392 2787 conservatores
418 2728 449 2786 et
478 2719 663 2786 defensores
691 2719 810 2785 Sancte
830 2719 948 2786 Matris
965 2721 1120 2802 Ecclesia
1139 2723 1185 2786 iu·

67 2829 161 2893 tendit
175 2831 313 2914 prebere
338 2829 493 2894 avvxilium
511 2835 541 2892 ct
559 2827 703 2892 savorem
729 2829 813 2892 dicto
833 2828 980 2893 Ecclesia
997 2851 1035 2894 ac
1052 2829 1183 2894 dominu

67 2933 145 3020 Papo
171 2938 211 3002 ad
239 2936 496 3020 recuperandum
525 2942 646 3000 statum
679 2959 772 3001 suurn
797 2957 857 3020 pro
883 2936 1091 3019 novitatibus,
1121 2959 1184 3019 que.

66 3041 141 3109 lacte
165 3055 240 3111 sunt
267 3050 301 3110 iu
327 3044 428 3110 ltalia
453 3065 511 3127 per
536 3043 674 3109 rebelles
702 3043 867 3123 Ecclesic;
892 3052 925 3110 ct
942 3043 1014 3107 idco
1031 3045 1097 3108 vult
1115 3046 1183 3127 ipsc

65 3151 200 3220 dominus
216 3156 290 3221 Rex
307 3156 397 3234 scire,
424 3155 451 3218 si
478 3155 509 3217 in
536 3174 622 3235 casu,
639 3173 703 3237 quo
720 3154 788 3236 ipso
805 3155 915 3218 mittat
931 3161 1044 3232 gentes
1061 3155 1092 3217 iu
1111 3152 1184 3218 sub-

64 3260 168 3326 sidium
184 3262 332 3328 Ecclesie
348 3269 381 3326 et
395 3262 582 3346 aliquorum
599 3264 775 3326 amicorum
793 3282 934 3342 suorum,
951 3261 1084 3325 velimus
1102 3259 1183 3325 darc

63 3389 180 3450 mum
195 3392 254 3455 per
274 3370 440 3436 territoria
451 3378 572 3450 nostra,
588 3393 627 3436 ac
644 3369 740 3436 ctiam
757 3369 912 3434 victualia
924 3368 1089 3451 predictis
1107 3389 1183 3450 geu·

63 3477 148 3563 tibus,
172 3487 203 3544 ct
230 3479 271 3543 de
297 3479 358 3544 lroc
386 3501 444 3543 nos
470 3479 628 3562 rogabat:
645 3478 734 3543 vadit
751 3499 838 3561 pars,
856 3477 968 3543 habito
982 3484 1130 3560 rcspcctu
1148 3478 1181 3541 iu

64 3606 179 3652 omnem
206 3595 345 3672 partem,
372 3585 458 3670 quod
485 3586 720 3672 respondeatur
748 3587 803 3667 cis,
826 3585 913 3669 quod
930 3607 988 3650 uos
1005 3585 1046 3650 ob
1065 3583 1183 3651 Sancte

64 3691 174 3762 Matris
198 3697 346 3762 Ecclesie
371 3695 595 3774 reverentiam,
622 3695 713 3758 cuius
743 3695 841 3759 etiam
859 3715 968 3758 sumus
986 3694 1183 3759 devotissimi

64 3805 219 3886 zelatores,
244 3808 366 3870 intuitu
393 3825 522 3888 quoque
547 3803 654 3884 Regie
680 3801 878 3884 ltlaiestatis,
903 3803 953 3867 cui
980 3809 1132 3885 optamus
1148 3801 1182 3865 iu

62 3915 175 3977 iunctis
201 3911 411 3996 possibilibus
437 3909 651 3977 libentissime
669 3911 886 3992 complacere3
912 3909 1020 3992 placet
1040 3908 1133 3975 nobis
1150 3915 1182 3974 et

61 4039 94 4081 ex
116 4041 197 4085 nuuc
223 4023 369 4086 conteuti
396 4041 514 4098 sumus,
543 4018 628 4101 quod
655 4023 777 4101 gentes,
804 4037 886 4099 quas
902 4015 1007 4100 Regia
1024 4013 1181 4081 Maiestas

60 4125 96 4189 ad
111 4129 290 4194 subsidium
302 4129 429 4212 prolate
440 4126 586 4193 Ecclesia
604 4134 636 4191 et
652 4127 828 4190 amicorum
846 4145 975 4189 suorum
994 4122 1179 4202 destinabit,

59 4237 187 4302 transire
212 4237 346 4302 valeant
371 4259 428 4320 per
454 4235 619 4301 territoria
646 4240 760 4300 nostra
775 4234 876 4298 libere
894 4239 926 4296 et
942 4230 1066 4313 absque
1083 4231 1181 4314 impe.-

61 4339 212 4428 dimeuto;
240 4345 358 4431 quibus
384 4367 443 4430 pro
469 4367 580 4412 eorum
597 4345 744 4429 pecuniis
770 4341 933 4408 subveniri
960 4340 1115 4404 faciemus
1141 4338 1181 4404 de

59 4452 241 4522 victualibus
266 4457 298 4519 in
317 4455 376 4536 his,
402 4475 464 4538 que
482 4454 647 4518 commode
663 4452 732 4517 fieri
758 4456 920 4536 poterunt,
936 4447 1180 4514 transeuntibus

61 4559 245 4644 ipsissimi
282 4563 418 4628 tirmiter
451 4585 625 4647 speramus,
652 4547 724 4626 rum
750 4560 835 4626 bono
862 4559 974 4624 ordine
1001 4566 1032 4622 et
1058 4557 1180 4638 absque

100 4699 159 4734 uos.
175 4703 255 4737 nuso.
272 4702 342 4736 uvsr.
360 4702 427 4736 urrc.
445 4709 486 4719 -
505 4700 571 4734 aava
588 4701 647 4734 uxr.
665 4700 702 4734 ru.
1052 4670 1069 4730 9
