3172 5254
424 351 486 413 um
773 365 1004 410 nnnnonmenmn
1022 353 1192 410 unnnnnnu.
1275 402 1281 412 ,

419 545 518 608 usqne
534 525 577 588 ed
593 527 697 607 ripam
725 525 825 607 ipsius
853 524 974 602 Plavis
991 525 1044 589 ubi
1065 546 1119 611 ros
1145 543 1321 608 parumper
1338 522 1492 602 distraxit,
1505 536 1528 585 et

418 633 534 700 habuit
550 633 665 710 dicere,
683 633 771 714 quod
782 634 891 698 omnia
907 654 946 698 ca
962 654 1023 716 quc
1034 654 1093 716 per
1103 634 1209 716 ipsum
1220 637 1293 697 acte
1304 631 1435 696 fueraut
1445 651 1529 714 usque

423 743 465 808 ad
491 741 612 807 dictam
639 741 734 820 diem,
760 742 828 824 ipse
854 747 933 807 nota
959 763 1084 825 semper
1112 741 1237 807 fecerat
1251 739 1372 809 Vestro
1389 738 1532 805 Dominio.

422 847 545 915 Verum
572 847 649 932 quia
676 870 734 913 nos
762 869 891 913 eramus
908 847 962 929 ibi,
977 855 1010 914 et
1027 847 1332 932 representabamus
1350 846 1532 912 Dominatio-

421 978 493 1021 nem
520 949 685 1038 Vestram,
712 955 843 1020 nolebat
869 956 962 1021 nobis
982 957 1143 1036 intimare,
1160 957 1245 1039 qnod
1262 956 1315 1020 die
1332 957 1465 1022 Veneris
1478 975 1533 1038 pre

422 1064 551 1132 cedenti
577 1087 679 1150 gener
705 1086 783 1129 suus
811 1063 969 1130 Nicolaus
991 1063 1136 1130 Olaudus
1151 1064 1192 1128 do
1210 1061 1429 1148 Spilimbergo
1445 1063 1532 1129 fueret

423 1173 465 1238 ad
483 1179 625 1240 castrum
654 1195 747 1238 suum
773 1195 833 1256 pro
860 1181 952 1256 parte
969 1180 1001 1237 et
1018 1195 1089 1238 cum
1106 1173 1226 1238 litteris
1246 1173 1369 1238 domini
1385 1172 1493 1237 Keroli
1507 1176 1545 1234 et.

301 1317 304 1320 ·
421 1281 559 1347 aliorum
584 1282 762 1365 Beronum,
787 1281 912 1365 sibique
931 1281 1091 1347 notificari
1108 1280 1238 1362 fecerat,
1256 1282 1345 1366 quod
1362 1281 1483 1348 volebat
1495 1280 1533 1362 ip-

423 1412 493 1456 sum
512 1389 655 1472 elloqui3
680 1389 860 1472 quodlicet
885 1387 992 1454 facere
1017 1388 1158 1454 voluerit
1183 1389 1294 1454 multis
1320 1389 1394 1474 alijs
1419 1386 1532 1464 vicibus,

421 1498 538 1582 quibus
563 1499 605 1564 ad
633 1520 705 1564 eum
728 1499 810 1578 fuit,
833 1520 918 1564 nunc
934 1505 1069 1582 propter
1087 1498 1309 1564 condictiones
1326 1505 1484 1582 presentes
1498 1494 1533 1558 f·

421 1607 465 1672 cit
476 1632 493 1688 3¹
506 1615 539 1673 et
554 1607 632 1672 dum
648 1613 734 1674 esset
750 1628 857 1672 secum
873 1607 929 1672 ille
944 1628 1046 1690 gener
1063 1629 1149 1684 suus,
1170 1609 1373 1691 presentavit
1388 1607 1447 1672 sibi
1462 1607 1531 1671 tine

295 1771 297 1774 .
421 1735 476 1780 ras
492 1715 658 1798 predictas
684 1714 805 1780 domini
832 1714 960 1794 Karoli‚
976 1717 1011 1779 iu
1036 1715 1154 1798 quibus
1178 1715 1378 1782 hortabatur
1393 1715 1433 1782 ad
1447 1713 1533 1799 proni·

419 1822 558 1888 dendum
576 1821 671 1889 factis
687 1823 765 1902 suis,
780 1829 813 1887 et
829 1821 917 1904 quod
933 1843 997 1887 uon
1013 1823 1221 1906 permitteret
1232 1845 1265 1888 se
1276 1823 1414 1903 destrui,
1429 1828 1459 1888 et
1472 1821 1532 1886 loca

421 1953 487 2011 sua,
503 1937 536 1995 et
553 1930 639 2014 quod
664 1931 747 1998 bene
772 1929 908 1995 ridebat
932 1929 1150 1996 conditionem
1165 1930 1408 1997 Domiuetiouis
1424 1929 1533 2006 Vestro,

420 2063 493 2106 oum
518 2041 629 2107 multis
655 2041 730 2124 alijs
757 2041 844 2106 circa
870 2039 931 2105 hoo
956 2038 1160 2105 facientibus.
1193 2041 1269 2124 Ipse
1295 2048 1402 2106 autem
1427 2038 1494 2102 nisis
1508 2041 1534 2099 et

421 2151 598 2217 intellectis
624 2150 722 2216 dictis
747 2149 879 2232 litteris,
907 2156 939 2214 et
966 2149 1128 2215 intellecto
1144 2171 1274 2233 genero,
1289 2150 1404 2214 habuit
1421 2135 1533 2230 respon·

419 2257 516 2340 dere3
540 2259 628 2342 quod
644 2259 776 2325 nolebat
792 2259 967 2324 terminum
991 2264 1064 2324 octo
1081 2259 1207 2323 dierum
1223 2258 1266 2324 ad
1282 2255 1533 2342 respondendum.

419 2366 552 2431 Etcum
569 2366 620 2432 his
637 2368 744 2433 verbis
770 2367 875 2432 dictus
901 2367 968 2450 ejus
992 2387 1093 2450 gener
1109 2367 1251 2446 recessit,
1267 2372 1301 2431 et
1318 2366 1405 2450 quod
1420 2368 1530 2448 propte

420 2494 476 2539 rea
492 2496 551 2540 nos
567 2473 716 2560 rogabat,
732 2475 818 2558 quod
835 2475 985 2558 predicta
1000 2473 1193 2539 deberemus
1211 2482 1289 2539 note
1305 2474 1413 2542 facere
1428 2469 1533 2536 Vestm

419 2578 584 2663 Dominio,
619 2583 699 2666 quid
724 2582 805 2647 velle
832 2604 895 2648 non
923 2583 1039 2649 debere
1066 2583 1317 2648 destructionem
1335 2604 1445 2662 suam3
1470 2578 1533 2662 qnnia

418 2689 525 2774 ipsum
550 2689 706 2758 Vestrum
734 2689 927 2756 Dominium
952 2697 1083 2774 poterat
1108 2712 1177 2756 esse
1209 2691 1430 2771 certissimum,
1459 2681 1532 2770 quod

419 2817 546 2881 semper
563 2799 596 2864 in
607 2819 798 2883 quocunque
809 2805 898 2864 statu
909 2803 943 2863 et
953 2798 1137 2863 conditione
1149 2803 1267 2878 esseut,
1278 2799 1343 2882 ipsi
1353 2805 1456 2864 essent
1466 2794 1534 2862 Ves-

418 2908 461 2970 tri
474 2904 633 2991 Dominij,
642 2913 679 2971 ut
691 2927 775 2971 nunc
785 2914 869 2986 sunt,
880 2927 953 2972 cum
963 2905 1074 2971 multis
1090 2906 1163 2990 alijs
1174 2906 1281 2972 verbis
1292 2905 1379 2972 cirea
1388 2904 1469 2969 hano
1478 2923 1534 2966 sen·

419 3019 474 3078 ten
485 3015 628 3080 aiennldt
639 3036 735 3098 super
746 3014 806 3080 hoo
816 3014 900 3079 dixit
911 3015 1037 3079 misisse
1047 3035 1123 3079 suos
1133 2995 1382 3080 Ambasiatores
1393 3011 1533 3080 Venetias
1571 3015 1573 3076 ζ

419 3143 479 3204 pro
496 3128 591 3206 parte
608 3143 675 3203 sua,
692 3128 725 3186 et
742 3121 863 3188 domini
889 3121 1075 3187 Rambaldi.
1102 3124 1172 3189 Nos
1196 3123 1276 3206 ipsis
1303 3121 1408 3188 verbis
1429 3117 1534 3184 audilis

419 3229 541 3295 hortati
557 3229 677 3296 fuimus
692 3251 765 3296 eum
790 3250 848 3312 per
874 3250 999 3294 omnem
1018 3231 1149 3296 modum
1166 3253 1231 3313 quo
1255 3230 1406 3296 scivimus
1422 3229 1461 3294 ad
1475 3245 1535 3310 per·
1571 3295 1572 3298 ,

419 3338 633 3404 severendum
650 3339 684 3404 in
700 3339 866 3423 proposito
893 3359 960 3419 suo,
987 3338 1132 3404 diceutes
1158 3338 1245 3423 quod
1270 3361 1334 3405 non
1352 3339 1535 3404 dubitarent
1571 3385 1572 3388 η

420 3447 509 3528 quod
522 3467 582 3529 pro
597 3453 686 3512 certo
712 3446 902 3512 Dominatio
929 3444 1051 3513 Vestra
1075 3447 1208 3514 habebit
1235 3450 1324 3530 ipsos
1343 3454 1376 3514 et
1389 3447 1474 3514 facta
1488 3461 1535 3506 sua

419 3559 456 3618 ut
471 3555 604 3637 propria
620 3556 845 3635 recommissa3
869 3560 902 3619 et
919 3553 1007 3636 quod
1024 3575 1121 3638 super
1138 3556 1199 3620 hoc
1215 3575 1272 3620 nos
1288 3557 1386 3622 nobis
1416 3553 1535 3619 dedera-

419 3663 460 3727 tis
478 3662 619 3746 speoiale
634 3663 837 3742 mandatum,
854 3661 941 3744 quod
958 3660 999 3725 de
1017 3663 1096 3745 ipsis
1112 3669 1144 3730 et
1162 3663 1258 3730 rebus
1276 3667 1345 3730 suis
1361 3663 1535 3730 deberemus

417 3768 523 3836 facere
540 3778 572 3837 et
588 3790 767 3854 procurare
781 3776 818 3835 ut
835 3769 875 3834 de
892 3769 989 3834 rebus
1006 3771 1242 3856 principalibus
1266 3773 1382 3838 Vestri
1397 3765 1536 3847 Dominij.

418 3875 584 3942 Sensimus
600 3880 633 3942 in
651 3876 771 3957 Sacili),
788 3883 821 3942 et
838 3879 1121 3960 etiampostquam
1138 3879 1191 3945 hic
1206 3880 1331 3946 fuimus
1348 3879 1474 3946 aliunde
1490 3876 1536 3939 ba·

417 3985 555 4068 buimus,
572 3988 659 4071 quod
675 3989 701 4055 J
702 4008 862 4053 auueuses
888 3986 1057 4050 noluerunt
1084 3988 1223 4055 vendere
1240 3987 1394 4072 Clugiam
1411 3988 1536 4055 Domino

417 4091 532 4160 Padue
550 4095 678 4163 ducatis
695 4095 763 4176 L¹¹¹;
779 4103 811 4160 et
821 4095 906 4179 quod
918 4095 995 4159 dum
1007 4101 1093 4159 esset
1103 4098 1196 4178 quasi
1207 4099 1404 4181 completum
1424 4111 1537 4162 ooucor·
1566 4143 1571 4150 .

418 4201 524 4286 dium,
548 4205 609 4289 ipsi
621 4205 1212 4292 Januensespresenseruutquantum
1228 4205 1538 4273 DominatioVestra

417 4309 560 4377 habebat
571 4319 604 4377 et
613 4312 815 4396 percipiebat
834 4312 873 4377 de
890 4310 1079 4377 introitibus
1091 4315 1192 4396 ipsius
1204 4312 1333 4398 Clugie‚
1349 4335 1388 4378 ex
1399 4334 1462 4397 quo
1477 4327 1536 4394 pos

417 4425 469 4485 tea
479 4425 685 4486 retraxerunt
697 4441 730 4484 se
746 4441 767 4484 e
783 4427 937 4500 mercato,
955 4425 988 4483 et
1005 4419 1156 4486 dicebant
1166 4429 1281 4505 posteo
1300 4421 1388 4506 quod
1404 4420 1537 4486 nolebant

418 4525 496 4590 00³¹
518 4525 663 4592 ducatos.
681 4526 775 4610 Quod
792 4535 903 4592 notum
918 4527 1056 4592 facimus
1077 4529 1200 4596 Vestro
1210 4529 1376 4610 Dominio,
1393 4535 1428 4592 nt
1445 4528 1470 4592 si
1485 4521 1537 4588 sibi
