3134 5254
385 381 447 442 250
738 401 972 446 ornnouneztm
991 387 1158 445 animuum

381 559 436 642 laj,
453 565 486 624 et
500 559 591 624 ducti
610 565 686 624 sunt
703 561 737 624 in
753 560 885 644 longum
901 561 1128 645 usquemodo.
1149 560 1239 628 Nam
1258 562 1491 630 firmiterteneat

381 665 503 732 Vestra
519 667 718 750 Dominatio,
729 668 818 750 quod
830 669 962 750 quando
973 691 1034 752 ogo
1044 669 1069 734 J
1071 671 1218 736 ohannes
1228 671 1337 736 redivi
1354 671 1392 734 do
1409 671 1492 736 l'ene-

379 778 434 862 tijs
451 780 484 842 in
501 775 656 858 Sacilum,
673 779 739 842 nisi
756 779 802 843 eis
822 778 901 844 data
917 779 1034 845 fuisset
1050 781 1189 845 intentio
1199 781 1426 863 recognitionis
1441 781 1491 846 Do·

379 887 469 970 minij
486 885 643 970 predicte,
658 886 722 970 ipsi
738 891 817 952 tunc
832 889 987 971 temporis
1024 888 1146 971 absque
1172 889 1328 954 dilatione
1354 891 1492 953 uenissent

381 997 422 1061 ad
439 994 689 1078 expugnandam
705 995 896 1060 fortihciam
912 995 1112 1080 predictam,
1129 997 1319 1079 quambene
1345 998 1428 1062 norit
1440 995 1490 1060 Do

378 1103 514 1168 minatio
531 1099 653 1169 Vestra
670 1103 814 1185 qualiter
830 1102 870 1168 de
887 1104 1038 1169 omnibus
1049 1111 1127 1170 tunc
1153 1106 1310 1189 temporis
1325 1111 1396 1170 erat
1411 1106 1440 1168 in
1453 1125 1492 1168 or·

378 1211 454 1278 diue
470 1218 620 1294 respectu
636 1211 734 1291 illius,
751 1213 829 1294 quid
846 1219 896 1278 est
909 1213 952 1278 ad
967 1233 1059 1297 prese
1072 1235 1118 1278 ns.
1135 1214 1293 1279 Prediota
1309 1235 1372 1278 non
1387 1213 1493 1293 absque

377 1320 566 1386 rationabili
583 1341 681 1385 cause
701 1321 854 1387 Dominio
871 1320 1003 1389 Vestro
1029 1323 1240 1404 denotamus3
1267 1323 1344 1404 quia
1368 1323 1492 1388 norimus

377 1430 411 1493 in
429 1425 575 1495 Consilio
596 1427 714 1494 Vestro
725 1429 853 1513 aliquos
869 1429 977 1509 tuisse,
994 1431 1050 1514 qui
1068 1431 1142 1494 viva
1161 1452 1240 1496 voce
1256 1430 1413 1510 dixerunt,
1421 1427 1492 1511 quod

377 1537 505 1602 utinam
520 1559 581 1620 ego
592 1537 617 1602 J
619 1538 761 1604 ohannes
780 1536 967 1604 Gredonico
983 1559 1149 1621 nunquam
1167 1539 1329 1604 venissem
1347 1538 1492 1604 Venetiae

377 1644 464 1712 Veni
474 1647 559 1710 enim
570 1646 610 1711 de
621 1648 789 1712 voluntate
800 1653 833 1711 et
848 1648 1049 1713 conscientia
1065 1653 1174 1712 vestro
1185 1671 1192 1726 ;
1204 1653 1237 1712 et
1251 1647 1324 1731 ejus
1336 1647 1492 1713 adventum

378 1759 456 1820 tunc
473 1755 641 1838 temporie,
658 1760 691 1817 et
707 1755 805 1819 etiam
824 1777 908 1820 nnnc
934 1756 1064 1821 omnino
1090 1756 1316 1820 necessarium
1341 1753 1432 1818 fuisse
1446 1775 1493 1836 pu·

376 1865 483 1926 tamus
510 1863 615 1926 causis
642 1867 673 1924 et
709 1859 893 1927 rationibus
918 1861 1104 1944 prelibatis.
1128 1859 1238 1925 Unum
1265 1863 1355 1926 enim
1379 1860 1492 1927 silencio

377 1991 441 2034 non
457 1970 696 2052 postponimus
719 1970 873 2052 quodpor
885 1969 1077 2034 mandatum
1089 1970 1122 2034 in
1139 1970 1270 2052 scriptis
1288 1971 1382 2035 nobis
1393 1988 1492 2052 appor-

377 2083 561 2170 tatumper
578 2099 629 2142 me
654 2077 850 2142 Zachariam
867 2097 932 2142 non
953 2098 1124 2160 possumus
1151 2076 1322 2143 coeludere
1349 2079 1382 2142 in
1398 2077 1491 2159 aliquo

378 2207 450 2252 cum
460 2183 729 2268 dominoRegect
739 2185 850 2269 aliquo
859 2184 1087 2268 colligatorum
1099 2201 1240 2268 suorum,
1250 2185 1373 2268 absque
1384 2184 1489 2250 Vestro

379 2292 619 2358 Dominationis
636 2295 768 2360 licentia
799 2294 851 2360 rel
867 2293 1037 2376 mandato;
1064 2299 1216 2360 tenemus
1242 2297 1328 2358 enirn
1353 2313 1409 2377 pro
1431 2313 1492 2356 oon-

377 2403 488 2484 stanti,
505 2401 592 2484 quod
608 2403 640 2466 in
657 2403 721 2468 isto
738 2403 879 2468 adventu
894 2402 1053 2466 Dominus
1069 2402 1185 2466 Padue
1201 2408 1235 2467 et
1265 2401 1291 2468 J
1292 2422 1443 2468 anuenses
1456 2397 1491 2463 ad

378 2531 527 2592 eampum
542 2509 667 2576 nollent
682 2510 812 2576 omnino
830 2510 863 2573 in
874 2510 1007 2592 longum
1032 2509 1191 2592 protrahi,
1216 2509 1274 2575 sed
1297 2512 1362 2576 cito
1378 2531 1432 2575 nos
1447 2528 1491 2572 er·

377 2617 510 2699 pedient
528 2617 569 2682 ab
587 2618 643 2697 eis,
654 2623 686 2684 et
701 2640 760 2700 pro
777 2623 871 2684 tanto
882 2617 925 2682 ad
942 2618 1206 2682 exonerationem
1216 2625 1362 2684 nostram
1371 2617 1490 2684 sueinus

377 2723 644 2790 Dominationem
659 2722 815 2790 Vestram
833 2725 1005 2808 perosam,
1031 2723 1119 2808 quod
1135 2725 1311 2809 provideat
1327 2748 1419 2810 super
1433 2723 1487 2788 lac·

377 2834 419 2896 tis
436 2833 511 2898 suis.
528 2832 615 2916 Quia
630 2833 723 2898 nohis
739 2833 877 2914 videtur,
895 2833 984 2915 quod
1009 2834 1194 2898 necessario
1221 2855 1302 2916 opus
1327 2841 1383 2899 est.
1412 2833 1491 2898 Insu-

377 2961 436 3022 per
452 2939 605 3005 Dominio
621 2939 743 3008 Vestro
769 2941 1005 3006 instantissime
1031 2940 1259 3024 supplicamus
1285 2947 1437 3025 quatenus
1450 2939 1489 3004 di-

376 3052 496 3129 gnetur
511 3048 684 3131 providere
700 3047 739 3113 de
765 3047 873 3112 (lando
899 3048 992 3113 nobis
1017 3048 1163 3130 aliquam
1189 3056 1320 3113 zeutam
1345 3047 1487 3112 nobilium

376 3162 569 3237 nostrorum,
585 3156 728 3245 utuohis
745 3155 915 3221 videbitur.
932 3154 1019 3222 Nam
1035 3162 1225 3239 reputamus
1242 3177 1301 3222 nos
1328 3157 1409 3220 solos
1431 3176 1490 3219 om·

377 3264 453 3328 nino
478 3263 711 3329 insufficientes
737 3264 840 3329 tantis
868 3271 990 3330 ettam
1023 3265 1133 3330 arduis
1158 3265 1264 3344 factis,
1291 3266 1373 3329 etin
1390 3262 1492 3347 quihus

376 3377 540 3444 tractatur
556 3373 596 3436 de
611 3379 707 3438 tanta
732 3373 875 3438 novitate
902 3373 1010 3438 fienda
1036 3375 1136 3438 statui
1163 3373 1389 3442 Venetiarum.
1404 3371 1444 3436 Et
1459 3387 1491 3432 eo

376 3480 515 3544 maxime
536 3481 634 3544 etiam
649 3501 708 3545 nos
727 3480 963 3547 insufficientes
988 3487 1187 3564 reputamus,
1214 3481 1328 3562 quiae
1353 3485 1439 3563 parte
1454 3474 1492 3540 al·

376 3595 447 3652 tera
464 3587 724 3654 adversariorum
742 3595 922 3654 vestrorum
949 3597 1023 3654 sunt
1049 3591 1083 3653 in
1099 3610 1232 3654 numero
1249 3610 1352 3672 propo
1382 3581 1486 3668 viginti

377 3696 542 3778 inquibus
559 3703 633 3761 sunt
657 3698 752 3762 multi
778 3698 971 3763 excellentes
997 3698 1155 3763 Doctores
1182 3703 1215 3762 et
1230 3697 1255 3763 J
1256 3695 1425 3781 urisperiti‚
1442 3711 1493 3756 nec

376 3825 441 3868 non
461 3811 493 3868 et
509 3805 563 3888 alij
578 3805 671 3870 multi
683 3806 917 3888 sapientissimi
934 3807 1003 3888 viri,
1020 3813 1052 3871 et
1070 3807 1195 3889 experti
1211 3806 1244 3869 in
1262 3805 1389 3889 magnis
1402 3807 1432 3866 et
1448 3821 1493 3864 nr·

376 3912 447 3976 duis
464 3912 558 3978 factis
575 3913 696 3994 mundi,
712 3920 749 3979 ut
765 3915 823 3978 hec
839 3915 948 3980 omnia
964 3936 1024 3997 ego
1035 3913 1068 3978 N
1070 3916 1193 3979 ieolaus
1214 3913 1336 3980 Vestro
1352 3908 1493 3977 Dominio

377 4019 497 4085 seriose
512 4028 663 4086 oretenus
685 4022 850 4105 explicavi.
878 4021 1036 4087 Dominus
1064 4021 1241 4088 Generalis
1258 4023 1330 4088 heri
1355 4039 1444 4085 mane
1460 4015 1495 4080 de

376 4129 544 4194 voluntate
560 4134 593 4193 et
610 4131 806 4195 conscientia
823 4137 935 4196 nostra
951 4130 1015 4196 fuit
1033 4130 1075 4195 ad
1093 4151 1261 4213 eampum3
1277 4151 1352 4194 nam
1368 4129 1415 4193 die
1430 4144 1497 4208 prc-

376 4235 503 4300 cedenti
519 4257 577 4318 per
594 4237 755 4319 quendam
780 4236 918 4302 fratrem
935 4237 972 4302 M
982 4239 1115 4313 inorem,
1144 4258 1239 4319 quem
1255 4237 1443 4301 miseramus
1458 4229 1497 4294 ad

376 4364 525 4426 campum
540 4343 723 4426 predictum
739 4345 781 4410 ad
797 4347 962 4428 presentie
970 4347 1070 4411 ndum
1096 4345 1135 4410 de
1151 4346 1250 4426 nouis,
1268 4351 1302 4408 et
1318 4364 1374 4427 pro
1389 4345 1496 4405 nostro

377 4472 489 4516 securo
506 4451 676 4532 conductu,
703 4453 781 4534 quie
800 4459 910 4519 noster
937 4475 1038 4538 quem
1065 4453 1263 4520 habebamus
1291 4453 1497 4534 expilaverat,

378 4557 526 4625 dominus
540 4560 723 4646 Episcopus
738 4558 762 4626 J
764 4562 922 4632 auriensis
939 4563 1028 4630 misit
1043 4563 1105 4630 sihi
1121 4559 1267 4643 dicendo,
1283 4558 1367 4646 quod
1382 4559 1447 4623 iret
1457 4554 1497 4622 ad
