3182 5252
384 375 448 438 556
737 394 973 440 urenouaczrar
988 379 1154 438 1111111111.

383 554 491 616 simus,
518 551 572 617 Ad
600 535 658 618 bec
685 554 772 636 quod
798 555 945 618 dominus
966 553 1124 636 Alnysius
1150 553 1298 636 prelatus
1315 560 1348 615 et
1365 549 1508 615 dominus

384 659 546 725 Colardus
564 661 604 725 de
621 657 806 740 Callarilla,
824 660 888 725 duo
904 683 943 724 ex
960 666 1081 744 septem
1108 659 1271 725 obsidibus
1288 657 1377 742 apud
1393 678 1450 721 uos
1466 677 1508 718 re·

383 790 514 832 manere
532 768 737 849 debentibus,
754 769 813 833 sub
839 769 901 833 fide
929 770 1126 834 sacramenti
1142 777 1175 834 et
1192 765 1418 850 promissionis
1433 761 1509 828 mili-

383 876 464 940 taris
481 875 622 940 habeant
638 877 804 942 licentiam
821 878 919 942 eundi
935 876 978 941 ad
995 876 1129 942 Curiam
1148 875 1438 940 Serenissimurum
1452 869 1509 935 Re

384 985 536 1065 giuarunr
556 985 724 1069 Hungarie
741 985 892 1066 eteciam
919 985 1134 1050 Dominarum
1151 992 1338 1048 nostrarum
1356 1003 1429 1046 cunr
1444 977 1511 1044 Siu-

383 1091 491 1156 dicatu
508 1094 649 1156 onuriurn
667 1101 699 1157 et
716 1093 871 1158 mandato
889 1093 1103 1158 Dominoruur
1116 1093 1258 1176 speciali,
1271 1091 1313 1158 ad
1326 1087 1510 1175 jurandum,

383 1200 609 1265 ratificanduur
637 1208 666 1264 ct
693 1201 947 1266 confirmandum
975 1222 1034 1285 pro
1061 1223 1094 1264 se
1122 1208 1155 1265 et
1180 1202 1310 1264 nomine
1331 1204 1509 1262 ceterorum

384 1307 492 1370 omnia
517 1329 574 1390 per
600 1329 655 1371 eos
671 1310 841 1390 promissa,
869 1315 901 1372 et
926 1309 1015 1372 ultra
1040 1310 1206 1392 premissa,
1223 1305 1381 1390 quidquid
1398 1302 1510 1368 liberet

388 1413 508 1479 addere
525 1416 679 1499 Regiuali
696 1415 867 1482 Maiestati
882 1419 915 1481 in
931 1417 999 1500 ejus
1010 1419 1176 1501 presencia
1191 1424 1224 1481 et
1241 1414 1510 1480 Ambaxiatorum

386 1523 507 1587 duruini
523 1523 625 1605 Regis
651 1524 851 1588 Francorum
877 1533 909 1589 et
935 1531 1128 1590 nostrorum.
1156 1524 1202 1588 Et
1218 1524 1262 1589 ad
1278 1520 1510 1604 reportandum

386 1631 615 1714 promissiones
642 1639 676 1695 et
699 1641 902 1698 sacramenta
918 1635 1057 1716 prestita
1074 1655 1130 1698 seu
1146 1629 1323 1716 prestanda
1340 1651 1397 1713 per·
1413 1628 1512 1711 ugie-

385 1741 455 1822 gios
473 1741 678 1805 Sereuissimi
705 1741 825 1806 domini
850 1741 953 1823 Regis
969 1742 1170 1808 Francorum
1186 1740 1442 1807 Ambarriatores
1459 1759 1510 1800 no-

388 1849 472 1911 rnine
490 1854 522 1912 et
539 1850 608 1913 vice
624 1849 701 1914 dicti
729 1851 848 1914 domini
874 1850 986 1934 Regis,
1003 1851 1029 1914 si
1046 1849 1087 1916 ad
1105 1850 1167 1916 boc
1193 1849 1367 1914 habuerint
1383 1844 1510 1910 manda-

387 1963 454 2020 turu
472 1959 612 2039 speciale
638 1981 658 2023 a
682 1957 809 2042 prefato
836 1958 968 2024 domino
992 1959 1083 2041 Rege
1099 1959 1140 2024 ad
1157 1958 1369 2040 infrascripta
1383 1955 1510 2038 promit

386 2063 536 2145 teudum;
561 2068 648 2148 quod
665 2067 768 2131 eciam
795 2069 1058 2149 procuratorium
1085 2089 1140 2134 seu
1166 2068 1357 2132 mandatum
1374 2064 1509 2128 debeant

386 2179 555 2256 reportare
574 2176 741 2257 proprium
767 2175 817 2238 vel
843 2175 1051 2258 solempniter·
1067 2177 1274 2240 insinuatum.
1291 2171 1364 2257 Qua
1381 2170 1510 2256 promis·

387 2281 434 2344 sio
461 2280 621 2347 dictorum
647 2279 925 2347 Ambaxiatorum
951 2282 1073 2347 domini
1091 2283 1193 2366 Regis
1209 2282 1414 2347 Francorum
1429 2300 1510 2361 pres·

386 2389 450 2453 tari
467 2390 585 2454 debeat
610 2392 643 2454 in
669 2391 835 2473 presentia
860 2390 1014 2472 Reginali
1041 2390 1224 2456 astantibus
1249 2389 1371 2453 nostris
1392 2385 1510 2451 Amba·

386 2498 566 2563 uiatoribus
592 2497 715 2562 ibidem
741 2497 961 2576 existentibus
987 2497 1260 2580 quemadmodum
1276 2501 1510 2562 sacramentum

386 2603 546 2670 dictorum
563 2606 685 2670 dourini
704 2606 844 2690 Aluysii‚
862 2611 893 2670 et
911 2605 1032 2670 domini
1047 2603 1195 2671 Collardi
1212 2627 1271 2689 pro
1288 2627 1322 2670 se
1339 2613 1371 2668 et
1388 2604 1511 2668 nomine

387 2713 525 2778 aliorum
538 2714 716 2796 jurantium
735 2713 793 2780 sub
811 2715 916 2782 torma
943 2715 1100 2796 predicta.
1118 2715 1204 2779 item
1221 2711 1375 2796 prelibati
1393 2710 1511 2776 Amba

387 2822 530 2886 uiatores
547 2823 671 2886 domini
687 2821 788 2904 Regis
805 2823 1010 2889 Francorum
1036 2825 1231 2906 promittant
1248 2829 1280 2886 et
1292 2823 1414 2906 jurent,
1430 2816 1512 2902 quod

388 2931 473 2992 omui
490 2931 666 2996 dolositate
693 2939 724 2996 et
750 2932 955 2996 simulatione
981 2938 1107 2996 remota
1123 2931 1356 3015 procurabunt,
1373 2927 1458 3011 quod
1474 2926 1514 2990 Il·

388 3035 501 3101 lustris
518 3039 648 3106 domina
664 3064 795 3105 corisors
821 3042 899 3105 dieti
925 3041 1047 3105 domiui
1075 3041 1177 3106 Ducis
1194 3039 1399 3123 Andagavie,
1416 3045 1446 3100 et
1463 3036 1513 3100 he-

390 3146 485 3209 rodes
503 3148 580 3214 dicti
599 3147 720 3212 domini
738 3147 848 3228 Ducis,
866 3171 904 3212 ac
921 3148 1022 3213 eciam
1040 3147 1149 3213 Duces
1166 3147 1261 3230 Berrj
1279 3155 1312 3211 et
1327 3143 1514 3227 Burgundio

388 3254 517 3318 mittere
534 3257 674 3321 debeant
693 3257 797 3322 dictas
813 3259 1042 3340 promissiones
1060 3265 1090 3322 et
1107 3264 1322 3334 sacramenta,
1342 3262 1375 3318 ut
1394 3253 1514 3318 dictum

389 3371 446 3426 est.
465 3364 511 3427 Et
528 3365 647 3430 babilis
665 3366 714 3431 rel
731 3389 794 3431 non
811 3367 931 3432 habitis
948 3390 1006 3449 per
1024 3390 1077 3431 eos
1095 3367 1190 3431 dictis
1202 3363 1469 3448 promissionibus
1484 3365 1513 3423 et

386 3471 589 3556 juramentis,
616 3476 684 3556 ipse
710 3474 858 3539 domiuus
875 3473 1032 3557 Aluysius
1050 3482 1083 3540 et
1100 3475 1247 3540 dominus
1274 3471 1448 3537 Collaudus
1468 3488 1514 3531 re·

389 3578 458 3641 dire
475 3587 656 3663 teneantur,
672 3588 705 3644 et
722 3584 918 3664 promittunt
945 3582 1005 3646 sub
1032 3582 1095 3646 lide
1120 3582 1316 3645 sacramenti
1333 3587 1367 3644 et
1382 3577 1514 3661 111111111-

390 3685 487 3749 sionis
504 3687 666 3751 militaris.
681 3689 727 3752 Et
744 3689 770 3752 si
787 3710 852 3752 uon
867 3689 1116 3772 reportaverint,
1132 3707 1300 3752 remanere
1321 3687 1516 3770 promittuut

390 3791 519 3858 obsides
537 3803 570 3858 et
586 3797 706 3878 captiui
733 3817 798 3860 uua
823 3817 895 3860 curn
922 3797 1013 3877 aliis;
1038 3798 1064 3861 si
1082 3818 1159 3860 raro
1176 3797 1418 3878 reportaverint
1433 3793 1516 3876 ipsas

390 3905 620 3982 promissiones
639 3913 672 3970 et
689 3915 900 3987 sacramenta,
916 3916 949 3973 et
960 3905 1159 3972 factal'uerit
1170 3906 1288 3971 solutio
1299 3906 1516 3988 pecuniarum,

391 4007 603 4094 dampnorum
621 4021 653 4077 et
670 3999 863 4094 mutuorum,
880 4015 1035 4079 acaciam
1052 4019 1181 4097 recepte
1197 4013 1319 4077 luerint
1335 4011 1516 4095 promissio

390 4139 510 4185 nesae
536 4128 739 4186 sacramenta
765 4107 1030 4188 Gubernatorem
1056 4123 1199 4205 gentium
1224 4120 1471 4204 armigeratum,
1486 4125 1516 4181 et

390 4230 530 4311 partium
548 4229 656 4312 Regni
671 4230 858 4296 Jerusalem
875 4239 907 4295 et
923 4229 1052 4296 Scicilie
1077 4229 1298 4314 predictarum
1315 4227 1354 4292 de
1371 4226 1516 4311 partibus

392 4334 530 4419 Apulic;
554 4345 632 4402 tuuc
658 4347 691 4403 et
715 4359 753 4402 eo
779 4360 856 4403 casu
883 4341 1045 4421 promittit
1061 4337 1238 4404 Commune
1256 4337 1396 4420 Ragusii
1412 4355 1518 4401 omnes

391 4452 515 4527 septcrrr
531 4447 659 4510 obsides
676 4446 838 4527 r·elaxare;
856 4447 910 4530 qui
922 4454 1031 4511 tamen
1047 4447 1159 4530 jurare
1176 4444 1328 4524 debcant,
1346 4443 1431 4527 quod
1444 4462 1516 4526 pru·

391 4554 559 4626 missiones
585 4561 619 4620 et
644 4561 847 4634 sacramenta
873 4555 1019 4634 Illustris
1045 4555 1187 4632 Domine
1213 4552 1343 4630 domiue
1361 4550 1514 4618 consortis
1587 4605 1588 4608 ,
