3226 5254
552 439 648 503 1379.

566 743 637 805 151.
715 755 718 760 “

44 896 68 962 Α
75 899 227 986 flereaczi
244 901 524 988 kdztdreaedpnalc
540 903 567 968 I.
584 904 835 993 Lajosmopyar
851 907 883 970 έιι
898 907 1020 994 lenpyel
1037 867 1163 1001 tirell).

1 1034 2 1037 ¹
560 1014 657 1078 1379.

135 1190 320 1256 Lcdovicus
334 1188 400 1256 Dei
416 1191 527 1272 gratia
551 1191 624 1256 Rex
649 1191 828 1274 Hungarie,
853 1191 999 1274 Polonie,
1022 1192 1164 1259 Dalma-

1 1317 2 1382 ζ
42 1299 83 1364 cia
98 1306 156 1364 etc

1 1395 2 1420 l
135 1407 249 1473 Amici
265 1407 445 1474 karissime.
470 1407 625 1492 Receptis
641 1409 760 1475 litteris
785 1411 902 1475 vestris
927 1409 980 1474 die
1005 1407 1090 1474 XX.
1117 1412 1164 1475 in-

1 1537 2 1548 *
42 1517 144 1580 stantis
161 1518 282 1582 mensis
298 1515 502 1599 Novembris,
518 1517 663 1601 ipsisque
680 1518 863 1600 intellectio,
880 1519 1068 1601 expavimus
1085 1540 1162 1602 pen·

0 1639 1 1642 ’
40 1629 147 1705 santes,
164 1631 288 1706 quanto
304 1624 518 1689 subiacuisset
534 1623 714 1691 discrimini
737 1631 842 1692 status
868 1625 1069 1710 populusque
1095 1648 1162 1692 ves·

39 1735 88 1812 ter,
103 1732 131 1795 si
146 1733 343 1815 iniquissimi
358 1732 498 1798 hominis
514 1739 652 1816 pensata
668 1733 798 1799 malicia
819 1733 970 1800 ellectum
985 1733 1163 1800 habuisset

40 1836 132 1905 Cuius
149 1840 321 1906 conatibus
337 1841 459 1908 Divina
475 1841 616 1908 obstavit
633 1842 813 1923 clementia,
828 1843 880 1908 cui
896 1863 956 1908 nos
972 1843 1098 1926 gratias
1114 1865 1164 1909 re·

38 1947 113 2014 terre
128 1950 293 2016 debemus.
318 1951 364 2016 Et
389 1951 466 2036 quia
491 1953 526 2018 in
552 1953 672 2018 eisdem
697 1952 818 2020 litteris
843 1952 1018 2018 denotatus
1046 1953 1162 2018 modus

38 2057 246 2141 malignitatis
263 2057 410 2125 declarat
435 2060 655 2125 innocentiam
672 2061 812 2125 illustris
829 2061 940 2125 fratris
956 2061 1077 2126 domini
1092 2059 1162 2126 Ka·

37 2165 90 2228 roli
104 2165 219 2249 Ducis,
236 2168 451 2234 remansimus
467 2169 637 2235 consolati.
654 2167 751 2250 Nam,
768 2168 856 2252 quod
866 2170 962 2252 absit,
980 2169 1007 2233 si
1025 2168 1161 2234 nocendi

1 2351 2 2357 ἵ
36 2294 158 2340 causam
174 2273 294 2340 nedum
311 2274 465 2362 dedisset,
482 2276 539 2342 sed
552 2282 682 2342 tantum
706 2282 910 2360 attentasset,
936 2276 1161 2360 confratrem,

1 2387 2 2446 t
36 2403 88 2447 nec
103 2384 143 2449 de
161 2383 323 2468 sanguine
338 2391 451 2451 nostro
467 2386 611 2468 genitum
631 2406 829 2467 vocaremus,
846 2383 904 2451 sed
918 2387 1032 2469 pocius
1049 2390 1086 2449 ut
1102 2384 1162 2448 ini-

35 2492 144 2557 micum
161 2490 290 2558 Nostra
305 2500 560 2577 persequeretur
576 2491 755 2559 Serenitas.
767 2491 929 2558 Noverint
945 2495 1029 2558 enim
1046 2491 1161 2556 solem·

1 2627 7 2643 >¹
35 2621 85 2662 nes
99 2601 202 2666 vestri
219 2595 377 2666 Oratores
403 2601 447 2678 ad
471 2623 530 2667 nos
555 2602 739 2667 transmissi
754 2621 910 2684 responsa
927 2602 973 2666 cis
998 2601 1078 2667 data
1102 2621 1161 2683 per

1 2704 247 2774 Serenitstem
263 2709 348 2775 Nost
335 2715 421 2774 tram
435 2709 654 2793 legationibus
670 2730 790 2790 eorum,
806 2732 863 2793 per
890 2731 952 2793 que
969 2708 1056 2774 clare
1072 2709 1161 2774 colli-

1 2804 2 2884 l
32 2836 104 2896 gere
119 2821 309 2899 potuerunt,
325 2816 413 2901 quod
428 2815 516 2883 Nost
517 2840 553 2884 re
568 2816 775 2904 Majestatis
766 2839 800 2881 ιιι
802 2819 904 2883 tentio
915 2824 988 2884 erat
990 2816 1161 2902 ,prosequi

1 2888 382 2990 Commumtatem
311 2930 382 2990 ves
383 2947 453 2991 ram
463 2925 610 2992 Floreat
587 2933 689 2991 tinam
692 2925 915 3010 pt,0pulume
924 2927 1069 3008 regimen
1083 2927 1160 3009 ipsi-

1 2997 2 3063 l
1 3029 243 3098 uslavcribus
258 3034 446 3116 oportunis3
462 3033 775 3100 etsolumadeaint
761 3032 894 3098 tendere
895 3053 982 3118 ,que
998 3039 1160 3116 pretran-

1 3167 3 3238 ,
29 3139 128 3222 quillo
145 3145 235 3204 statu
252 3136 405 3205 Civitatis
422 3146 455 3206 et
481 3140 732 3208 Communitatis
747 3141 893 3206 facerent
919 3147 952 3205 et
976 3141 1161 3221 regentium

1 3255 2 3342 t
27 3247 126 3314 illam.
142 3247 308 3330 Ipsosque
324 3248 518 3331 rogavimus
535 3251 622 3333 quod
638 3248 787 3315 eumdem
803 3248 940 3316 fratrem
964 3246 1057 3313 nobis
1082 3253 1160 3312 tunc

1 3393 2 3448 3
27 3355 213 3419 adstantem
223 3351 488 3422 haberetVestra
496 3354 719 3421 communitas
729 3355 1160 3437 recommissumproseque·

1 3479 2 3482 ’
26 3469 186 3545 returque
202 3479 275 3525 cum
291 3483 330 3527 ea
356 3462 509 3546 amicitia,
527 3485 592 3545 qus
607 3464 771 3547 prosecuti
787 3463 918 3529 luerunt
932 3463 1159 3547 progenitores

1 3564 2 3575 ’
25 3572 129 3637 nostri
150 3575 184 3634 et
200 3590 278 3651 uos;
294 3570 519 3654 specificantes
537 3572 658 3638 eisdem
674 3594 734 3656 per
750 3571 831 3637 duos
848 3573 941 3638 nobis
958 3571 1094 3638 dilectos
1111 3592 1158 3636 se-

24 3677 186 3744 cretarios
202 3677 371 3760 Magnifici
397 3679 493 3745 amici
521 3681 624 3745 nostri
648 3679 823 3761 karissimi,
840 3680 962 3746 domini
987 3679 1156 3747 Francisci

1 3787 60 3854 ¹de
77 3786 246 3854 Carraria
271 3792 349 3868 etc.;
373 3809 468 3871 quem
485 3790 612 3872 scimus,
636 3788 909 3855 Communitatem
933 3789 1156 3873 Regimenque

1 3935 2 3938 =
22 3905 172 3964 vestrum
188 3895 346 3980 prosequi
361 3918 401 3962 ea
416 3897 604 3964 sinceritate
621 3905 654 3963 et
674 3898 828 3980 amicitia,
850 3899 967 3981 quibus
984 3902 1017 3962 et
1033 3897 1158 3964 Nostra

22 4005 238 4090 prosequitur
253 4002 433 4086 Celsitndc,
451 4005 541 4088 quod
557 4011 669 4089 gentes
686 4011 815 4072 nostras
832 4027 995 4071 armorum
1021 4007 1061 4070 ad
1083 4027 1158 4089 par·

21 4120 67 4181 tes
100 4112 206 4179 Italic
231 4118 366 4196 propter
397 4112 462 4178 duo
494 4112 736 4180 destinabamus
752 4140 759 4179 ε
776 4115 990 4200 principalius
1017 4121 1090 4178 orat
1116 4112 1160 4178 ad

1 2009 3 2054 l

20 4218 267 4289 extenuandum
283 4223 368 4286 vires
385 4219 589 4288 Venetorum
606 4222 750 4288 hostium
765 4228 950 4303 nostorum;
975 4228 1008 4287 et
1024 4221 1075 4286 his
1085 4243 1158 4286 con-

21 4331 162 4398 culcatis
194 4328 238 4394 ad
263 4329 498 4396 sublevandum
524 4335 647 4396 statum
664 4329 868 4396 Sanctissimi
893 4331 1028 4396 Domini
1053 4332 1157 4395 nostri

20 4437 113 4525 Pape
130 4436 263 4503 Urbani
280 4441 314 4503 et
329 4438 477 4504 Ecclesia
488 4438 648 4523 Romane,
658 4445 766 4504 ortum
777 4441 896 4503 scisma
907 4435 1157 4519 reprimendum,

19 4553 192 4632 tamquam
211 4567 309 4610 verus
325 4544 530 4611 Christicola.
558 4543 656 4611 Stent
674 4547 778 4628 igitur
803 4544 904 4612 animi
928 4543 1032 4610 nostri
1056 4542 1158 4608 lucidi

16 4663 216 4739 mentesque
232 4655 341 4736 clare;
365 4655 442 4739 quia
456 4676 517 4720 nec
533 4653 700 4722 hominum
727 4655 959 4737 suggestiones,
983 4673 1044 4716 nec
1068 4651 1156 4736 quic-

989 4757 1050 4826 ll*
