3134 5254
565 444 661 506 rate.
1112 447 1175 510 257

63 619 190 703 ipsorum
206 619 341 686 cedebat
356 622 399 686 ad
415 622 591 687 maximum
610 621 794 705 dampnum,
811 628 842 686 et
859 621 990 689 cederet
1004 623 1092 689 ultra
1107 643 1171 689 mo·

61 725 126 791 (lum
142 727 319 794 destructio
345 729 575 810 Venetiaruni3
599 734 633 794 et
648 728 735 814 quod
752 729 779 793 si
796 751 860 794 nou
877 729 1048 796 crederent
1063 731 1176 815 displi-

1 825 2 885 ἶ
61 835 258 902 ceredomino
272 835 367 921 Regi,
377 837 440 923 ipsi
456 839 701 921 interponerent
711 859 819 903 eorum
837 838 992 903 auxilium
1008 838 1051 904 ad
1067 840 1176 906 ovian-

60 941 124 1006 dum
138 943 213 1026 boc;
238 951 271 1009 et
289 943 375 1026 quod
393 944 519 1026 lortius,
541 947 629 1011 misit
654 945 789 1011 dicendo
815 967 874 1029 per
899 967 973 1011 suos
998 943 1174 1014 Ambacia-

1 1057 2 1082 ³
58 1058 133 1114 tores
158 1050 339 1135 solempnes
365 1050 514 1117 dominus
539 1052 720 1134 Bernabos,
747 1052 871 1117 scilicet
912 1050 999 1134 quod
1030 1052 1174 1120 babebat

1 1167 2 1174 ’
56 1155 153 1240 aliqua
176 1179 237 1224 sua
259 1159 337 1243 jura
362 1159 515 1243 consequi
543 1165 658 1225 contra
674 1158 866 1241 JanuenseS,
882 1165 915 1225 et
931 1159 1019 1243 quod
1035 1182 1099 1228 nou
1116 1183 1175 1245 per

56 1267 127 1330 riam
141 1267 280 1351 alicujus
297 1268 363 1351 lige
380 1289 477 1352 quam
503 1266 673 1334 habuisset
692 1268 878 1349 uobiscum,
903 1268 960 1334 sed
976 1269 1054 1353 quia
1070 1269 1173 1334 inten-

56 1372 142 1438 debat
155 1373 278 1442 habere
293 1377 369 1460 jura
385 1397 444 1442 sua
460 1399 480 1442 a
496 1375 654 1461 predictis
679 1375 910 1458 JauuensibuS,
926 1377 995 1461 ipse
1012 1375 1173 1443 delibera-

53 1491 131 1547 rerat
153 1483 310 1549 invadere
336 1484 408 1550 loca
424 1491 458 1550 et
472 1485 642 1552 territoria
665 1486 829 1569 ipsorum3
851 1492 884 1551 et
913 1486 999 1570 quod
1026 1486 1088 1552 boc
1104 1509 1168 1553 non

1 1577 2 1614 ³
54 1589 229 1675 displiceret
255 1594 388 1658 domino
412 1592 500 1679 Regi
524 1595 574 1660 vel
600 1595 662 1680 ipsi
687 1595 817 1660 domino
843 1593 992 1676 Karulo,
1016 1596 1171 1680 quiahoc

53 1720 108 1764 non
123 1701 319 1768 intendebat
333 1701 449 1784 lacere,
459 1703 522 1766 uisi
538 1724 598 1787 pro
615 1703 682 1768 suis
693 1703 821 1786 juribus
832 1703 1076 1786 consequendis.
1093 1701 1172 1787 Qui·

51 1805 100 1873 bus
115 1806 404 1876 ambasiatoribus
430 1809 552 1876 domini
577 1809 781 1876 Beruabonis
797 1833 857 1894 per
872 1811 979 1895 ipsum
1007 1811 1171 1878 domiuum

1 1971 2 2003 ζ
51 1912 201 1983 Karolum
218 1925 253 1984 et
268 1918 418 1984 Berones
435 1918 514 1984 data
529 1917 593 1985 fuit
607 1920 795 2002 responsio:
819 1918 906 2002 quod
932 1919 1081 1985 dominus
1096 1917 1171 1984 Rex

1 2033 2 2104 j
52 2031 112 2088 erat
126 2027 158 2090 in
174 2026 245 2111 liga
262 2047 335 2092 cum
351 2025 579 2109 danuersibus,
596 2034 630 2093 et
646 2027 834 2112 quicunque
849 2025 1055 2093 offenderent
1071 2028 1170 2110 ipsos,

1 2151 2 2216 g
51 2132 242 2201 offenderent
267 2136 431 2201 dominum
458 2136 593 2220 Regem,
608 2141 641 2201 et
656 2157 710 2202 eos
726 2137 875 2202 dominus
890 2134 963 2201 Rex
980 2133 1120 2202 liaberet
1137 2143 1170 2201 et

48 2247 193 2309 tractaret
225 2266 288 2328 pro
313 2243 461 2309 inimicis.
493 2244 635 2310 Etcum
661 2243 858 2328 supradictis
882 2242 990 2309 verbis
1013 2244 1170 2328 expositis

1 2341 2 2406 Ϊ
48 2346 162 2417 domino
187 2349 348 2418 Generali
368 2352 443 2444 ¹ipse
468 2351 618 2417 dominus
644 2351 790 2417 Karolus
815 2351 931 2417 habuit
956 2351 1169 2433 concludere,

1 2477 2 2480 ¹
47 2459 122 2538 quod
144 2461 178 2525 in
204 2481 294 2540 casu,
320 2481 384 2545 quo
409 2458 594 2526 Januenses
611 2467 645 2525 et
661 2459 809 2526 dominus
834 2457 949 2524 Padue
966 2461 1080 2526 nolent
1096 2482 1169 2526 con·

1 2585 2 2604 ³
47 2564 165 2632 cordari
181 2565 362 2647 nobiscum,
379 2572 412 2631 et
428 2587 487 2632 uos
503 2588 645 2633 essemus
671 2567 847 2633 concordes
868 2588 941 2632 cum
957 2567 1086 2633 domino
1102 2567 1166 2634 Re·

1 2687 3 2731 l
45 2693 85 2756 ge,
106 2675 173 2758 ipse
198 2697 267 2740 nou
292 2673 474 2754 dubitabat,
500 2674 590 2755 quod
614 2695 724 2740 omnes
750 2674 890 2758 predicti
918 2681 1025 2742 essent
1051 2682 1167 2742 contra

45 2778 212 2848 Dominum
230 2781 356 2862 Padue,
373 2787 406 2848 et
422 2781 743 2862 eontraJanuenses,
755 2788 785 2846 et
796 2784 828 2846 in
839 2782 985 2848 favorem
1003 2790 1167 2866 nostrum3

1 2889 2 2969 l
43 2896 71 2952 et
91 2911 146 2974 per
171 2891 275 2956 istum
300 2889 434 2955 modum
460 2889 600 2974 predicti
625 2888 819 2984 reducentur
835 2911 893 2956 seu
908 2890 1020 2956 reduci
1035 2899 1169 2975 possent

43 2995 78 3060 ad
92 2997 310 3064 concordium.
325 2997 420 3062 Dixit
436 2998 578 3081 insuper,
594 2999 680 3082 quod
698 2998 751 3063 die
768 2995 907 3064 Veneris
923 2999 1069 3083 proximo
1081 3021 1167 3065 rece-

1 3186 2 3202 *
43 3103 109 3169 dere
123 3105 343 3174 intendebant
367 3128 439 3172 cum
465 3128 523 3174 suc
540 3107 693 3182 exercitu,
709 3112 743 3171 et
758 3106 807 3172 ire
823 3105 865 3172 ad
881 3107 1064 3191 ponendum
1081 3127 1165 3173 carn·

42 3231 108 3291 pum
132 3217 220 3280 circa
248 3213 393 3296 Mestre;
416 3222 449 3279 et
476 3215 562 3296 quod
588 3215 824 3282 deliberaverat
848 3236 907 3280 nos
932 3215 1070 3299 amplius
1098 3236 1162 3280 non

1 3394 2 3400 ἵ
42 3319 151 3404 audire,
167 3322 226 3388 sed
254 3323 287 3386 iu
313 3343 427 3406 campo
454 3323 600 3403 Mestre;
624 3330 657 3387 et
672 3322 757 3407 quod
775 3322 802 3387 si
818 3321 1005 3387 mandatum
1023 3329 1165 3389 vestrum

42 3446 92 3493 eeu
114 3431 313 3496 sindicatum
329 3428 481 3512 venisset,
497 3431 700 3496 mitteremus
715 3429 797 3495 illud
814 3429 874 3496 sibi
891 3451 965 3495 cras
982 3451 1054 3495 cum
1065 3430 1166 3497 domi·

1 3564 2 3590 r
42 3554 76 3598 no
104 3535 284 3619 Generali3
308 3545 341 3602 et
366 3538 454 3622 quod
480 3540 579 3603 etiam
604 3539 805 3604 mitteremus
833 3537 966 3603 insimul
991 3559 1064 3602 cum
1094 3539 1165 3622 ipso

1 3637 2 3662 ³
42 3643 193 3711 sindicatu
220 3647 347 3729 copiam
384 3650 565 3711 extractam
592 3645 634 3711 ab
659 3666 706 3728 eo,
731 3645 778 3710 ita
804 3643 892 3728 quod
918 3646 1021 3728 ipsam
1037 3646 1164 3727 copiam

1 3787 2 3838 p
42 3755 198 3820 assultare
214 3761 328 3840 posset
337 3776 410 3819 cum
425 3754 609 3835 autentico;
635 3775 732 3838 quam
754 3754 880 3836 copiam
897 3752 1030 3818 volebat
1041 3753 1163 3818 habere

40 3879 127 3939 penes
142 3885 187 3944 se,
204 3884 265 3947 pro
282 3860 484 3928 ostendendo
501 3883 573 3927 eam
592 3861 817 3928 Januensibus
834 3866 867 3925 et
883 3859 1024 3926 Domino
1039 3859 1164 3940 Padus,

1 3971 2 4042 t
40 3965 76 4030 ad
90 3970 309 4036 inducendum
325 3990 380 4035 eos
396 3989 568 4053 proposse
584 3967 835 4034 adveniendum
852 3967 894 4032 ad
911 3989 1060 4051 campum
1076 3967 1163 4034 Mes·

1 4083 3 4148 2
41 4078 199 4157 treated
217 4076 391 4144 essendum
407 4076 575 4142 uobiscum
592 4096 689 4160 super
706 4075 910 4141 tractatibus.
927 4072 1054 4159 Quibus
1071 4075 1162 4141 audi-

1 4159 2 4182 *
39 4183 76 4248 tis
90 4184 338 4252 deliberavimus
364 4185 487 4269 copiari
513 4185 623 4251 lacere
649 4186 770 4251 dictum
797 4183 1002 4264 sindicatum,
1034 4183 1160 4251 scilicet

1 4296 3 4374 ᾗ
40 4293 122 4359 uobis
146 4300 361 4379 apportatum
378 4313 437 4378 per
452 4293 526 4358 Bon
541 4289 566 4357 J
568 4291 737 4374 ohannem,
753 4299 785 4357 et
801 4293 906 4375 ipsam
931 4291 1057 4375 copiam
1089 4312 1160 4357 cnm

39 4395 100 4479 ipso
115 4400 267 4483 originali
292 4421 366 4466 cras
390 4401 521 4466 mittere
537 4400 600 4483 ipsi
616 4399 747 4465 domino
763 4398 900 4481 Karolo,
917 4405 953 4464 ut
968 4419 1039 4463 eam
1055 4399 1161 4482 possit

41 4509 193 4593 cumipse
210 4509 362 4593 originali
387 4509 570 4590 ascultare,
595 4513 627 4572 et
643 4510 721 4591 qnia
739 4507 889 4572 dominus
906 4505 1079 4573 Generalis
1095 4530 1160 4573 non

39 4612 113 4682 bene
129 4623 178 4682 est
193 4639 290 4683 sanus
315 4616 356 4684 de
381 4637 528 4701 persona,
545 4615 665 4682 etheri
682 4623 714 4681 et
730 4615 826 4681 hodie
843 4616 876 4679 in
893 4615 998 4683 eundo
1015 4615 1058 4680 ad
1075 4637 1159 4682 carn·

1 4755 2 4795 1
80 4755 466 4792 uox.aurrc.u1sr.urru.-
483 4753 681 4792 acrearum.
1009 4729 1048 4798 ll
