3248 5242
436 325 501 388 698
790 342 1025 389 unucuiczui
1042 329 1209 388 amanum

435 501 554 566 debitis
579 509 610 566 et
636 504 777 586 prestarj
805 502 919 584 solitis,
936 502 1012 586 alijs
1040 523 1170 584 quoque
1195 504 1317 568 nostris
1344 509 1377 567 et
1391 501 1546 568 cuiuslibet

435 610 570 675 alteiius
586 609 710 675 iuribus
722 631 847 694 semper
859 611 968 676 saluis
986 611 1027 674 In
1039 611 1129 676 cuius
1141 610 1187 675 rei
1199 611 1420 676 testimouium
1436 633 1547 693 presen

436 725 485 782 tes
501 718 631 782 lieteras
647 717 762 784 exinde
779 717 859 802 fierj‚
884 724 917 782 et
932 717 1087 802 pendenti
1107 717 1294 783 Maiestatis
1316 717 1437 783 Nostra
1455 717 1547 800 sigillo

432 826 587 909 jussimus
618 845 766 890 commun
778 826 817 908 rj.
858 824 951 891 Data
983 823 1101 892 Gaiete
1131 826 1164 889 in
1196 825 1347 890 absentia
1379 825 1546 908 Logothete

420 943 494 1000 eto.
519 955 576 1017 per
594 934 697 998 virum
715 934 854 999 nobilem
872 931 1040 1000 Donatum
1058 933 1097 998 de
1115 931 1232 999 Arctio
1248 941 1309 998 etc.
1327 955 1412 999 auno
1428 933 1548 998 Domini

439 1040 776 1108 ucccuxxxxi„
796 1044 848 1122 iii
874 1042 940 1108 xi.
967 1025 1094 1108 minsis
1110 1042 1197 1126 ciiij
1223 1041 1349 1106 xiiii.
1377 1041 1546 1107 indictionis

437 1147 627 1232 Regnorum
645 1159 829 1217 nostrorum
846 1174 931 1218 anno
950 1153 986 1216 V.

437 1259 472 1318 (A
489 1259 627 1326 ›Registri
641 1261 789 1326 Angioini‹
806 1265 866 1310 362.
880 1277 918 1312 ει.
931 1277 955 1312 a.
969 1263 999 1310 B.
1011 1263 1077 1326 Reg.
1089 1260 1212 1310 Ladislai
1225 1260 1310 1324 Regis
1323 1259 1463 1310 kiitete'bol
1477 1263 1513 1308 is.
1522 1257 1549 1320 t;

698 1367 729 1401 az
743 1339 817 1402 oiasz
833 1351 883 1402 nir.
898 1351 1012 1418 uapolyi
1027 1365 1101 1416 nagy
1114 1349 1308 1412 leveltiirban.)

921 1516 1079 1526 -υι--α-

488 1802 622 1866 Venerio
640 1803 743 1868 Antei
761 1803 912 1868 ueionczei
927 1805 1066 1890 depensis
1083 1805 1259 1891 Zsiyiuond
1275 1804 1397 1889 nirata
1424 1805 1512 1868 1391.

542 1963 659 2028 Inclite
676 1963 777 2028 amice
794 1964 969 2029 carissime.
986 1964 1090 2029 Fideli
1108 1970 1220 2030 nostro
1244 1963 1383 2030 Nicolao
1400 1962 1441 2028 de
1455 1961 1552 2028 Libris

435 2071 634 2153 presentium
661 2069 834 2137 exhibitori
861 2073 1087 2156 commisimus,
1112 2079 1150 2138 ut
1177 2081 1300 2156 septem
1326 2070 1416 2137 mille.
1432 2072 1553 2136 ducatos

436 2179 511 2243 boni
529 2180 600 2244 auri
627 2185 660 2244 et
685 2181 761 2244 iusti
777 2181 931 2264 ponderis
947 2203 1007 2264 pro
1024 2182 1182 2248 solutione
1200 2181 1296 2246 huius
1312 2179 1464 2245 instantis
1478 2175 1554 2252 anni,

438 2309 525 2352 anno
542 2287 675 2354 Domini
692 2289 862 2355 millesimo
879 2291 1110 2356 trecentesimo
1126 2290 1336 2374 nonagesimo
1353 2289 1457 2373 primo
1472 2285 1556 2351 nobis

437 2393 565 2460 debitos
592 2395 634 2461 ab
661 2395 819 2462 Amicitia
844 2396 966 2464 Vestra
991 2399 1138 2482 recipiat.
1163 2397 1302 2464 Placeat
1326 2397 1429 2480 igitur
1444 2393 1555 2460 Vesta

434 2499 599 2584 Amicitie,
623 2511 657 2567 et
682 2503 788 2568 velitis
814 2503 893 2570 dare
917 2507 1021 2590 ipsam
1048 2506 1216 2590 pecuniam
1240 2505 1380 2572 Nicolao
1407 2501 1555 2588 predicto,

434 2611 620 2694 recipiendo
637 2611 767 2696 abipso
785 2613 958 2696 superinde
980 2637 1018 2680 ex
1044 2622 1140 2700 parte
1158 2621 1270 2680 nostra
1287 2621 1320 2679 et
1338 2611 1494 2696 Reginali
1510 2631 1557 2674 ex·

436 2718 633 2801 peditoriam
650 2727 847 2804 consuetam,
873 2743 971 2806 quain
988 2746 1045 2807 per
1061 2725 1165 2808 ipsum
1182 2721 1355 2787 Nicolaum
1371 2716 1558 2786 transmitti·

434 2847 526 2908 mus;
551 2827 701 2911 dispositi
719 2849 846 2912 semper
868 2830 909 2894 ad
936 2831 1074 2897 honores
1091 2837 1215 2896 vestros
1231 2835 1265 2896 et
1280 2828 1483 2913 beneplacita
1497 2825 1558 2891 lete

434 2932 541 3000 eorde.
557 2934 682 3002 Datum
699 2937 793 3004 Bude
809 2941 918 3022 prima
934 2939 988 3005 die
1004 2939 1122 3005 mensis
1138 2938 1163 3004 J
1164 2939 1233 3025 ulij.

865 3045 1090 3132 Sigismundus
1100 3047 1163 3112 Dei
1174 3049 1283 3130 gratia
1295 3045 1370 3112 Rex
1381 3043 1558 3127 Huugarie,

862 3155 1048 3236 Dalmatie,
1082 3153 1215 3221 Croatie
1251 3161 1311 3220 ete
1348 3151 1558 3234 Marchioque

1002 3262 1343 3346 Biandenburgiensis
1359 3271 1419 3327 etc

542 3372 643 3436 Kiciti
660 3397 671 3436 :
687 3371 806 3437 Inclito
831 3373 962 3439 domino
992 3374 1161 3439 Anthonio
1179 3371 1324 3440 Venerio
1356 3370 1419 3436 Dei
1452 3371 1557 3456 gratia

433 3476 517 3542 Duci
533 3477 747 3546 Venetianum
764 3481 867 3546 amieo
884 3488 996 3546 nostro
1013 3483 1190 3548 carissimo.

434 3586 470 3648 (Α
496 3588 595 3638 »Liber
609 3589 773 3640 Pacuium«
797 3590 887 3641 ezimtt
906 3592 1045 3642 velencaei
1067 3591 1295 3656 allamkbnyvbol
1319 3592 1365 3642 Vi.
1384 3587 1557 3650 ioi.1aat)

918 3754 950 3762 ——
963 3755 985 3759 -—
996 3755 1069 3760 -----

960 3883 1035 3944 425.

434 4041 551 4106 Liiszlc'
565 4042 693 4106 sicilici
718 4041 831 4130 kirotp
857 4045 887 4106 e's
905 4065 1045 4128 stappae·
1071 4042 1263 4129 eilenkincily
1279 4045 1430 4129 Hercoya
1448 4043 1556 4128 vajani

436 4149 468 4213 is
489 4149 594 4213 Vallia
610 4150 686 4214 citui
702 4151 808 4214 necea-i
824 4150 860 4212 ki
876 4150 1056 4214 doiniiitiai
1072 4152 1104 4214 e's
1119 4151 1363 4237 homotoraziipi
1379 4148 1557 4216 Miioknnk.

957 4261 1049 4323 1391.

542 4418 717 4483 Inidislaus
734 4418 797 4485 Dei
813 4421 922 4502 gnatia
937 4420 1011 4484 Rox
1028 4424 1087 4484 etc.
1113 4417 1298 4502 Magnificis
1315 4420 1390 4484 viris
1407 4419 1555 4500 Heruofe

434 4526 593 4612 Vuyuode
611 4535 643 4592 et
661 4527 771 4595 Vulko
797 4527 889 4594 Banu
915 4527 1073 4594 stati-ibus
1100 4529 1283 4612 nostrisque
1310 4526 1553 4613 Consiliarijsit
