3172 5254
417 353 495 414 '180
784 367 1018 412 nunonnczrsr
1035 353 1201 413 1111111111.

416 527 473 594 ,ad
489 525 566 607 hoc;
582 549 654 592 cum
672 526 746 610 alijs
763 532 870 592 autem
882 548 947 592 non
957 527 1153 592 habentibus
1163 524 1354 592 mandatum
1365 525 1536 608 ordinando,

431 635 519 718 quod
535 635 705 700 mitterent
730 657 789 718 pro
817 636 982 716 mandato,
998 642 1029 701 et
1047 636 1136 720 quod
1151 638 1280 701 interim
1298 637 1485 702 discutietur
1500 657 1536 700 ne-

430 744 566 825 gocium,
584 742 686 808 donec
703 763 813 809 eorum
830 741 1021 807 mandatum
1038 745 1171 808 reniret.
1198 743 1261 808 Sed
1278 743 1537 809 intercedentem

429 851 504 915 lerti
521 849 629 916 studio
647 857 681 916 et
697 850 829 916 fallacia
855 848 1098 932 Paduanorum,
1116 859 1148 916 et
1164 853 1391 934 procuratione
1416 851 1537 918 Janucn·

430 960 512 1025 sium
523 966 668 1025 secutum
684 965 742 1041 est,
759 958 847 1042 quod
864 957 934 1023 heri
952 958 1004 1022 die
1020 959 1142 1025 Martis
1160 959 1261 1025 XXI.
1279 959 1320 1025 de
1337 981 1430 1025 mane
1453 961 1538 1026 vocati

429 1089 487 1152 per
504 1067 667 1135 dominum
684 1068 809 1134 Ducem
824 1066 989 1133 Karolum
1005 1067 1127 1134 fuimus
1143 1091 1215 1135 cum
1232 1070 1298 1152 illo,
1315 1072 1372 1152 qui
1389 1091 1447 1154 pro
1462 1074 1538 1152 parte

429 1178 552 1243 domini
576 1177 679 1260 Regis
705 1177 889 1242 licenciavit
915 1197 982 1257 nos,
1008 1182 1038 1239 et
1065 1178 1259 1242 monstravit
1289 1178 1383 1242 nobis
1413 1179 1538 1244 litteren

429 1307 527 1351 unam
543 1288 675 1352 missam
692 1284 753 1350 sibi
779 1308 799 1351 a
825 1286 955 1350 domino
980 1284 1082 1368 Rege,
1098 1288 1132 1350 in
1148 1308 1214 1370 qua
1234 1285 1378 1352 vidimus
1390 1285 1539 1370 continerj,

429 1394 518 1476 quod
543 1396 657 1461 modus
683 1395 797 1460 melior
822 1402 902 1476 erat,
928 1394 1016 1478 quod
1042 1402 1277 1461 reverteremur
1302 1395 1344 1461 ad
1369 1397 1501 1480 propria
1514 1401 1537 1458 et

429 1503 516 1586 quod
533 1505 718 1570 licentiaret
734 1525 811 1582 nos;
836 1524 966 1568 causam
985 1511 1094 1568 autem
1110 1505 1212 1587 ipsius
1229 1503 1359 1570 licentie
1379 1505 1540 1588 ipsedomi·
1576 1537 1577 1546 ¹

422 1625 489 1676 'nus
504 1611 585 1694 Rex,
601 1634 660 1708 per
676 1633 710 1676 se
726 1613 841 1696 ipsum,
858 1612 906 1675 illi
923 1609 1054 1676 diceret.
1071 1609 1142 1677 Nos
1159 1617 1267 1676 autem
1285 1613 1399 1677 mirati
1413 1612 1451 1677 de
1467 1633 1540 1676 revo-

429 1719 559 1785 catione
584 1721 642 1785 tali
660 1726 776 1786 ettam
794 1715 911 1798 subita,
937 1720 1171 1802 investigantes
1187 1740 1329 1801 causam,
1346 1721 1441 1785 aliam
1456 1720 1540 1786 consi·

429 1827 545 1892 derare
560 1849 618 1892 nec
634 1827 816 1910 intelligere
842 1847 905 1891 non
921 1828 1094 1910 possimus,
1113 1828 1176 1891 nisi
1194 1827 1282 1911 quod
1297 1828 1541 1906 intellexivimus,

427 1957 485 2018 per
501 1935 677 2001 Dominum
704 1933 818 1999 Padue
845 1935 1001 2016 scriptam
1023 1955 1093 1999 esse
1110 1935 1400 2016 singularissimum
1415 1936 1538 2002 litteram

427 2042 659 2124 dannensibua
675 2064 775 2126 quam
790 2043 841 2108 die
858 2042 940 2107 XX.
957 2043 1027 2107 heri
1036 2043 1132 2108 tarde
1143 2043 1338 2125 habuerunt,
1350 2051 1382 2110 et
1391 2067 1445 2129 per
1456 2065 1538 2126 quam

428 2153 590 2232 scribitur,
608 2149 665 2217 CL
681 2152 811 2217 lanceas
828 2151 947 2216 domini
965 2149 1068 2216 Ducis
1085 2150 1204 2218 Karoli
1214 2151 1409 2236 applicuisse
1425 2152 1464 2218 ad
1479 2173 1539 2236 par-

426 2267 478 2325 tes
494 2261 585 2339 illas;
602 2266 634 2325 et
651 2259 737 2344 quod
755 2265 949 2341 procuretur
975 2281 1033 2342 per
1057 2259 1144 2342 ipsos
1164 2257 1189 2323 J
1190 2279 1359 2339 cunenses,
1376 2260 1461 2343 quod
1473 2279 1539 2342 gens

427 2367 550 2433 domini
576 2367 676 2451 Regis
703 2367 906 2446 descensura,
932 2387 1030 2450 qnam
1057 2367 1152 2431 citius
1179 2388 1250 2432 esse
1273 2374 1389 2450 potest,
1410 2365 1539 2432 vadatet

427 2477 518 2541 sitin
534 2476 600 2543 illis
625 2477 783 2560 partibus
809 2476 972 2559 quomodo
998 2477 1067 2559 ipse
1093 2475 1254 2541 Dominus
1273 2476 1390 2541 Padue
1406 2495 1539 2559 prepara·
1575 2559 1577 2564 Δ

426 2592 516 2650 verat
533 2585 688 2652 ducentas
705 2585 896 2669 gauzarolas
913 2591 945 2650 et
971 2584 1092 2649 multas
1108 2583 1226 2667 pistae,
1242 2607 1315 2651 cunr
1331 2586 1393 2650 hac
1406 2584 1539 2649 intentio-

427 2715 476 2774 ne,
494 2693 582 2776 quod
599 2693 774 2778 applicatis
800 2692 950 2776 gentibus
977 2691 1098 2756 domini
1114 2691 1225 2774 Regis,
1243 2698 1276 2757 et
1291 2692 1480 2758 adventibus
1494 2709 1541 2772 ge·

425 2801 484 2867 leis
501 2802 726 2880 Januensium,
743 2807 776 2865 et
791 2800 1132 2885 appropinquantibus
1148 2800 1254 2867 littori
1263 2806 1373 2866 vestro
1389 2822 1457 2866 cum
1472 2797 1541 2882 ipsis

424 2910 534 2992 galeis,
562 2918 594 2974 et
610 2915 773 2993 apparatu
793 2931 860 2990 suo,
876 2916 909 2974 et
925 2917 1019 2992 gente
1036 2910 1202 2990 armigera
1218 2909 1341 2974 domini
1359 2908 1465 2992 Regis,
1481 2925 1541 2991 spe·

425 3024 499 3082 rant
514 3017 636 3083 habere
654 3016 814 3100 Olugiam,
831 3024 869 3082 ut
885 3019 955 3101 ipsa
967 3019 1010 3081 sit
1024 3017 1147 3082 bastita
1157 3023 1190 3082 et
1200 3016 1325 3084 obsidio
1341 3026 1428 3083 terre
1437 3023 1542 3108 vestre3

424 3125 577 3209 dicentes,
594 3125 680 3211 quod
696 3125 736 3190 de
753 3125 840 3190 dicta
857 3130 953 3208 gente
969 3125 1068 3189 etiam
1078 3132 1277 3206 ponerentur
1288 3125 1321 3189 in
1331 3124 1427 3190 litore
1437 3127 1543 3196 vestro,

425 3241 458 3300 et
473 3235 652 3317 sperabant
667 3234 791 3300 habere
808 3232 981 3299 Civitatem
1005 3233 1221 3300 Veneciarum
1239 3255 1298 3317 per
1315 3235 1426 3300 modos
1443 3252 1545 3316 supra·

424 3345 570 3426 scriptos.
587 3344 749 3428 Equidem
767 3345 841 3424 ista,
857 3348 895 3406 ut
910 3343 1076 3424 habemus,
1093 3343 1313 3425 significamus
1331 3338 1543 3409 Dominationi

425 3449 544 3516 Vestre
569 3474 630 3534 pro
656 3451 885 3517 informatione
911 3472 988 3531 sua;
1022 3473 1080 3515 nec
1107 3451 1172 3516 alia
1189 3450 1223 3514 in
1239 3450 1302 3516 hoc
1317 3451 1426 3516 dicere
1440 3469 1544 3533 possu-

422 3580 503 3638 mus,
519 3560 581 3625 nisi
600 3560 687 3643 quod
704 3581 762 3626 nos
779 3558 860 3624 bene
878 3560 1035 3640 scivimus
1051 3558 1212 3642 Magnum
1223 3555 1386 3625 Comitem
1401 3565 1432 3624 et
1448 3557 1547 3626 Suder

422 3667 521 3732 Peter
538 3675 570 3733 et
586 3671 706 3734 multos
723 3669 805 3734 alios
821 3667 981 3752 Berones,
996 3669 1085 3733 ultra
1103 3667 1176 3733 illos
1203 3688 1283 3751 quos
1305 3669 1410 3751 pridie
1426 3667 1546 3751 scripsi-

421 3797 493 3840 mus
519 3772 640 3844 Vcstro
665 3775 829 3858 Dominio,
854 3782 1007 3843 venturos
1033 3798 1103 3842 esse
1128 3799 1201 3842 cum
1222 3775 1312 3841 mille
1328 3776 1458 3858 lanceis,
1475 3795 1549 3860 quas

421 3884 510 3949 mille
537 3885 666 3951 lanceas
692 3885 823 3970 quidem
849 3887 959 3952 venire
985 3885 1104 3951 debere
1129 3884 1351 3950 verisimiliter
1374 3885 1549 3969 judicamus

419 3998 555 4075 propter
581 3993 668 4076 ipsos
694 3994 804 4077 plures
829 3994 979 4060 Barones
1005 3999 1169 4059 venturos.
1195 3991 1435 4077 Aliqui-,etiam
1460 3991 1550 4058 nobis

420 4100 582 4181 dixerunt,
599 4102 686 4183 quod
712 4103 774 4167 iste
799 4101 913 4167 lancee
938 4103 1023 4167 iture
1041 4107 1135 4167 erant
1162 4122 1235 4166 cum
1251 4101 1321 4184 ipso
1340 4101 1469 4167 domino
1486 4100 1550 4166 Ka-

419 4207 489 4273 rolo
516 4214 548 4274 et
575 4209 715 4276 Baronis
741 4213 776 4276 in
801 4210 967 4296 Apuliam,
993 4212 1072 4295 quid
1098 4219 1208 4277 tamen
1234 4230 1299 4274 non
1315 4210 1488 4276 credimus.
1513 4210 1553 4275 ln

418 4337 490 4381 curn
507 4321 665 4384 recessuri
692 4341 799 4385 sumus
826 4320 866 4385 de
891 4321 975 4401 hinc,
994 4327 1026 4386 et
1043 4321 1122 4385 ituri
1145 4318 1321 4402 Viennam,
1337 4325 1375 4384 ut
1390 4320 1555 4405 providea-

418 4445 489 4489 mus
516 4425 556 4491 de
582 4429 634 4494 via
660 4434 783 4510 nostra,
800 4451 898 4512 quam
915 4451 978 4494 non
995 4430 1184 4512 ignoramus
1211 4427 1430 4510 periculosam
1446 4436 1482 4494 et
1497 4430 1554 4495 icr-
1575 4445 1576 4448 ’

417 4533 606 4599 midabilem
634 4558 703 4601 esse
729 4540 874 4620 personis
900 4539 1039 4621 nostris3
1073 4545 1246 4622 postquam
1278 4535 1439 4621 vidimus,
1473 4537 1556 4623 quod
