3226 5254
579 525 676 587 lesu.
1123 529 1186 592 331

75 702 147 766 serie
162 700 390 785 deprecantem
408 705 579 783 qnatenus,
596 702 681 767 sicut
696 701 881 767 ordinatum
898 707 979 786 erat,
995 703 1129 786 placeat
1142 705 1187 770 le·

72 811 224 892 gationem
249 809 436 874 huiusmodi
461 808 637 875 destinare.
663 808 875 892 Magnificum
901 809 1032 892 quidem
1064 814 1128 877 erit
1154 813 1187 878 in

71 922 234 999 conspectu
249 914 354 998 Regio
371 915 558 999 Majestatis
575 915 684 980 videre
701 915 765 979 iste
781 917 846 980 tria
860 913 1053 983 Communia
1079 918 1188 985 federe

74 1024 139 1108 lige,
153 1025 277 1090 sincera
291 1026 440 1103 caritate,
450 1027 485 1088 et
496 1021 540 1088 ad
557 1024 664 1088 omnia
681 1023 776 1087 simul
788 1044 858 1088 esse
875 1025 1068 1106 coniuncta;
1085 1027 1188 1092 vobis·

71 1153 126 1214 que
140 1137 171 1196 et
185 1131 278 1197 nobis
295 1131 338 1196 ad
354 1151 419 1195 nou
435 1151 571 1214 parvam
587 1135 694 1194 status
718 1130 925 1195 securitatem
942 1131 1082 1212 accedet,
1100 1133 1188 1215 quod

71 1239 190 1304 rideant
205 1240 305 1304 etiam
323 1243 432 1304 extere
460 1239 617 1318 nationes,
638 1259 695 1302 nos
720 1257 793 1302 esse
809 1235 920 1302 taliter
948 1260 1063 1322 corpus
1080 1260 1188 1323 unum,

17 1429 18 1432 Ἴ
71 1345 148 1430 quod
164 1348 218 1430 qui
244 1367 342 1412 uuam
368 1347 507 1411 istarum
532 1347 631 1410 tirum
649 1342 929 1412 Oommunitstum
956 1345 1136 1418 offenderit.
1153 1369 1187 1413 se

69 1457 141 1522 sciat
153 1462 278 1520 ceteras
294 1455 476 1521 offendisse.
493 1453 584 1520 Data
599 1455 769 1521 Florentie
785 1455 836 1520 dic
849 1454 951 1525 XVI.
962 1454 987 1520 J
989 1456 1106 1522 anuari
1122 1455 1186 1520 III.

69 1563 243 1631 indictione.
259 1561 617 1631 MCCCLXXVHlI.

17 1699 18 1704 ’
68 1707 98 1768 (Δ
113 1709 245 1776 ›Signori,
258 1709 412 1775 Carteggie,
427 1709 554 1760 Ilissive«
567 1711 619 1760 stb.
639 1709 742 1759 XVIII.
754 1709 904 1774 kotegebcl
921 1711 979 1759 105.
994 1709 1023 1770 l.,
1036 1722 1079 1758 a:
1099 1723 1117 1758 a
1138 1709 1187 1758 tlo-

429 1799 520 1850 renczi
534 1815 609 1865 nagy
622 1799 817 1860 leveltstrban.)

544 1963 704 1976 m—

587 2091 660 2151 156.

15 2251 17 2298 i
68 2239 93 2308 l.
109 2251 203 2333 Lajos
221 2273 361 2336 mcpyar
378 2251 410 2314 c's
425 2249 548 2336 lenpyel
567 2249 751 2335 lrirctlyaalr
768 2272 788 2311 a
798 2247 954 2336 storenczi
971 2247 1188 2332 kitztctreosrtp.

576 2359 671 2422 1380.

273 2517 360 2602 Regi
376 2517 558 2602 Hungarie.

165 2624 379 2691 Serenissime
410 2631 509 2709 utque
539 2623 752 2689 invictissime
783 2622 952 2706 Princeps,
984 2643 1059 2707 spes
1090 2620 1186 2686 unice

14 2713 16 2774 ἶ
67 2734 160 2796 nostri
176 2733 373 2815 Communis,
399 2739 433 2798 et
457 2732 562 2799 nostri
587 2732 700 2816 populi
725 2731 888 2814 refugium
913 2732 1064 2815 speciale.
1090 2727 1184 2794 Sicut

14 2877 15 2880 =
67 2837 140 2904 alias
155 2840 247 2906 robis
262 2841 459 2924 scripsimus,
474 2839 723 2924 benignissimas
749 2839 970 2908 Sublimitatis
996 2838 1115 2906 Vestro
1134 2836 1186 2901 lit-

14 2979 16 3048 3
68 2952 146 3012 teres
171 2955 231 3014 etc.
256 2945 420 3028 Ceterum,
446 2948 529 3014 sicut
552 2969 611 3032 per
636 2947 719 3014 elias
743 2946 887 3014 eiusdem
912 2946 1034 3013 tenoris
1059 2945 1187 3011 litteras

14 3081 16 3128 ;
67 3056 253 3138 scripsimus,
269 3063 381 3122 nostre
397 3055 514 3120 mentis
531 3061 603 3121 erat
619 3053 775 3122 Oratores
792 3062 920 3121 nostros
931 3053 974 3120 ad
984 3053 1104 3121 Vestro
1114 3050 1186 3117 Ms-

14 3169 16 3254 {
65 3160 185 3242 jestetis
201 3162 412 3229 altitudinem
428 3163 601 3230 destinare.
627 3161 694 3229 Sed
719 3163 798 3246 quia
822 3163 914 3244 satis,
939 3160 1026 3245 quod
1050 3157 1187 3224 intendi·

14 3259 16 3368 ζ
68 3289 135 3350 mus,
151 3273 269 3337 herum
285 3277 473 3336 nostrarum
490 3272 573 3336 serie
590 3269 785 3354 declaratur,
796 3277 830 3336 et
840 3271 893 3336 via
902 3269 1002 3353 longa
1016 3273 1075 3350 est,
1089 3265 1187 3334 bello·

14 3369 16 3448 i
67 3399 193 3461 rumque
209 3380 310 3444 etiam
329 3379 462 3444 obsessa
478 3379 665 3464 dispendiis,
681 3385 715 3445 et
730 3379 846 3444 hiemis
863 3377 1017 3462 precipue
1032 3383 1186 3458 tempore,

14 3469 15 3522 3
68 3484 234 3570 frigoribus
266 3484 402 3552 horrida
433 3493 466 3552 et
496 3488 625 3554 nivibus
650 3491 875 3571 circumsepta,
899 3491 932 3552 et
963 3507 1022 3571 per
1046 3483 1186 3562 litteras,

68 3596 213 3679 quicquid
239 3594 395 3668 uolumus,
420 3595 558 3661 celerius
573 3596 780 3676 intimamus3
796 3596 998 3662 decrevimus
1015 3614 1075 3678 pro
1101 3611 1187 3658 nunc

14 3689 16 3724 ³
66 3699 238 3784 legatorum
269 3709 458 3771 nostrorum
488 3707 782 3787 transmissionem,
821 3725 894 3769 cum
926 3703 1036 3786 gratia
1066 3697 1186 3765 Vestro

68 3807 267 3879 celsitudinis
282 3832 444 3879 revocare.
462 3809 617 3897 Quodne
634 3813 769 3878 miretur
785 3811 908 3880 Vestra
930 3809 1107 3888 Serendae,
1132 3808 1185 3873 be·

68 3919 210 4002 dignitati
227 3919 343 3990 Vestri
358 3917 517 3986 Culminis
534 3922 730 4002 intimamus,
747 3921 800 3986 cui
815 3941 874 3986 nos
891 3925 925 3986 et
940 3919 1026 3984 hunc
1047 3915 1186 3982 devotis·

14 4021 16 4026 ’
69 4025 173 4094 simum
187 4027 344 4113 populum
368 4028 483 4094 humili
508 4051 581 4096 cum
605 4029 790 4096 reverentia
805 4027 1075 4095 commendemus.
1095 4023 1187 4088 Dete

14 4141 15 4144 ’
69 4140 217 4222 utsupra

70 4277 100 4336 (Λ
113 4280 246 4346 ›dignori,
270 4279 427 4346 categgia
447 4280 575 4332 ltlissivec
590 4281 642 4332 stb.
656 4281 759 4332 XVIII.
772 4281 922 4344 kotegebul
937 4283 996 4330 112.
1010 4293 1046 4328 sn.
1060 4291 1094 4338 m,
1108 4292 1125 4326 u
1136 4277 1185 4328 llo·

427 4371 520 4422 renczi
533 4387 609 4437 nagy
622 4371 814 4432 levtltstrbau.)

543 4569 700 4578 ——-...—-
