3172 5254
396 361 459 424 176
748 375 983 423 nrrnouaczmr
1000 361 1168 422 11111111.

395 539 482 604 mino
498 537 592 603 Duce
608 529 795 617 Karolo,'et
809 557 882 600 oum
897 535 972 621 alijs
988 533 1215 618 Auditoribns,
1231 536 1346 603 addito
1356 534 1421 602 11111
1432 533 1515 600 hodie

394 646 524 712 domino
541 644 649 711 Suder
674 645 786 726 Peter,
812 646 868 728 qui
884 652 933 710 est
949 644 990 710 de
1006 645 1201 730 majoribus,
1226 653 1347 712 etcum
1365 645 1516 729 pertiuen-

392 755 481 820 tibus
497 752 760 819 demonstrativis
786 760 819 818 et
843 754 1031 819 necessariis
1053 755 1249 837 racionibus,
1266 762 1335 820 tam
1352 752 1515 818 secundum

392 862 533 929 formam
557 864 655 947 pacis,
680 881 778 945 qnam
803 861 980 926 secundum
1006 861 1070 928 Jus
1097 861 1286 946 Commune,
1302 869 1337 929 et
1352 859 1515 927 secundum

393 973 577 1055 equitatem,
593 969 803 1036 sustinuimus
819 974 853 1033 et
871 968 1073 1036 defendimus
1086 971 1165 1055 jura
1180 979 1298 1055 vestra,
1329 970 1413 1036 adeo
1428 974 1460 1033 et
1474 975 1514 1032 ta·

393 1081 479 1161 liter,
496 1079 583 1162 quod
600 1080 663 1163 ipsi
679 1077 805 1164 proprij
821 1074 1002 1144 Auditores
1018 1077 1170 1145 dixerunt
1186 1081 1312 1146 nescire
1329 1076 1515 1164 respondem

393 1187 436 1253 ad
462 1189 551 1271 ipsas
576 1187 720 1253 rationes
745 1206 888 1269 pernes
913 1188 1099 1270 propositas
1124 1188 1157 1251 iu
1182 1188 1349 1269 premissis
1371 1185 1514 1250 articulis.

394 1293 573 1376 Addentes
584 1293 672 1378 quod
682 1293 810 1377 Vugari
822 1298 916 1357 erant
926 1297 1035 1376 grossi
1045 1301 1077 1360 11
1087 1293 1410 1378 rudesbonrines,nec
1419 1301 1516 1359 acten-

396 1402 518 1469 debant
534 1402 576 1468 ad
592 1402 681 1482 talia,
697 1423 756 1466 nec
767 1400 965 1485 permodum
976 1401 1235 1484 disputationum
1250 1403 1284 1466 in
1299 1423 1379 1486 paco
1397 1400 1514 1466 conclu-

397 1511 488 1576 dient
498 1536 505 1593 ;
515 1531 591 1576 nam
608 1509 648 1575 de
665 1509 787 1574 talibus
798 1530 863 1574 non
874 1510 1041 1590 curabant,
1052 1511 1204 1594 qnoniam
1220 1533 1312 1576 arma
1324 1516 1357 1575 et
1367 1508 1515 1574 defensio·

394 1641 451 1684 nes
462 1625 620 1684 suecrant
630 1641 722 1684 enses
734 1625 766 1682 et
778 1639 881 1683 arcus.
892 1618 1015 1684 Tamen
1027 1617 1187 1701 dicebant,
1197 1619 1285 1704 quod
1296 1619 1386 1684 dicta
1395 1641 1453 1702 per
1463 1637 1514 1682 nos

396 1726 619 1812 significarent
635 1727 764 1793 domino
782 1749 840 1792 suo
856 1727 951 1810 Regi.
968 1729 1166 1794 Videntibus
1186 1734 1294 1794 autern
1313 1728 1414 1808 uobis,
1438 1725 1514 1810 quod

395 1837 480 1902 tales
490 1841 602 1902 nostre
614 1835 837 1920 responsiones
847 1835 1001 1920 predictis
1021 1834 1243 1902 Auditoribus
1261 1858 1326 1900 non
1345 1836 1516 1920 placebant,

395 1951 427 2010 et
438 1944 524 2028 quod
538 1945 625 2010 clarc
636 1945 855 2026 cernebamus,
867 1945 953 2028 quod
964 1946 1102 2010 intentio
1114 1967 1224 2010 eorum
1235 1952 1318 2024 erat,
1327 1946 1432 2027 ipsum
1442 1951 1517 2008 trac·

397 2059 503 2118 tatum
521 2053 611 2137 pacis
629 2053 760 2118 mittere
776 2053 819 2118 ad
835 2060 946 2136 partes
971 2051 1078 2137 Italie,
1094 2058 1131 2116 ut
1146 2053 1229 2118 alias
1245 2053 1341 2118 nobis
1358 2052 1517 2128 dixerunt;

398 2166 431 2224 et
448 2161 524 2243 quia
541 2181 602 2246 per
618 2159 717 2225 talem
745 2161 966 2226 remissionem
984 2160 1114 2224 omnino
1131 2160 1224 2226 nobis
1240 2160 1422 2241 videbatur,
1438 2156 1515 2242 quod

397 2267 440 2334 ad
458 2288 572 2351 pacem
588 2269 622 2332 in
638 2266 702 2332 illis
729 2266 878 2350 pertibus
903 2266 1144 2332 rationabiliter
1170 2266 1320 2332 concludi
1337 2289 1401 2332 nou
1417 2271 1516 2350 posset

398 2382 532 2461 propter
557 2374 677 2441 multas
702 2376 846 2440 rationes
872 2381 905 2440 et
930 2396 1054 2457 causas,
1075 2396 1156 2460 quas
1173 2373 1296 2440 eisdem
1314 2375 1515 2459 allegavimus

396 2504 457 2567 pro
475 2482 613 2548 tenendo
629 2487 810 2548 tractatum
835 2483 925 2566 pacis
940 2481 1011 2562 hic,
1034 2483 1179 2548 11111111
1195 2483 1237 2548 ad
1253 2485 1336 2548 istas
1352 2481 1517 2548 conclusio·

396 2613 464 2672 nes,
481 2590 567 2675 quod
584 2590 623 2655 de
640 2589 726 2656 facto
743 2590 820 2656 salis
837 2610 963 2656 eramus
991 2591 1145 2672 contenti,
1162 2590 1249 2673 quod
1266 2590 1475 2656 adhiberetur
1490 2593 1518 2653 et

396 2705 564 2765 teneretur
580 2698 698 2783 aliquis
720 2696 825 2763 bonus
850 2697 973 2779 modus,
988 2718 1046 2782 per
1063 2719 1159 2781 quem
1176 2698 1325 2764 dominus
1341 2698 1412 2763 Rex
1429 2695 1518 2762 babe-

394 2815 446 2873 ret
471 2808 588 2874 merito
613 2807 806 2872 contentari.
840 2802 894 2870 Ac
917 2806 1015 2870 etiam
1043 2805 1082 2870 de
1108 2805 1195 2870 lacto
1220 2806 1354 2872 Domini
1371 2804 1515 2870 Paduani

395 2937 522 2982 eramus
547 2914 699 2996 contenti,
725 2913 813 2994 quod
840 2911 1050 2978 adhiberetur
1066 2912 1188 2994 modus,
1204 2935 1263 2996 per
1279 2934 1375 2997 quem
1391 2911 1518 2996 Regalis

396 3024 560 3107 Majestas
585 3022 721 3088 haberet
747 3020 896 3087 similiter
920 3022 1037 3087 merito
1063 3023 1255 3087 contentari.
1271 3020 1338 3106 Qui
1353 3021 1448 3088 uobis
1461 3039 1519 3086 rea

396 3131 591 3214 ponderant,
608 3129 695 3212 quod
712 3128 860 3212 predicta
885 3125 1029 3194 referent
1055 3129 1185 3194 domino
1201 3129 1297 3213 Regi,
1313 3137 1347 3194 et
1363 3135 1475 3213 postea
1488 3127 1517 3190 in

396 3239 474 3322 ipsis
499 3236 591 3304 nobis
616 3237 857 3321 responsionem
882 3235 1007 3301 darent.
1034 3236 1131 3303 Vnde
1147 3235 1198 3302 1111
1215 3239 1432 3306 consideratis
1451 3258 1518 3321 par-

396 3367 470 3410 1111
487 3366 576 3428 spem
593 3343 633 3409 de
648 3365 729 3428 pace
750 3346 900 3429 gerimus,
916 3351 949 3409 11
966 3351 1119 3410 notanter
1137 3367 1176 3410 ex
1192 3345 1262 3428 hoc,
1279 3345 1368 3430 quod
1382 3345 1519 3411 Januen·

397 3472 448 3518 ses
463 3457 498 3518 et
513 3450 664 3517 Paduani
690 3453 749 3518 sub
775 3453 862 3518 omni
889 3460 962 3518 arte
978 3451 1167 3519 disturbant
1183 3475 1307 3537 pacem,
1325 3460 1359 3520 et
1375 3471 1520 3538 expressa

398 3579 475 3626 1111
501 3560 604 3643 ipsam
629 3557 714 3624 nolle
737 3560 867 3642 dicunt3
892 3567 925 3624 et
941 3562 1081 3626 maxime
1096 3562 1159 3645 ipsi
1175 3561 1336 3643 Paduani,
1354 3563 1410 3645 qui
1426 3561 1477 3626 bic
1490 3559 1521 3624 in

398 3665 499 3734 Curia
514 3666 620 3751 Regia
636 3668 712 3752 alijs
729 3667 907 3752 prevalent.
938 3666 1078 3753 Scriptis
1095 3671 1180 3734 enim
1196 3668 1346 3736 omuibus
1362 3669 1520 3754 supradic-

397 3777 450 3858 tis,
465 3775 622 3842 hodierua
639 3777 690 3841 die
708 3774 825 3844 XVII.
846 3779 938 3864 Junij
957 3776 1077 3844 luimus
1094 3779 1183 3844 ducti
1200 3801 1258 3863 per
1275 3781 1356 3845 duos
1372 3778 1521 3845 Notarios

398 3883 519 3948 domini
536 3885 637 3968 Regis
663 3883 706 3950 ad
730 3886 889 3969 palatium
915 3887 1026 3971 ipsine,
1051 3894 1089 3952 ut
1109 3888 1298 3954 deberemus
1315 3887 1468 3955 accedere
1484 3883 1520 3951 ad

397 3997 602 4073 conspectum
627 3991 777 4075 Regium.
803 3992 869 4058 Ubi
894 3994 971 4059 dum
997 4016 1142 4062 essemus
1166 3995 1200 4060 in
1226 3997 1430 4062 anticamera
1454 4016 1521 4062 curu

397 4095 562 4180 aliquibus
587 4097 746 4180 Baronis;
763 4107 942 4186 autequam
967 4103 1161 4170 intravimus
1178 4103 1219 4169 ad
1236 4111 1443 4189 conspectum
1464 4105 1522 4169 Re·

398 4203 495 4288 gium,
528 4208 677 4272 dominus
702 4211 887 4294 Episcopus
911 4209 1107 4294 Jauriensis,
1133 4234 1217 4278 unus
1242 4233 1281 4277 ex
1308 4211 1521 4278 Auditoribus

398 4314 490 4379 nobis
517 4313 610 4396 datis,
634 4317 835 4401 presentibus
861 4319 991 4386 domino
1024 4321 1152 4388 Karolo
1179 4328 1213 4386 et
1238 4321 1369 4386 domino
1400 4317 1520 4385 Jacobo

397 4421 520 4505 Ispauo
537 4423 626 4506 dixit,
653 4426 740 4508 quod
767 4426 915 4491 dominus
940 4429 1012 4494 Rex
1037 4427 1277 4495 deliberarerat
1292 4451 1364 4496 eum
1382 4427 1521 4495 Consilio

399 4546 466 4610 suo,
481 4529 563 4594 velle
593 4531 680 4614 quod
706 4538 868 4599 tractatus
893 4537 983 4620 pacis
1003 4533 1188 4621 hujusmodi
1204 4559 1269 4603 non
1285 4537 1377 4603 tieret
1392 4538 1454 4619 hic,
1470 4533 1522 4600 sed
