3190 5252
609 356 704 418 1-382.
1152 355 1213 415 471

87 536 259 619 prouidere
276 535 425 602 fidelibus
442 536 504 600 etsi
520 534 627 618 gratie
644 531 812 616 plenitudo
824 531 974 612 suadeat,
985 529 1217 612 obsequiorum

1 665 4 670 ’
87 645 292 728 quodamodo
304 645 471 729 gratitudo
482 642 657 728 compellit.
669 639 890 706 Actendeutes
902 641 1012 723 igitur,
1022 639 1098 704 etin
1109 644 1222 704 nostre

86 755 202 820 mentis
228 756 297 819 acie
323 752 559 820 delectabiliter
584 753 747 816 intuentes
764 751 866 831 uilia,
883 756 979 833 grata
994 749 1171 832 plurimum
1187 755 1223 814 et

86 866 220 944 accepta
237 861 372 926 seruitia
388 858 510 926 Nostro
527 860 698 926 Maiestati
724 866 793 924 tam
808 860 896 923 intra
912 877 1008 940 qnam
1025 862 1120 922 extra
1136 855 1222 940 Reg-

86 993 159 1035 num
186 978 335 1035 nostrum
362 969 474 1035 Sicilie
499 967 642 1034 fideliter
667 976 701 1033 et
725 990 797 1034 cum
829 966 929 1033 animi
961 963 1218 1050 promptitudine

85 1078 225 1160 prestita
246 1099 306 1160 per
331 1077 494 1142 Balaxum
519 1075 693 1160 Vngarum
709 1075 905 1141 familiarem
922 1081 955 1140 et
972 1073 1126 1138 devotum
1142 1072 1219 1136 fide-

83 1187 145 1250 lem
162 1191 322 1267 nostrum,
339 1184 437 1249 nullis
454 1185 519 1250 suis
530 1185 693 1268 parcendo
704 1185 866 1268 pericnliS,
877 1181 1045 1248 laboribus
1056 1185 1089 1247 et
1099 1203 1217 1264 expen-

84 1293 137 1373 sis,
153 1313 260 1376 queue
276 1299 405 1375 prestat
420 1290 464 1358 ad
480 1313 627 1374 presepe,
643 1295 676 1357 et
693 1313 863 1375 speramus
879 1312 953 1357 eum
968 1291 1102 1355 inantea
1118 1289 1217 1354 conti-

85 1402 246 1465 nuacione
262 1399 422 1484 laudabilj
434 1399 661 1484 prestiturum,
678 1421 717 1463 ex
729 1401 845 1482 quibus
855 1400 961 1484 ipsum
972 1398 1106 1481 dignum
1117 1395 1218 1461 domi-

84 1509 158 1590 nica
185 1515 308 1574 nostra
323 1512 548 1592 prosecutione
574 1529 759 1574 censemus:
778 1508 881 1574 eidem
898 1507 1039 1574 Balaxio
1059 1505 1099 1570 de
1115 1506 1218 1589 vncijs

85 1620 158 1681 anri
175 1616 294 1698 viginti
310 1623 467 1700 quattuor
492 1615 646 1700 ponderis
673 1617 835 1700 generalis
851 1636 910 1698 per
937 1635 1057 1680 annum
1081 1613 1217 1696 percipi-

84 1722 177 1788 endis
194 1744 253 1807 per
270 1746 351 1803 eum,
370 1724 525 1808 quamdiu
543 1724 666 1790 scilicet
677 1726 805 1805 vixerit,
822 1746 920 1808 super
933 1719 1215 1807 juribusredditi-

1 1888 2 1893 ,
86 1831 146 1896 bus
162 1837 198 1896 et
213 1831 426 1915 proventibus
446 1832 570 1898 cabelle
586 1834 755 1917 scannagij
774 1854 829 1898 seu
846 1831 1012 1914 sanguinis
1029 1826 1217 1894 animalium

84 1939 240 2005 buczarie
256 1945 343 2005 terre
360 1946 472 2005 nostre
488 1940 602 2025 Barolj
621 1941 771 2006 duximus
789 1942 829 2006 de
847 1946 938 2006 certa
954 1942 1069 2002 nostra
1085 1933 1220 2000 scientia

85 2057 117 2114 et
134 2047 272 2132 speciali
287 2048 396 2130 gratia
412 2055 525 2112 tenore
535 2050 734 2130 presentium
752 2048 996 2132 prouidendum.
1012 2044 1066 2110 Ita
1082 2041 1221 2127 quidem,

84 2154 173 2239 qnod
195 2155 302 2220 <lictus
317 2154 474 2221 Balaxius
490 2157 562 2239 ipsa
578 2178 637 2222 sua
653 2158 720 2222 rita
736 2157 875 2221 durante
898 2152 1083 2218 huiusmodi
1109 2149 1217 2233 proui-

84 2265 211 2330 sionem
237 2285 377 2328 annnam
397 2265 565 2329 unciarum
581 2265 857 2347 vigintiquattnor
884 2263 923 2328 de
951 2260 1145 2344 supradictis
1166 2257 1217 2342 ju-

83 2370 186 2453 ribus,
204 2370 384 2437 redditibus
401 2376 434 2436 et
449 2371 661 2455 prouentibus
678 2371 853 2437 inmediate
864 2372 940 2436 etin
957 2373 1066 2453 capite
1078 2370 1222 2432 anostra

84 2479 189 2544 Curia
214 2485 326 2542 teneat
345 2485 378 2544 et
393 2477 570 2561 possideat,
585 2477 775 2561 nullumque
792 2478 892 2542 aliurn
910 2483 1019 2561 preter
1035 2495 1093 2540 nos
1110 2495 1148 2538 ao
1164 2472 1218 2536 he-

84 2586 180 2652 redes
197 2593 230 2651 et
247 2607 449 2650 successores
463 2592 594 2651 nostros
612 2589 811 2670 superiorem
827 2592 860 2650 et
871 2584 1035 2650 dominum
1046 2581 1160 2648 exinde
1172 2602 1219 2644 re-

84 2699 275 2777 cognoscat,
292 2695 481 2777 seruireque
497 2700 648 2760 teneatur
663 2693 800 2777 perinde
825 2693 918 2760 nobis
944 2705 1000 2757 seu
1026 2697 1138 2756 nostre
1156 2686 1221 2752 On·
1271 2693 1275 2700 '

82 2803 131 2866 rie
148 2823 221 2866 eum
239 2802 355 2867 lancea
370 2823 434 2866 vna
459 2808 517 2865 etc.
544 2799 596 2886 (ut
616 2822 714 2884 supra
729 2801 762 2864 in
778 2800 950 2884 privilegio
977 2795 1220 2880 Seelimigalis).

83 2908 211 2975 Datum
239 2906 381 2994 Neapoli
397 2931 456 2992 per
473 2909 580 2974 virnm
595 2907 808 2991 Magnificum
822 2906 848 2972 J
849 2907 1008 2973 ohannem
1025 2905 1064 2971 de
1081 2902 1219 2974 Vrsinis.

84 3025 144 3083 ete.
171 3016 272 3084 Anno
289 3017 424 3082 Domini
441 3015 777 3084 ucocnxxxfl.
803 3017 855 3082 die
881 3013 960 3084 XV.
978 3015 1090 3099 Martij
1117 3009 1158 3078 V.
1173 3012 1221 3074 in-

84 3125 249 3204 dictionis,
265 3124 456 3210 Regnorum
472 3132 656 3190 nostrornm
674 3147 758 3190 anno
776 3127 803 3190 Ι.

83 3229 118 3320 (Α
134 3270 280 3335 »Registri
295 3271 445 3336 Angioini«
471 3277 530 3321 358.
545 3287 581 3322 uz.
596 3287 620 3322 a.
643 3271 785 3321 kbtetebdl
798 3271 865 3334 Reg.
879 3269 971 3320 Caroli
983 3269 1034 3318 III.
1050 3272 1092 3317 19.
1105 3266 1123 3316 l.
1137 3279 1154 3314 a
1167 3260 1220 3312 kir.

408 3362 482 3412 olasz
496 3362 610 3427 napolyi
623 3377 697 3426 nagy
707 3359 898 3421 leveltarcan.)

572 3542 645 3549 --
678 3543 732 3549 -..η

91 3851 119 3916 Α
140 3847 294 3914 eeleaczea'
311 3846 589 3933 ledetciracsciqaalc
606 3849 633 3910 l.
655 3851 752 3933 [ajon
763 3850 945 3935 arrepyure'a
961 3848 1085 3934 leappel
1101 3845 1222 3930 kirulp,

607 3960 702 4022 1382.

196 4113 365 4181 Carissimi
383 4111 501 4180 Amici.
518 4117 571 4182 Ex
596 4117 716 4185 litteris
731 4117 849 4182 vestris
875 4116 969 4182 nobis
995 4115 1114 4181 oblatis
1143 4135 1219 4178 sane

87 4226 276 4306 colligimur,
294 4221 454 4304 quomodo
470 4224 495 4290 J
496 4225 640 4290 ohannes
656 4225 807 4290 Mndatio
822 4223 961 4291 Baiulus
971 4228 1003 4288 et
1020 4221 1219 4306 Capitaneus

87 4342 193 4402 vester
209 4333 249 4398 de
266 4330 398 4396 Tenedo
415 4332 522 4416 ipsum
541 4335 647 4401 locum
658 4335 782 4401 Tenedi
791 4334 885 4418 juxta
896 4338 1006 4399 vestra
1015 4334 1176 4418 promissa
1186 4339 1219 4399 et

90 4445 229 4511 sormam
247 4439 338 4524 pacis
359 4439 524 4508 firmatam
541 4437 1220 4526 AmbaniatoribusMagnifioidominiOo-

87 4547 372 4620 mitisSabaudine
381 4549 512 4618 minime
523 4555 687 4621 curaverit
697 4554 873 4640 assignare,
884 4551 941 4617 sed
951 4552 1066 4622 ductus
1077 4571 1216 4639 nequam
