3210 5252
1 539 4 646 l

1 647 5 749 l

598 401 691 462 1374.
1164 405 1204 464 99

91 577 130 640 ut
151 575 372 658 supplicabitis
408 577 464 656 eis,
489 581 650 658 quatenus
677 577 723 641 eis
748 577 879 660 placeat
904 577 1032 644 obuiari
1055 578 1205 643 omnibus

89 689 186 749 contra
201 703 260 749 nos
276 684 539 768 procurantibus
551 689 583 749 et
595 683 750 768 speciales
761 707 929 768 personas,
939 686 1037 752 verbo
1048 687 1098 752 uel
1108 707 1206 771 opere

1 807 7 909 q
89 792 197 879 aliquid
213 792 364 858 obtinere
390 813 411 857 a
436 793 542 876 Regia
569 793 766 873 Maiestate3
791 797 825 859 et
841 795 867 860 si
883 795 981 860 aliter
996 793 1125 860 obuiari
1141 817 1206 862 non

87 903 184 984 posstt,
199 901 317 968 saltem
334 901 538 986 supplicetur
559 900 664 984 Regia
681 902 862 982 Maiestati,
879 908 1039 986 quatenus
1056 903 1207 987 dignetur

88 1015 152 1074 ante
167 1009 354 1075 effectiuam
371 1009 575 1076 audienciam
590 1008 713 1076 talibus
728 1009 763 1074 in
778 1031 838 1076 nos
853 1010 1108 1094 procurantibus
1119 1009 1206 1077 exbi-

1 1103 2 1130 ³
85 1115 220 1199 beudam,
246 1118 336 1202 quod
361 1137 420 1182 nos
445 1137 544 1201 super
569 1115 692 1182 talibus
706 1115 882 1183 informare
899 1118 1060 1202 possimus
1076 1117 1117 1182 de
1134 1138 1206 1183 nos·

1 1223 3 1309 ,
87 1225 136 1290 tris
147 1225 275 1308 juribus
301 1231 335 1290 ct
360 1224 603 1291 condicionibus
630 1223 768 1308 Regiam
785 1225 1004 1308 Maiestatem,
1021 1247 1080 1292 nos
1095 1227 1129 1292 iu
1145 1226 1206 1292 hae

1 1312 2 1396 l
84 1340 166 1415 parte
181 1336 268 1398 sicut
284 1335 403 1399 ceteris
420 1333 567 1416 graciose
582 1332 764 1398 tractando.
781 1331 869 1398 Item
885 1341 1008 1399 secrete
1025 1339 1058 1398 et
1074 1355 1206 1418 separa·

1 1459 2 1494 t
84 1443 142 1523 tim,
156 1448 187 1506 et
202 1442 237 1506 in
255 1446 382 1506 secreto
399 1439 573 1505 tenendum
585 1438 715 1506 domiuo
727 1437 849 1506 Oomiti
861 1437 1005 1525 Galipoli
1023 1448 1057 1507 et
1072 1442 1204 1508 domino

1 1618 6 1648 μ
85 1545 249 1632 Stephano,
276 1549 333 1632 qui
361 1570 401 1613 ex
428 1568 491 1632 quo
508 1547 613 1614 nostri
629 1549 733 1613 creati
750 1555 824 1613 sunt
841 1545 939 1614 Oiues
956 1554 989 1613 et
1005 1547 1205 1635 Consiliarij‚

82 1649 216 1738 cupimus
243 1655 335 1739 quod
361 1653 499 1739 quilibet
524 1655 669 1738 ipsorum
695 1655 815 1722 habeat
842 1656 970 1722 domum
986 1657 1020 1721 in
1036 1657 1154 1738 Jadra,
1171 1659 1204 1721 iu

1 1768 4 1842 ξ
82 1785 138 1846 qua
152 1787 222 1829 cum
238 1763 376 1845 veniret,
387 1763 494 1828 valeat
509 1762 683 1845 hospitari:
700 1784 759 1847 pro
776 1785 842 1847 qua
858 1764 994 1830 emenda
1011 1764 1063 1829 hic
1079 1771 1203 1831 secreto

1 1861 2 1935 l
81 1873 171 1937 estin
188 1869 336 1939 Consilio
354 1877 523 1953 statutum,
549 1870 637 1954 qnod
653 1873 741 1939 circa
756 1871 873 1938 festum
890 1871 1088 1940 Natiuitatis
1105 1875 1204 1958 largi-

1 2001 2 2038 i
83 1989 170 2046 autur
186 1981 323 2047 cuilibet
338 1981 484 2064 ipsorum
496 1978 613 2044 floreni
635 1977 718 2045 OCO
737 1981 810 2045 auri
827 1981 867 2047 de
883 1983 1004 2048 uostris
1020 1980 1204 2047 redditibus

79 2095 146 2155 tune
170 2087 351 2169 habendis3
385 2095 461 2153 aute
487 2107 563 2152 vero
586 2087 658 2152 fieri
683 2089 797 2172 nequit
822 2094 960 2174 propter
985 2109 1144 2173 expensas
1170 2094 1204 2152 et

78 2204 236 2264 contracta
263 2198 374 2264 debita
400 2195 569 2262 occasione
593 2195 835 2262 fortificationis
861 2196 1027 2280 Ciuitatis,
1053 2219 1112 2263 nec
1140 2218 1203 2262 non

78 2307 319 2388 preparacionis
344 2304 438 2388 galee
465 2303 662 2388 supradicte.
689 2303 725 2370 Si
741 2305 826 2370 vltra
841 2304 964 2372 dictam
981 2307 1202 2388 quantitatem

78 2411 174 2478 volent
190 2415 224 2477 iu
242 2413 333 2478 dicta
358 2412 455 2477 domo
483 2410 675 2496 expendere,
691 2410 815 2478 iaciant
830 2415 912 2479 velle
929 2436 998 2480 suo.
1016 2412 1087 2498 Que
1103 2436 1204 2496 quan·

1 2519 2 2610 l
77 2521 146 2585 titas
170 2528 400 2588 sexcentorum
426 2519 622 2586 florenorum
649 2519 689 2584 de
713 2521 807 2588 dacio
832 2521 987 2588 becharie
1014 2521 1202 2606 supradicto

1 2628 2 2692 3
76 2629 204 2694 termino
232 2629 391 2720 soluendo
418 2629 571 2708 tollatur,
596 2635 630 2693 et
655 2629 741 2712 quod
761 2630 882 2695 dictum
899 2629 1028 2695 dacium
1044 2651 1144 2714 usque
1161 2628 1203 2694 ad

1 2739 3 2756 '
75 2738 274 2802 remanencia
290 2737 454 2802 dictorum
471 2741 699 2802 sexcentorum
714 2735 913 2804 florenorum
922 2737 956 2801 in
966 2737 1110 2820 aliquam
1128 2756 1202 2800 cau·

1 2833 2 2920 p
75 2862 135 2908 sam
151 2845 302 2910 conuerti
319 2850 351 2910 et
367 2844 522 2929 deputari
537 2863 603 2909 nou
614 2845 725 2927 possit,
742 2851 777 2909 st
792 2845 879 2910 dicto
890 2851 1035 2929 tempore
1050 2843 1202 2909 donando

1 2951 2 3041 l
73 2953 219 3033 predictis
237 2954 391 3020 Dominis
408 2952 497 3018 dieta
514 2953 682 3034 quantitas
697 2951 877 3033 habeatur;
900 2958 933 3018 et
949 2973 1046 3036 super
1062 2953 1123 3018 hoc
1138 2953 1203 3035 pri-
1251 2988 1254 2997 ·

73 3061 161 3126 uitus
188 3061 465 3127 deliberacionem
490 3067 523 3125 et
548 3060 720 3125 consilium
746 3059 865 3144 prefati
897 3059 1019 3126 domiui
1045 3059 1201 3143 Episcopi

1 3205 2 3244 p
73 3165 227 3250 babeatis,
244 3177 278 3236 et
293 3173 390 3254 prout
406 3168 448 3234 ab
464 3170 535 3252 ipso
561 3167 727 3234 habebitis
746 3169 941 3252 procedatis.
958 3169 1044 3234 Item
1061 3171 1088 3233 si
1106 3189 1201 3234 casus

1 3313 2 3320 κ
71 3283 284 3360 occurrerent,
300 3281 437 3362 propter
453 3275 539 3359 quod
563 3277 781 3343 resistendum
805 3285 891 3341 esset
907 3283 1022 3342 contra
1037 3296 1097 3342 nos
1113 3275 1202 3360 quic·

1 3444 3 3478 ,
70 3407 158 3467 quam
174 3386 432 3471 procurantibus
448 3385 482 3450 iu
500 3383 602 3450 Curia
618 3385 723 3467 Regia
738 3385 946 3466 Maiestatis;
970 3384 1200 3450 committimus

71 3492 162 3576 vobis,
179 3500 345 3578 quatenus
360 3493 476 3559 habito
503 3492 639 3558 consilio
656 3497 689 3557 et
706 3493 944 3560 deliberacione
964 3493 1087 3558 domiui
1104 3491 1201 3574 Epis-

1 3662 4 3682 ,
70 3603 134 3684 copi
150 3601 331 3670 Vacicusis
347 3623 444 3685 super
468 3600 665 3681 huiusmodi,
680 3607 718 3665 tu
734 3601 896 3668 Damione
913 3623 972 3685 pro
989 3607 1103 3667 nostro
1121 3597 1202 3664 Am·
1217 3631 1219 3635 v

1 3684 2 3773 f
69 3707 246 3776 bassiatore
264 3730 437 3775 remaneas
455 3709 497 3774 ad
513 3707 683 3794 predicta3
708 3709 792 3773 etin
813 3709 932 3775 talibus
950 3709 1077 3774 casibus
1094 3709 1202 3774 omnia

1 3849 2 3882 t
68 3815 161 3885 iacias
177 3826 354 3904 oportuna,
371 3825 404 3883 et
420 3818 554 3882 habebis
572 3841 592 3883 a
608 3817 702 3884 nobis
719 3838 739 3883 a
755 3817 919 3902 die,aquo
937 3815 1087 3882 domiuus
1104 3817 1200 3898 Epis·

1 3896 2 3976 l
67 3943 158 4010 copus
184 3935 280 3994 tuam
297 3927 540 3992 remaneuciam¹
554 3945 615 4010 pro
631 3923 788 4009 predictis
807 3925 937 3991 duxerit
951 3924 1145 4005 faciendam,
1163 3923 1197 3987 in

1 4029 2 4112 ζ
67 4041 157 4102 autea
173 4036 320 4103 florenos
336 4036 577 4121 quinquaginta
592 4035 626 4099 iu
642 4055 786 4100 mensem
802 4041 835 4100 et
851 4035 991 4115 racione,
1007 4053 1105 4116 vsque
1123 4031 1198 4096 dnm

1 4159 2 4232 ss
70 4139 205 4211 dadram
230 4143 364 4211 redibis.
394 4144 481 4210 Item
512 4145 681 4228 exponetis
712 4143 815 4226 Regie
847 4141 1028 4224 Maiestati,
1060 4139 1202 4224 qualiter

70 4249 232 4337 Egregius
251 4251 400 4317 dominus
416 4252 581 4337 Magister
596 4251 622 4318 J
623 4249 769 4318 ohannes
784 4251 947 4331 Bissenus,
965 4251 1019 4333 qui
1037 4250 1100 4314 huc
1115 4249 1205 4315 venit

1 4358 2 4424 ]
64 4363 229 4427 occasione
256 4363 472 4444 preparacion
482 4363 509 4427 is
537 4365 774 4444 oportunarum
805 4359 937 4426 nauium
968 4379 1028 4442 pro
1060 4356 1203 4422 transitu

1 4457 2 4466 ¹
64 4466 205 4546 Illustris
235 4468 374 4535 Domini
400 4471 521 4536 Karoli
547 4491 620 4536 cum
645 4474 795 4536 consorte
820 4469 863 4537 ad
888 4469 1042 4550 Regnum
1070 4463 1202 4550 Apulie,

1 4593 2 4683 ἐ
62 4579 123 4644 tam
146 4581 233 4646 bene
261 4585 293 4644 et
317 4579 527 4645 laudabiliter
554 4599 588 4644 se
615 4578 716 4662 gessit
732 4579 765 4642 in
781 4578 853 4660 hcc,
874 4576 960 4661 quod
976 4578 1068 4642 vonit
1083 4575 1201 4640 merito
