3172 5254
581 379 675 442 1379.
1131 380 1198 443 181*

74 555 209 620 dominns
236 554 311 620 Rex
334 554 438 619 noluit
465 555 551 636 quod
571 576 635 637 pax
661 561 823 620 tractetur
840 563 873 620 et
888 555 946 622 fiat
962 557 1023 636 hic,
1040 577 1114 622 cum
1131 578 1195 622 ces·

75 663 158 726 sisset
173 662 215 727 ad
231 663 389 746 majorem
406 661 561 727 honorem
587 683 688 742 snum,
706 670 740 727 ct
752 664 872 747 justius
889 672 922 728 et
937 664 1051 728 melius
1069 665 1196 730 conclu·

1 743 2 830 l
75 791 133 834 sum
150 777 234 834 esset
250 771 284 834 in
301 771 373 854 ipsa
389 791 468 853 pace
483 769 536 834 hic
554 791 650 854 qnam
667 770 754 854 alibi,
771 772 955 836 rationibus
971 772 1082 838 multis
1098 773 1195 838 dictis

1 869 2 902 l
75 899 125 959 per
140 899 215 958 nos;
241 879 413 961 opinamur
433 876 558 962 judicio
584 883 704 960 nostro,
728 880 816 960 quod
833 879 982 946 dominus
999 880 1071 946 Rex
1089 881 1196 945 volue-

1 1010 3 1028 ι
74 986 110 1049 rit
139 992 317 1052 tractatum
351 987 451 1070 ipsius
477 988 566 1069 pacis
591 987 715 1052 remitti
740 987 782 1052 ad
808 995 919 1071 partes
944 988 1019 1053 illas
1045 1009 1109 1052 nen
1136 988 1195 1054 sub

1 1119 2 1155 l
75 1092 179 1160 effectu
194 1095 295 1178 pac-is,
312 1094 369 1159 sed
386 1100 423 1158 ut
438 1093 498 1160 sibi
516 1115 572 1177 spe
588 1100 750 1161 tractatus
767 1097 868 1179 ipsius
885 1096 1046 1180 producat
1058 1103 1194 1182 tempus,

1 1273 2 1288 ,
74 1205 176 1284 inquo
193 1208 389 1285 assequatur
415 1210 448 1269 et
473 1201 592 1268 habeat
618 1205 830 1268 intentionem
848 1225 940 1268 suam
956 1201 1133 1268 secundum
1149 1204 1195 1268 in·

1 1299 2 1342 l
75 1310 293 1377 formationem
319 1310 381 1376 sibi
408 1310 517 1376 datam
535 1310 574 1375 de
591 1310 740 1376 habendo
759 1310 926 1392 Veneeias,
942 1316 974 1375 et
990 1317 1105 1376 utnon
1122 1332 1196 1394 pro·

74 1419 197 1485 rideatis
222 1417 321 1486 robis.
348 1419 487 1504 insuper
512 1420 740 1501 intelleximus,
766 1418 854 1502 quod
879 1425 993 1503 gentes
1019 1419 1194 1502 dequibus

74 1551 162 1611 snpra
178 1529 215 1593 fit
231 1531 363 1610 mentio,
379 1530 413 1593 in
430 1528 578 1594 kalendis
595 1527 739 1612 Augusti
756 1529 870 1594 inillis
887 1529 1035 1612 partibus
1052 1550 1122 1594 esse
1139 1529 1194 1592 de-

73 1633 149 1700 bent.
165 1636 229 1702 His
246 1637 388 1720 seriptis,
405 1635 482 1701 dnm
508 1638 692 1720 paravimus
709 1659 767 1701 nos
785 1637 826 1702 ad
843 1657 1012 1716 recessum,
1029 1636 1192 1701 Reveren-

73 1744 215 1810 dissimus
241 1751 337 1828 pater
363 1744 511 1810 dominus
528 1744 703 1810 Generalis
722 1743 804 1808 dixit
820 1744 922 1824 nobis,
940 1744 1029 1824 quod
1046 1745 1193 1808 dominus

73 1851 137 1917 Rex
152 1852 287 1917 miserat
302 1853 363 1918 sibi
379 1850 517 1917 (licendo
534 1875 591 1936 per
602 1853 793 1937 lllinistrum
804 1852 899 1916 istius
910 1851 1094 1930 Provincie,
1105 1850 1192 1935 quod

74 1959 199 2024 deberet
220 1983 278 2025 nos
304 1961 443 2026 invitare
461 1967 493 2024 et
509 1960 603 2026 nobis
620 1959 812 2044 significare,
830 1959 915 2041 quod
932 1963 1092 2024 statuerat
1108 1959 1193 2023 diem

72 2069 225 2151 stlocum,
242 2071 275 2134 in
293 2068 411 2150 quibus
429 2070 644 2153 pertractari
661 2069 813 2148 deberet;
828 2066 988 2146 videlieet,
999 2067 1032 2130 in
1043 2065 1193 2130 kalendis

1 2203 2 2256 ι
72 2175 216 2261 Augusti,
232 2184 265 2243 et
280 2178 352 2242 loco
370 2176 481 2258 Sacili,
498 2180 530 2241 iu
548 2198 612 2260 qno
627 2178 698 2242 loco
716 2177 865 2241 dominus
876 2175 1023 2240 Karolns
1040 2195 1113 2240 cum
1129 2174 1193 2240 Ba-

70 2287 150 2351 ronis
166 2287 234 2352 suis
251 2285 387 2351 haberet
411 2286 541 2369 plenum
566 2286 756 2352 mandatnm
782 2291 813 2350 et
840 2285 971 2369 plenam
997 2287 1193 2366 potestatem

71 2395 225 2461 tractandi
253 2402 287 2458 et
311 2394 523 2460 concludendi
549 2395 582 2459 in
607 2416 705 2478 pace,
731 2400 763 2459 et
789 2393 875 2476 quod
908 2392 1093 2460 ordinatum
1110 2399 1192 2471 erat,

71 2502 210 2583 quodibi
226 2510 336 2568 essent
352 2504 450 2568 etiam
467 2501 580 2566 sindici
595 2501 822 2586 colligatorum
838 2523 909 2566 cnm
920 2501 1017 2585 pleno
1029 2499 1193 2566 mandate.

70 2607 140 2674 Alia
157 2611 258 2675 etiam
285 2609 378 2676 nobis
405 2611 487 2676 dixit
508 2610 613 2676 dictus
640 2608 814 2676 Generalis
833 2609 894 2674 sibi
911 2609 1077 2674 notificata
1092 2608 1191 2673 luisse

69 2725 154 2799 parte
171 2717 296 2782 domini
313 2719 424 2802 Regis,
440 2718 479 2782 de
495 2721 548 2784 via
565 2741 662 2801 qumn
680 2719 784 2802 ipsum
811 2718 917 2782 facere
935 2723 967 2782 ot
983 2723 1093 2782 tenere
1109 2718 1193 2782 vols·

69 2825 126 2907 bat,
142 2828 183 2891 de
202 2849 265 2909 quo
283 2849 349 2891 non
365 2825 563 2908 dubitamus,
590 2827 678 2911 quod
694 2829 762 2910 ipse
780 2827 929 2892 dominus
947 2822 1118 2890 Generalis
1135 2846 1193 2908 per

70 2955 135 2999 suas
150 2936 283 3001 litteras
310 2934 354 3000 ad
379 2935 509 3018 plenum
526 2935 718 3001 informabit
732 2933 998 3000 Dominationenr
1028 2933 1192 3000 Vestram.

68 3041 152 3110 Bude
170 3044 297 3110 XXII.
314 3043 338 3111 J
341 3043 408 3128 unij
426 3044 507 3110 hora
523 3051 614 3110 sexta
630 3044 743 3110 noetis.

198 3241 256 3327 10)
282 3239 314 3306 A
338 3241 572 3308 velenczci
596 3241 794 3325 (logenek
820 3263 840 3306 a
862 3238 1059 3304 kbvetek.

166 3369 346 3454 Replieata
362 3367 424 3432 fuit
439 3368 614 3452 precedens
632 3368 746 3433 littera
771 3389 843 3432 cum
861 3368 925 3432 ista
941 3365 1125 3432 addictione
1141 3365 1192 3430 die

67 3474 219 3543 XXVII.
236 3476 329 3561 Junij
347 3475 430 3540 bora
446 3482 566 3560 quarta
582 3477 686 3540 noetis
702 3476 734 3540 in
753 3474 905 3541 Oresvar.
933 3475 1016 3540 Post
1032 3475 1191 3559 premissa

68 3583 112 3649 die
137 3586 279 3654 Veneris
305 3583 504 3652 XXVIIII.
530 3584 650 3649 mensis
676 3585 846 3667 presentis,
867 3605 931 3668 quo
948 3585 1137 3650 recessimus
1153 3583 1198 3647 de

66 3690 163 3776 Bada,
180 3696 356 3762 habuimus
373 3715 393 3760 a
408 3714 548 3777 persona
564 3693 826 3776 fidedignisaima,
837 3700 915 3758 nota
926 3693 1055 3758 domino
1066 3694 1090 3760 J
1092 3689 1194 3758 acobo

67 3800 102 3864 de
118 3803 240 3868 Priolis
256 3809 290 3868 et
306 3802 403 3868 michi
419 3801 590 3882 Zaclrarie,
606 3799 781 3865 informata
797 3801 838 3866 de
854 3800 1098 3866 condicionibus
1114 3798 1193 3864 Dal-

68 3913 158 3974 matis
160 3933 287 3995 ,quam
313 3909 443 3995 quidem
470 3931 643 3995 personam
664 3909 845 3993 reperimus
862 3929 989 3991 semper
1006 3906 1126 3972 dixisse
1143 3929 1193 3972 vs-

1 4033 2 4049 ’
68 4038 132 4083 rum
148 4023 182 4084 in
198 4021 274 4105 alijs
291 4020 481 4104 preteritis:
498 4018 586 4101 quod
602 4039 641 4082 ex
657 4015 905 4081 crudelitatibus
922 4019 1033 4099 perpet
1036 4015 1115 4080 ratis
1133 4038 1192 4099 per

67 4135 171 4209 gentes
198 4151 253 4194 ves
255 4135 325 4194 tras
342 4129 376 4192 in
391 4125 489 4193 dictis
514 4125 717 4209 partibus,et
684 4122 885 4206 especialit
887 4145 921 4187 er
937 4123 971 4186 in
987 4121 1133 4188 Clrataro
1160 4129 1193 4188 et

1 4233 205 4310 Sibinico
208 4241 405 4321 ,provocate
432 4239 507 4300 sunt
528 4255 638 4298 omnes
654 4253 716 4316 gen
718 4239 766 4296 tes
718 4231 944 4296 tdictarum
961 4231 1102 4314 partium
1119 4253 1193 4296 con-

68 4349 116 4408 tra
130 4344 395 4410 Dominationern
413 4341 575 4409 Vestram.
592 4341 664 4406 Hoc
680 4340 832 4423 equidem
849 4337 941 4420 dixit,
958 4338 1037 4421 qnia
1053 4337 1109 4403 ubi
1127 4341 1192 4421 pri·

69 4475 116 4520 mo
132 4463 206 4521 aute
224 4456 386 4522 novitates
413 4453 475 4520 sibi
501 4453 605 4518 factas
625 4452 723 4516 invite
740 4456 774 4514 et
790 4449 967 4514 difficiliter
987 4449 1068 4514 moti
1085 4454 1192 4512 essent

70 4561 107 4627 ad
122 4564 272 4630 damnum
299 4570 453 4644 vestrum,
479 4584 562 4627 nunc
586 4559 749 4644 indignati
765 4564 798 4622 et
815 4558 993 4640 prouocati,
1009 4564 1046 4624 ut
1062 4557 1191 4630 dicitnr,
