3214 5250
573 361 667 421 1386.
1120 359 1183 418 603

54 536 308 612 serretellata
333 537 501 603 Florentio
529 537 580 602 die
607 535 686 603 XV.
715 536 828 601 Martii
857 535 972 602 VIIH.
999 534 1184 600 indictionis

53 640 373 715 MOCCLXXXV.

52 789 176 848 (Eredeti
190 791 403 858 logalmazvany
426 807 443 842 a
467 793 602 856 ›Signori,
627 793 783 856 Certeggie,
807 792 932 842 hilarine«
958 793 1010 842 stb.
1034 792 1094 840 XX.
1109 791 1185 840 kilte-

250 883 337 946 gtben
353 887 412 936 165.
425 899 461 946 ez,
476 900 510 947 a,
523 899 540 934 a
553 886 692 948 floreuczy
705 899 778 948 nagy
792 882 986 942 leschin-ban.)

587 1209 659 1270 339.

52 1362 80 1432 Α
107 1369 162 1433 Iria
188 1369 313 1456 Kdrolpr
337 1393 476 1458 nrccyyor
501 1369 682 1458 hirdlynalc
699 1371 1026 1456 Moppororazdpban
1042 1369 1183 1455 szolpa'lo'

160 1477 247 1542 clara
263 1478 506 1543 hurczosolcnolc
523 1503 544 1542 a
553 1478 708 1566 floreoczi
724 1479 943 1565 kiiztdrsaady.
971 1479 1066 1544 luco.

268 1637 398 1703 Italicis
414 1639 448 1703 in
464 1639 639 1722 Hungaria
655 1637 882 1704 militantibus.

162 1745 440 1811 Contremuerunt
463 1747 525 1810 riri
551 1747 685 1828 strenui,
702 1745 761 1810 viri
779 1745 889 1826 fortes,
915 1751 1178 1812 contremuerunt

53 1853 176 1918 uiscera
192 1858 315 1934 nostra,
342 1851 580 1938 obstupuerunt
605 1861 738 1933 mentes,
755 1860 787 1918 et
803 1855 948 1919 attonita
974 1861 1049 1920 sunt
1066 1860 1182 1918 nostra

52 1961 225 2045 precordia
242 1961 428 2042 sentientes,
446 1963 532 2044 quod
549 1962 720 2028 horremus
738 1962 888 2045 scribere,
905 1961 1063 2045 quosdam
1074 1960 1182 2044 prodi-

52 2069 149 2135 tionis
167 2067 261 2151 filios,
277 2074 371 2134 tanta
386 2069 605 2152 malignitatis
625 2071 798 2154 iniquitate
815 2071 966 2154 repletos,
983 2069 1069 2152 qnod
1086 2069 1183 2134 sacri-

52 2179 142 2263 legas
159 2199 273 2244 manus
290 2179 361 2243 ansi
377 2184 454 2242 sunt
470 2179 503 2242 in
521 2176 689 2244 Christum
713 2178 856 2262 Domini,
874 2186 907 2244 et
923 2178 1102 2262 legitimum
1119 2177 1182 2242 Re·

14 2349 16 2358 .
55 2309 127 2370 gem
144 2307 247 2368 suum,
264 2294 364 2370 atque
381 2288 565 2352 naturalem
583 2285 760 2354 Dominum
770 2286 912 2354 furentes
923 2310 1036 2381 manus
1047 2287 1183 2351 miscere

53 2395 154 2482 (igy);
179 2417 295 2480 corpus
312 2393 517 2461 Serenissimi
545 2395 707 2479 Principis
724 2403 757 2461 et
773 2394 907 2462 Domini
925 2395 1043 2460 domini
1062 2394 1182 2461 Karoli

52 2503 157 2569 Tertii
168 2503 572 2588 Hunga1·ie,Jerhusalcm
590 2509 621 2569 et
638 2501 749 2570 Sicilie
765 2503 876 2588 Regis
891 2503 1064 2570 horrendis
1076 2503 1184 2569 vulne-

52 2613 142 2677 ribus
160 2611 290 2677 niolare.
308 2613 392 2678 Ausi
408 2612 536 2694 quidem
552 2617 628 2677 sunt
643 2611 758 2677 famuli
775 2619 889 2677 contra
906 2612 1091 2694 Dominum,
1109 2612 1183 2676 snb-

53 2721 111 2785 diti
128 2726 244 2786 contra
259 2719 392 2805 Regem,
403 2722 567 2805 prophani
585 2727 699 2786 contra
716 2743 852 2786 sacrum.
865 2717 957 2785 Sacri
968 2721 1097 2804 quidem
1109 2726 1185 2785 sunt

52 2828 175 2894 inuncti
201 2829 326 2912 Reges3
351 2836 385 2895 et
410 2827 498 2910 quod
524 2828 741 2894 damnabilius
758 2835 817 2911 est,
832 2829 864 2891 iu
884 2847 1015 2894 suarum
1041 2827 1180 2909 Regina·

33 2999 35 3002 .
54 2958 121 3001 rum
140 2943 319 3021 conspectu
344 2943 473 3002 tautum
490 2943 522 3001 et
538 2941 605 3002 tam
616 2935 835 3002 abominabile
847 2933 971 3000 facinus
982 2942 1181 3019 perpetrare.

54 3041 132 3127 Quis
150 3043 280 3110 abunde
296 3052 406 3129 posset
422 3051 490 3110 tam
507 3024 695 3110 horribilem
713 3065 823 3109 casum
844 3042 950 3126 dignis
971 3064 1031 3126 pro
1043 3043 1183 3107 materia

53 3152 156 3219 verbis
174 3155 335 3236 prosequi,
360 3159 391 3216 et
421 3157 577 3236 quantum
600 3152 735 3217 admissi
752 3149 890 3235 requirit
905 3152 1064 3217 atrocitas
1079 3151 1184 3236 indig-

54 3262 149 3326 nari?
174 3262 307 3326 Effusns
318 3269 369 3326 est
379 3262 505 3345 Regius
517 3261 649 3343 sanguis
661 3262 696 3325 in
712 3261 913 3344 Reginorum
925 3267 1183 3343 aspectu:rupta

54 3368 241 3452 Principum
270 3371 462 3450 reverentia,
488 3368 619 3434 sublata
635 3370 802 3452 securitas,
828 3369 1059 3433 comminutum
1076 3389 1183 3432 sacra·
1273 3372 1278 3383 '

54 3477 211 3544 tissimum
229 3477 309 3542 illud
326 3499 453 3561 corpus,
470 3481 585 3561 totque
602 3477 789 3542 vulneribus
806 3478 994 3542 laceratum.
1020 3477 1183 3560 Ereptum

54 3592 100 3650 tot
111 3587 150 3650 de
162 3586 287 3669 Regnis
304 3591 412 3669 capnt,
422 3587 520 3674 etqui
537 3585 634 3669 paulo
646 3591 720 3650 ante
737 3587 823 3649 inter
839 3591 971 3650 cunctos
989 3574 1183 3650 Christiani-

54 3695 129 3759 tatis
147 3693 318 3777 Principes
334 3695 369 3758 in
384 3699 479 3759 tanta
495 3695 610 3777 gloria,
627 3698 742 3774 totque
758 3691 948 3776 Regnorum
969 3692 1106 3776 sceptris
1131 3715 1184 3756 ex-

55 3801 249 3867 celsissimus
276 3801 459 3882 eminebat;
485 3798 548 3866 heu
565 3800 667 3882 dolor,
686 3800 755 3865 hen
772 3801 886 3884 pudor,
902 3800 1094 3865 truculentis
1110 3821 1183 3883 pro·

56 3909 216 3977 ditoribus
232 3930 313 3994 pene
340 3910 471 3976 victima
492 3909 605 3994 jacuit,
623 3916 656 3975 et
672 3930 757 3974 nunc
773 3908 916 3974 intrusus
933 3931 1071 3991 carcere,
1089 3910 1183 3992 quasi

56 4013 138 4084 bello
157 4024 282 4102 captus,
300 4018 349 4084 rel
366 4019 517 4102 capitalis
528 4039 602 4083 reus
613 4018 756 4087 criminis
769 4017 939 4083 detinetur.
957 4017 1031 4082 Heu
1044 4018 1184 4099 fortuna,

57 4126 130 4192 riris
147 4127 259 4194 invida
284 4126 433 4211 sortibus,
449 4133 487 4192 ut
513 4127 658 4210 tragicus
684 4128 738 4191 ait.
767 4126 912 4191 Hoccine
929 4126 1063 4191 latuisse
1090 4128 1183 4192 decet

56 4235 136 4299 tanti
153 4233 284 4300 sceleris
301 4233 607 4319 patratoribus..An
625 4235 672 4299 ita
688 4234 808 4317 frigida
824 4233 903 4300 fides
920 4234 1059 4317 populis,
1077 4235 1185 4300 subla·

56 4345 170 4425 tusque
188 4343 376 4426 proceribus
399 4344 534 4428 juribus,
561 4343 647 4426 quod
669 4349 736 4406 tam
753 4341 950 4407 detestabile
967 4342 1094 4407 lacinus
1121 4366 1184 4408 non

57 4448 196 4516 inveniat
224 4449 410 4528 ultionem?
433 4451 497 4518 Sed
524 4458 652 4534 tempus
668 4457 716 4516 est
732 4450 899 4530 medicine,
917 4472 1012 4532 quam
1033 4451 1183 4534 ‹pucrele;

58 4563 88 4622 ut
106 4557 280 4626 Sererinns
307 4567 416 4626 nostor
442 4561 559 4643 inquit.
585 4559 783 4626 Omittamus
812 4558 975 4622 lacrimas.
1002 4559 1180 4624 Mulierum
