<?xml version="1.0" encoding="UTF-8"?>
<!DOCTYPE html PUBLIC "-//W3C//DTD XHTML 1.0 Transitional//EN"
    "http://www.w3.org/TR/xhtml1/DTD/xhtml1-transitional.dtd">
<html xmlns="http://www.w3.org/1999/xhtml" xml:lang="en" lang="en">
 <head>
  <title>
</title>
<meta http-equiv="Content-Type" content="text/html;charset=utf-8" />
  <meta name='ocr-system' content='tesseract 3.04.00' />
  <meta name='ocr-capabilities' content='ocr_page ocr_carea ocr_par ocr_line ocrx_word'/>
</head>
<body>
  <div class='ocr_page' id='page_1' title='image "./magyardiplomacz00wenzgoog_0427.png"; bbox 0 0 3190 5252; ppageno 0'>
   <div class='ocr_carea' id='block_1_1' title="bbox 616 389 711 453">
    <p class='ocr_par' dir='ltr' id='par_1_1' title="bbox 616 389 711 453">
     <span class='ocr_line' id='line_1_1' title="bbox 616 389 711 453; baseline 0 -1"><span class='ocrx_word' id='word_1_1' title='bbox 616 389 711 453; x_wconf 88' lang='grc'><strong>1380.</strong></span> 
     </span>
    </p>
   </div>
   <div class='ocr_carea' id='block_1_2' title="bbox 629 697 702 757">
    <p class='ocr_par' dir='ltr' id='par_1_2' title="bbox 629 697 702 757">
     <span class='ocr_line' id='line_1_2' title="bbox 629 697 702 757; baseline 0.014 -1"><span class='ocrx_word' id='word_1_2' title='bbox 629 697 702 757; x_wconf 78' lang='lat'><strong>192.</strong></span> 
     </span>
    </p>
   </div>
   <div class='ocr_carea' id='block_1_3' title="bbox 189 855 1136 942">
    <p class='ocr_par' dir='ltr' id='par_1_3' title="bbox 189 855 1136 942">
     <span class='ocr_line' id='line_1_3' title="bbox 189 855 1136 942; baseline 0.001 -24"><span class='ocrx_word' id='word_1_3' title='bbox 189 855 314 919; x_wconf 84' lang='lat' dir='ltr'><strong>Vilmoa</strong></span> <span class='ocrx_word' id='word_1_4' title='bbox 327 857 422 941; x_wconf 72' lang='lat' dir='ltr'><strong>qydri</strong></span> <span class='ocrx_word' id='word_1_5' title='bbox 435 855 624 941; x_wconf 79' lang='lat' dir='ltr'><strong>pttapb&#39;lrnelr</strong></span> <span class='ocrx_word' id='word_1_6' title='bbox 641 879 662 918; x_wconf 88' lang='lat' dir='ltr'><strong>o</strong></span> <span class='ocrx_word' id='word_1_7' title='bbox 670 855 829 942; x_wconf 77' lang='lat' dir='ltr'><strong>storenezi</strong></span> <span class='ocrx_word' id='word_1_8' title='bbox 845 856 1014 940; x_wconf 76' lang='lat' dir='ltr'><strong>lcormday.</strong></span> <span class='ocrx_word' id='word_1_9' title='bbox 1040 860 1136 922; x_wconf 80' lang='lat'><strong>1380.</strong></span> 
     </span>
    </p>
   </div>
   <div class='ocr_carea' id='block_1_4' title="bbox 1 1014 1226 2284">
    <p class='ocr_par' dir='ltr' id='par_1_4' title="bbox 310 1014 671 1098">
     <span class='ocr_line' id='line_1_4' title="bbox 310 1014 671 1098; baseline 0.003 -19"><span class='ocrx_word' id='word_1_10' title='bbox 310 1014 477 1098; x_wconf 80' lang='lat' dir='ltr'><strong>Episcopo</strong></span> <span class='ocrx_word' id='word_1_11' title='bbox 492 1014 518 1080; x_wconf 85' lang='lat' dir='ltr'>J</span> <span class='ocrx_word' id='word_1_12' title='bbox 519 1015 671 1080; x_wconf 87' lang='lat' dir='ltr'><strong>auriensi.</strong></span> 
     </span>
    </p>

    <p class='ocr_par' dir='ltr' id='par_1_5' title="bbox 1 1119 1226 2284">
     <span class='ocr_line' id='line_1_5' title="bbox 199 1119 1226 1204; baseline 0.004 -18"><span class='ocrx_word' id='word_1_13' title='bbox 199 1122 393 1189; x_wconf 86' lang='lat' dir='ltr'><strong>Reverendo</strong></span> <span class='ocrx_word' id='word_1_14' title='bbox 409 1125 444 1188; x_wconf 90' lang='lat' dir='ltr'><strong>in</strong></span> <span class='ocrx_word' id='word_1_15' title='bbox 461 1119 594 1188; x_wconf 85' lang='lat' dir='ltr'><strong>Christo</strong></span> <span class='ocrx_word' id='word_1_16' title='bbox 611 1122 721 1188; x_wconf 88' lang='lat' dir='ltr'><strong>Pater.</strong></span> <span class='ocrx_word' id='word_1_17' title='bbox 740 1121 969 1190; x_wconf 81' lang='lat' dir='ltr'><strong>Gratissimum</strong></span> <span class='ocrx_word' id='word_1_18' title='bbox 986 1123 1079 1190; x_wconf 91' lang='lat' dir='ltr'><strong>nobis</strong></span> <span class='ocrx_word' id='word_1_19' title='bbox 1095 1131 1153 1204; x_wconf 90' lang='lat' dir='ltr'><strong>est,</strong></span> <span class='ocrx_word' id='word_1_20' title='bbox 1169 1147 1226 1190; x_wconf 89' lang='lat' dir='ltr'><strong>vos</strong></span> 
     </span>
     <span class='ocr_line' id='line_1_6' title="bbox 93 1225 1226 1315; baseline 0.002 -21"><span class='ocrx_word' id='word_1_21' title='bbox 93 1231 265 1296; x_wconf 80' lang='lat' dir='ltr'><strong>clarissimi</strong></span> <span class='ocrx_word' id='word_1_22' title='bbox 292 1231 458 1315; x_wconf 89' lang='lat' dir='ltr'><strong>Principis</strong></span> <span class='ocrx_word' id='word_1_23' title='bbox 486 1225 609 1297; x_wconf 88' lang='lat' dir='ltr'><strong>domini</strong></span> <span class='ocrx_word' id='word_1_24' title='bbox 636 1231 755 1297; x_wconf 85' lang='lat' dir='ltr'><strong>Karoli</strong></span> <span class='ocrx_word' id='word_1_25' title='bbox 780 1233 857 1314; x_wconf 80' lang='lat' dir='ltr'><strong>rice,</strong></span> <span class='ocrx_word' id='word_1_26' title='bbox 884 1237 952 1298; x_wconf 89' lang='lat' dir='ltr'><strong>tam</strong></span> <span class='ocrx_word' id='word_1_27' title='bbox 976 1233 1060 1313; x_wconf 87' lang='lat' dir='ltr'><strong>istic,</strong></span> <span class='ocrx_word' id='word_1_28' title='bbox 1077 1253 1175 1314; x_wconf 89' lang='lat' dir='ltr'><strong>quam</strong></span> <span class='ocrx_word' id='word_1_29' title='bbox 1191 1232 1226 1296; x_wconf 90' lang='lat' dir='ltr'><strong>in</strong></span> 
     </span>
     <span class='ocr_line' id='line_1_7' title="bbox 92 1337 1226 1422; baseline 0.003 -20"><span class='ocrx_word' id='word_1_30' title='bbox 92 1337 167 1422; x_wconf 82' lang='lat' dir='ltr'><strong>alijs</strong></span> <span class='ocrx_word' id='word_1_31' title='bbox 183 1337 282 1406; x_wconf 90' lang='lat' dir='ltr'><strong>terris</strong></span> <span class='ocrx_word' id='word_1_32' title='bbox 308 1337 369 1404; x_wconf 91' lang='lat' dir='ltr'><strong>sibi</strong></span> <span class='ocrx_word' id='word_1_33' title='bbox 395 1339 535 1405; x_wconf 90' lang='lat' dir='ltr'><strong>subditis</strong></span> <span class='ocrx_word' id='word_1_34' title='bbox 551 1339 752 1404; x_wconf 84' lang='lat' dir='ltr'><strong>remansisse.</strong></span> <span class='ocrx_word' id='word_1_35' title='bbox 777 1341 832 1422; x_wconf 85' lang='lat' dir='ltr'><strong>Et,</strong></span> <span class='ocrx_word' id='word_1_36' title='bbox 849 1346 886 1405; x_wconf 88' lang='lat' dir='ltr'><strong>ut</strong></span> <span class='ocrx_word' id='word_1_37' title='bbox 901 1341 1089 1404; x_wconf 89' lang='lat' dir='ltr'><strong>omittamus</strong></span> <span class='ocrx_word' id='word_1_38' title='bbox 1105 1344 1226 1405; x_wconf 83' lang='lat' dir='ltr'><strong>etatem</strong></span> 
     </span>
     <span class='ocr_line' id='line_1_8' title="bbox 93 1446 1226 1532; baseline 0.004 -24"><span class='ocrx_word' id='word_1_39' title='bbox 93 1453 212 1511; x_wconf 89' lang='lat' dir='ltr'><strong>natura</strong></span> <span class='ocrx_word' id='word_1_40' title='bbox 229 1449 302 1530; x_wconf 88' lang='lat' dir='ltr'><strong>ipsa</strong></span> <span class='ocrx_word' id='word_1_41' title='bbox 317 1447 408 1530; x_wconf 86' lang='lat' dir='ltr'><strong>pacis</strong></span> <span class='ocrx_word' id='word_1_42' title='bbox 425 1447 575 1527; x_wconf 80' lang='lat' dir='ltr'><strong>avidam3</strong></span> <span class='ocrx_word' id='word_1_43' title='bbox 591 1453 627 1512; x_wconf 89' lang='lat' dir='ltr'><strong>ut</strong></span> <span class='ocrx_word' id='word_1_44' title='bbox 642 1448 831 1513; x_wconf 88' lang='lat' dir='ltr'><strong>omittamus</strong></span> <span class='ocrx_word' id='word_1_45' title='bbox 850 1447 1022 1530; x_wconf 86' lang='lat' dir='ltr'><strong>dignitatis</strong></span> <span class='ocrx_word' id='word_1_46' title='bbox 1038 1446 1175 1532; x_wconf 83' lang='lat' dir='ltr'><strong>gradum</strong></span> <span class='ocrx_word' id='word_1_47' title='bbox 1192 1452 1226 1512; x_wconf 88' lang='lat' dir='ltr'><strong>et</strong></span> 
     </span>
     <span class='ocr_line' id='line_1_9' title="bbox 90 1555 1226 1640; baseline 0.004 -24"><span class='ocrx_word' id='word_1_48' title='bbox 90 1555 336 1637; x_wconf 79' lang='lat' dir='ltr'><strong>professionem,</strong></span> <span class='ocrx_word' id='word_1_49' title='bbox 362 1577 459 1638; x_wconf 88' lang='lat' dir='ltr'><strong>quam</strong></span> <span class='ocrx_word' id='word_1_50' title='bbox 486 1555 607 1624; x_wconf 86' lang='lat' dir='ltr'><strong>lecistis</strong></span> <span class='ocrx_word' id='word_1_51' title='bbox 622 1556 658 1620; x_wconf 94' lang='lat' dir='ltr'><strong>in</strong></span> <span class='ocrx_word' id='word_1_52' title='bbox 673 1556 826 1637; x_wconf 89' lang='lat' dir='ltr'><strong>Domino,</strong></span> <span class='ocrx_word' id='word_1_53' title='bbox 843 1577 902 1640; x_wconf 88' lang='lat' dir='ltr'><strong>pro</strong></span> <span class='ocrx_word' id='word_1_54' title='bbox 919 1578 984 1639; x_wconf 89' lang='lat' dir='ltr'><strong>qua</strong></span> <span class='ocrx_word' id='word_1_55' title='bbox 1001 1562 1051 1622; x_wconf 85' lang='lat' dir='ltr'><strong>est</strong></span> <span class='ocrx_word' id='word_1_56' title='bbox 1078 1556 1226 1622; x_wconf 85' lang='lat' dir='ltr'><strong>iniuncta</strong></span> 
     </span>
     <span class='ocr_line' id='line_1_10' title="bbox 91 1662 1225 1747; baseline 0.003 -21"><span class='ocrx_word' id='word_1_57' title='bbox 91 1663 274 1728; x_wconf 81' lang='lat' dir='ltr'><strong>necessitas</strong></span> <span class='ocrx_word' id='word_1_58' title='bbox 290 1662 562 1746; x_wconf 75' lang='lat' dir='ltr'><strong>tranquillitatem</strong></span> <span class='ocrx_word' id='word_1_59' title='bbox 579 1669 612 1728; x_wconf 83' lang='lat' dir='ltr'><strong>et</strong></span> <span class='ocrx_word' id='word_1_60' title='bbox 627 1685 739 1747; x_wconf 89' lang='lat' dir='ltr'><strong>pacem</strong></span> <span class='ocrx_word' id='word_1_61' title='bbox 760 1662 864 1729; x_wconf 91' lang='lat' dir='ltr'><strong>modis</strong></span> <span class='ocrx_word' id='word_1_62' title='bbox 881 1662 1031 1728; x_wconf 89' lang='lat' dir='ltr'><strong>omnibus</strong></span> <span class='ocrx_word' id='word_1_63' title='bbox 1048 1685 1225 1746; x_wconf 84' lang='lat' dir='ltr'><strong>procuran-</strong></span> 
     </span>
     <span class='ocr_line' id='line_1_11' title="bbox 90 1769 1224 1855; baseline 0.002 -21"><span class='ocrx_word' id='word_1_64' title='bbox 90 1769 124 1835; x_wconf 88' lang='lat' dir='ltr'><strong>di</strong></span> <span class='ocrx_word' id='word_1_65' title='bbox 138 1794 145 1850; x_wconf 80' lang='lat'>3</span> <span class='ocrx_word' id='word_1_66' title='bbox 170 1770 245 1854; x_wconf 90' lang='lat' dir='ltr'><strong>quis</strong></span> <span class='ocrx_word' id='word_1_67' title='bbox 262 1769 420 1852; x_wconf 86' lang='lat' dir='ltr'><strong>potuisset</strong></span> <span class='ocrx_word' id='word_1_68' title='bbox 436 1770 554 1855; x_wconf 91' lang='lat' dir='ltr'><strong>populo</strong></span> <span class='ocrx_word' id='word_1_69' title='bbox 569 1776 682 1836; x_wconf 89' lang='lat' dir='ltr'><strong>nostro</strong></span> <span class='ocrx_word' id='word_1_70' title='bbox 699 1776 731 1836; x_wconf 92' lang='lat' dir='ltr'><strong>et</strong></span> <span class='ocrx_word' id='word_1_71' title='bbox 748 1771 842 1836; x_wconf 91' lang='lat' dir='ltr'><strong>nobis</strong></span> <span class='ocrx_word' id='word_1_72' title='bbox 852 1771 1018 1854; x_wconf 87' lang='lat' dir='ltr'><strong>acceptior</strong></span> <span class='ocrx_word' id='word_1_73' title='bbox 1033 1770 1066 1834; x_wconf 93' lang='lat' dir='ltr'><strong>in</strong></span> <span class='ocrx_word' id='word_1_74' title='bbox 1085 1769 1224 1836; x_wconf 85' lang='lat' dir='ltr'><strong>Aretina</strong></span> 
     </span>
     <span class='ocr_line' id='line_1_12' title="bbox 89 1877 1223 1963; baseline 0.002 -23"><span class='ocrx_word' id='word_1_75' title='bbox 89 1877 232 1958; x_wconf 84' lang='lat' dir='ltr'><strong>civitate,</strong></span> <span class='ocrx_word' id='word_1_76' title='bbox 259 1899 298 1942; x_wconf 83' lang='lat' dir='ltr'><strong>ex</strong></span> <span class='ocrx_word' id='word_1_77' title='bbox 323 1878 414 1943; x_wconf 88' lang='lat' dir='ltr'><strong>onius</strong></span> <span class='ocrx_word' id='word_1_78' title='bbox 439 1879 685 1963; x_wconf 83' lang='lat' dir='ltr'><strong>propinquitate</strong></span> <span class='ocrx_word' id='word_1_79' title='bbox 712 1878 804 1944; x_wconf 92' lang='lat' dir='ltr'><strong>nobis</strong></span> <span class='ocrx_word' id='word_1_80' title='bbox 830 1879 928 1942; x_wconf 88' lang='lat' dir='ltr'><strong>estin</strong></span> <span class='ocrx_word' id='word_1_81' title='bbox 945 1878 1019 1961; x_wconf 89' lang='lat' dir='ltr'><strong>ipsa</strong></span> <span class='ocrx_word' id='word_1_82' title='bbox 1045 1900 1109 1961; x_wconf 88' lang='lat' dir='ltr'><strong>pax</strong></span> <span class='ocrx_word' id='word_1_83' title='bbox 1123 1879 1223 1960; x_wconf 86' lang='lat' dir='ltr'><strong>utilis,</strong></span> 
     </span>
     <span class='ocr_line' id='line_1_13' title="bbox 88 1982 1222 2068; baseline 0 -20"><span class='ocrx_word' id='word_1_84' title='bbox 88 1983 287 2049; x_wconf 83' lang='lat' dir='ltr'><strong>remanere?</strong></span> <span class='ocrx_word' id='word_1_85' title='bbox 310 1982 387 2049; x_wconf 90' lang='lat' dir='ltr'><strong>Non</strong></span> <span class='ocrx_word' id='word_1_86' title='bbox 412 1984 513 2068; x_wconf 83' lang='lat' dir='ltr'><strong>igitur</strong></span> <span class='ocrx_word' id='word_1_87' title='bbox 538 1984 665 2050; x_wconf 89' lang='lat' dir='ltr'><strong>dubitet</strong></span> <span class='ocrx_word' id='word_1_88' title='bbox 690 1983 814 2053; x_wconf 86' lang='lat' dir='ltr'><strong>Vestra</strong></span> <span class='ocrx_word' id='word_1_89' title='bbox 839 1982 1038 2062; x_wconf 86' lang='lat' dir='ltr'><strong>Paternitas‚</strong></span> <span class='ocrx_word' id='word_1_90' title='bbox 1061 1982 1148 2065; x_wconf 92' lang='lat' dir='ltr'><strong>quod</strong></span> <span class='ocrx_word' id='word_1_91' title='bbox 1164 2006 1222 2068; x_wconf 88' lang='lat' dir='ltr'><strong>per</strong></span> 
     </span>
     <span class='ocr_line' id='line_1_14' title="bbox 1 2091 1223 2188; baseline 0 -32"><span class='ocrx_word' id='word_1_92' title='bbox 1 2175 2 2188; x_wconf 10' lang='grc' dir='ltr'>χ</span> <span class='ocrx_word' id='word_1_93' title='bbox 89 2113 150 2156; x_wconf 92' lang='lat' dir='ltr'><strong>nos</strong></span> <span class='ocrx_word' id='word_1_94' title='bbox 169 2091 289 2157; x_wconf 89' lang='lat' dir='ltr'><strong>debeat</strong></span> <span class='ocrx_word' id='word_1_95' title='bbox 305 2091 431 2175; x_wconf 87' lang='lat' dir='ltr'><strong>aliquid</strong></span> <span class='ocrx_word' id='word_1_96' title='bbox 448 2092 606 2174; x_wconf 84' lang='lat' dir='ltr'><strong>innovari,</strong></span> <span class='ocrx_word' id='word_1_97' title='bbox 625 2099 659 2157; x_wconf 90' lang='lat' dir='ltr'><strong>et</strong></span> <span class='ocrx_word' id='word_1_98' title='bbox 676 2092 763 2174; x_wconf 91' lang='lat' dir='ltr'><strong>quod</strong></span> <span class='ocrx_word' id='word_1_99' title='bbox 780 2113 819 2156; x_wconf 91' lang='lat' dir='ltr'><strong>ea</strong></span> <span class='ocrx_word' id='word_1_100' title='bbox 836 2112 899 2172; x_wconf 90' lang='lat' dir='ltr'><strong>que</strong></span> <span class='ocrx_word' id='word_1_101' title='bbox 910 2091 1119 2174; x_wconf 85' lang='lat' dir='ltr'><strong>promisimus</strong></span> <span class='ocrx_word' id='word_1_102' title='bbox 1135 2091 1223 2157; x_wconf 88' lang='lat' dir='ltr'><strong>dicto</strong></span> 
     </span>
     <span class='ocr_line' id='line_1_15' title="bbox 90 2196 1225 2284; baseline -0.001 -19"><span class='ocrx_word' id='word_1_103' title='bbox 90 2199 244 2284; x_wconf 90' lang='lat' dir='ltr'><strong>Principi</strong></span> <span class='ocrx_word' id='word_1_104' title='bbox 261 2221 326 2263; x_wconf 89' lang='lat' dir='ltr'><strong>non</strong></span> <span class='ocrx_word' id='word_1_105' title='bbox 343 2220 514 2264; x_wconf 84' lang='lat' dir='ltr'><strong>servemus.</strong></span> <span class='ocrx_word' id='word_1_106' title='bbox 540 2199 717 2266; x_wconf 89' lang='lat' dir='ltr'><strong>Pecuniam</strong></span> <span class='ocrx_word' id='word_1_107' title='bbox 744 2205 853 2265; x_wconf 90' lang='lat' dir='ltr'><strong>autem</strong></span> <span class='ocrx_word' id='word_1_108' title='bbox 871 2198 974 2265; x_wconf 87' lang='lat' dir='ltr'><strong>eidem</strong></span> <span class='ocrx_word' id='word_1_109' title='bbox 990 2199 1119 2264; x_wconf 90' lang='lat' dir='ltr'><strong>domino</strong></span> <span class='ocrx_word' id='word_1_110' title='bbox 1136 2196 1225 2264; x_wconf 89' lang='lat' dir='ltr'><strong>debi-</strong></span> 
     </span>
    </p>
   </div>
   <div class='ocr_carea' id='block_1_5' title="bbox 1 2305 1223 2604">
    <p class='ocr_par' dir='ltr' id='par_1_6' title="bbox 1 2305 1223 2604">
     <span class='ocr_line' id='line_1_16' title="bbox 89 2305 1221 2392; baseline -0.001 -18"><span class='ocrx_word' id='word_1_111' title='bbox 89 2316 159 2374; x_wconf 90' lang='lat' dir='ltr'><strong>tam</strong></span> <span class='ocrx_word' id='word_1_112' title='bbox 186 2308 298 2374; x_wconf 86' lang='lat' dir='ltr'><strong>taliter</strong></span> <span class='ocrx_word' id='word_1_113' title='bbox 323 2307 552 2390; x_wconf 89' lang='lat' dir='ltr'><strong>persolvemus,</strong></span> <span class='ocrx_word' id='word_1_114' title='bbox 576 2308 663 2392; x_wconf 87' lang='lat' dir='ltr'><strong>quod</strong></span> <span class='ocrx_word' id='word_1_115' title='bbox 678 2309 711 2373; x_wconf 91' lang='lat' dir='ltr'><strong>in</strong></span> <span class='ocrx_word' id='word_1_116' title='bbox 727 2307 847 2372; x_wconf 89' lang='lat' dir='ltr'><strong>nichilo</strong></span> <span class='ocrx_word' id='word_1_117' title='bbox 872 2308 992 2375; x_wconf 87' lang='lat' dir='ltr'><strong>violate</strong></span> <span class='ocrx_word' id='word_1_118' title='bbox 1009 2305 1085 2372; x_wconf 90' lang='lat' dir='ltr'><strong>fidei</strong></span> <span class='ocrx_word' id='word_1_119' title='bbox 1101 2309 1221 2391; x_wconf 91' lang='lat' dir='ltr'><strong>poteri·</strong></span> 
     </span>
     <span class='ocr_line' id='line_1_17' title="bbox 1 2409 1223 2498; baseline -0.002 -17"><span class='ocrx_word' id='word_1_120' title='bbox 1 2465 2 2468; x_wconf 63' lang='lat'>,</span> <span class='ocrx_word' id='word_1_121' title='bbox 86 2439 161 2481; x_wconf 91' lang='lat' dir='ltr'><strong>mus</strong></span> <span class='ocrx_word' id='word_1_122' title='bbox 178 2413 383 2498; x_wconf 90' lang='lat' dir='ltr'><strong>reprehendi.</strong></span> <span class='ocrx_word' id='word_1_123' title='bbox 408 2416 499 2480; x_wconf 84' lang='lat' dir='ltr'><strong>Data</strong></span> <span class='ocrx_word' id='word_1_124' title='bbox 523 2415 692 2481; x_wconf 82' lang='lat' dir='ltr'><strong>Florentia</strong></span> <span class='ocrx_word' id='word_1_125' title='bbox 719 2414 772 2480; x_wconf 88' lang='lat' dir='ltr'><strong>die</strong></span> <span class='ocrx_word' id='word_1_126' title='bbox 798 2409 944 2480; x_wconf 87' lang='lat' dir='ltr'><strong>XXXI.</strong></span> <span class='ocrx_word' id='word_1_127' title='bbox 969 2413 1122 2480; x_wconf 87' lang='lat' dir='ltr'><strong>Octobris</strong></span> <span class='ocrx_word' id='word_1_128' title='bbox 1136 2411 1223 2480; x_wconf 88' lang='grc' dir='ltr'><strong>ΗΠ.</strong></span> 
     </span>
     <span class='ocr_line' id='line_1_18' title="bbox 1 2520 569 2604; baseline 0.002 -17"><span class='ocrx_word' id='word_1_129' title='bbox 1 2593 2 2604; x_wconf 11' lang='grc' dir='ltr'>χ</span> <span class='ocrx_word' id='word_1_130' title='bbox 84 2524 269 2589; x_wconf 91' lang='lat' dir='ltr'><strong>indictione</strong></span> <span class='ocrx_word' id='word_1_131' title='bbox 284 2520 569 2589; x_wconf 78' lang='lat' dir='ltr'><strong>MOCCLXXX.</strong></span> 
     </span>
    </p>
   </div>
   <div class='ocr_carea' id='block_1_6' title="bbox 85 2668 1290 2825">
    <p class='ocr_par' dir='ltr' id='par_1_7' title="bbox 85 2668 1290 2825">
     <span class='ocr_line' id='line_1_19' title="bbox 85 2668 1290 2734; baseline -0.003 -14"><span class='ocrx_word' id='word_1_132' title='bbox 85 2670 213 2732; x_wconf 83' lang='lat' dir='ltr'><strong>(Eredeti</strong></span> <span class='ocrx_word' id='word_1_133' title='bbox 227 2669 441 2734; x_wconf 79' lang='lat' dir='ltr'><strong>sogalmazvany</strong></span> <span class='ocrx_word' id='word_1_134' title='bbox 463 2685 479 2718; x_wconf 88' lang='lat' dir='ltr'><strong>a</strong></span> <span class='ocrx_word' id='word_1_135' title='bbox 505 2669 645 2734; x_wconf 58' lang='lat' dir='ltr'><strong>»Signorb</strong></span> <span class='ocrx_word' id='word_1_136' title='bbox 670 2668 824 2733; x_wconf 79' lang='lat' dir='ltr'><strong>Carteggie‚</strong></span> <span class='ocrx_word' id='word_1_137' title='bbox 839 2668 969 2718; x_wconf 81' lang='lat' dir='ltr'><strong>Miasive«</strong></span> <span class='ocrx_word' id='word_1_138' title='bbox 993 2669 1046 2718; x_wconf 83' lang='lat' dir='ltr'><strong>stb.</strong></span> <span class='ocrx_word' id='word_1_139' title='bbox 1069 2669 1144 2718; x_wconf 81' lang='lat' dir='ltr'><strong>xlx.</strong></span> <span class='ocrx_word' id='word_1_140' title='bbox 1165 2668 1222 2718; x_wconf 80' lang='lat' dir='ltr'><strong>lrdt.</strong></span> <span class='ocrx_word' id='word_1_141' title='bbox 1287 2691 1290 2696; x_wconf 95' lang='lat'>·</span> 
     </span>
     <span class='ocr_line' id='line_1_20' title="bbox 355 2757 965 2825; baseline 0.002 -16"><span class='ocrx_word' id='word_1_142' title='bbox 355 2765 395 2809; x_wconf 80' lang='lat'><strong>71.</strong></span> <span class='ocrx_word' id='word_1_143' title='bbox 410 2774 448 2809; x_wconf 88' lang='lat' dir='ltr'><strong>az.</strong></span> <span class='ocrx_word' id='word_1_144' title='bbox 462 2775 495 2822; x_wconf 72' lang='lat' dir='ltr'><strong>a..</strong></span> <span class='ocrx_word' id='word_1_145' title='bbox 509 2775 526 2810; x_wconf 89' lang='lat' dir='ltr'><strong>a</strong></span> <span class='ocrx_word' id='word_1_146' title='bbox 538 2761 669 2811; x_wconf 82' lang='lat' dir='ltr'><strong>florenczi</strong></span> <span class='ocrx_word' id='word_1_147' title='bbox 684 2775 756 2825; x_wconf 85' lang='lat' dir='ltr'><strong>nagy</strong></span> <span class='ocrx_word' id='word_1_148' title='bbox 771 2757 965 2820; x_wconf 78' lang='lat' dir='ltr'><strong>leveltatrban.)</strong></span> 
     </span>
    </p>
   </div>
   <div class='ocr_carea' id='block_1_7' title="bbox 621 3068 693 3129">
    <p class='ocr_par' dir='ltr' id='par_1_8' title="bbox 621 3068 693 3129">
     <span class='ocr_line' id='line_1_21' title="bbox 621 3068 693 3129; baseline 0.028 -2"><span class='ocrx_word' id='word_1_149' title='bbox 621 3068 693 3129; x_wconf 88' lang='lat'><strong>193.</strong></span> 
     </span>
    </p>
   </div>
   <div class='ocr_carea' id='block_1_8' title="bbox 82 3225 1222 3510">
    <p class='ocr_par' dir='ltr' id='par_1_9' title="bbox 82 3225 1222 3510">
     <span class='ocr_line' id='line_1_22' title="bbox 82 3225 1222 3315; baseline -0.004 -22"><span class='ocrx_word' id='word_1_150' title='bbox 82 3233 110 3294; x_wconf 93' lang='grc' dir='ltr'><strong>Ι.</strong></span> <span class='ocrx_word' id='word_1_151' title='bbox 130 3231 237 3313; x_wconf 78' lang='lat' dir='ltr'><strong>Lajos</strong></span> <span class='ocrx_word' id='word_1_152' title='bbox 252 3249 390 3315; x_wconf 73' lang='lat' dir='ltr'><strong>nroyyar</strong></span> <span class='ocrx_word' id='word_1_153' title='bbox 407 3228 439 3291; x_wconf 76' lang='lat' dir='ltr'><strong>da</strong></span> <span class='ocrx_word' id='word_1_154' title='bbox 455 3226 577 3312; x_wconf 70' lang='lat' dir='ltr'><strong>leuyyal</strong></span> <span class='ocrx_word' id='word_1_155' title='bbox 604 3226 785 3314; x_wconf 70' lang='lat' dir='ltr'><strong>kirailyaolc</strong></span> <span class='ocrx_word' id='word_1_156' title='bbox 802 3250 822 3290; x_wconf 84' lang='lat' dir='ltr'><strong>a</strong></span> <span class='ocrx_word' id='word_1_157' title='bbox 839 3227 1058 3310; x_wconf 71' lang='lat' dir='ltr'><strong>totdrorsaa&#39;yi</strong></span> <span class='ocrx_word' id='word_1_158' title='bbox 1083 3225 1222 3289; x_wconf 73' lang='lat' dir='ltr'><strong>keresica-</strong></span> 
     </span>
     <span class='ocr_line' id='line_1_23' title="bbox 85 3332 1222 3424; baseline -0.008 -19"><span class='ocrx_word' id='word_1_159' title='bbox 85 3343 157 3405; x_wconf 84' lang='lat' dir='ltr'><strong>de&#39;st</strong></span> <span class='ocrx_word' id='word_1_160' title='bbox 175 3337 363 3423; x_wconf 76' lang='lat' dir='ltr'><strong>azabdlyozo&#39;</strong></span> <span class='ocrx_word' id='word_1_161' title='bbox 374 3335 625 3424; x_wconf 73' lang='lat' dir='ltr'><strong>privilepiuma,</strong></span> <span class='ocrx_word' id='word_1_162' title='bbox 643 3361 664 3399; x_wconf 85' lang='lat' dir='ltr'><strong>a</strong></span> <span class='ocrx_word' id='word_1_163' title='bbox 681 3357 833 3421; x_wconf 75' lang='lat' dir='ltr'><strong>maqyar·</strong></span> <span class='ocrx_word' id='word_1_164' title='bbox 850 3336 882 3398; x_wconf 83' lang='lat' dir='ltr'><strong>e&#39;a</strong></span> <span class='ocrx_word' id='word_1_165' title='bbox 898 3332 1153 3420; x_wconf 73' lang='lat' dir='ltr'><strong>lenpyolorazu&#39;pa&#39;</strong></span> <span class='ocrx_word' id='word_1_166' title='bbox 1172 3334 1222 3396; x_wconf 82' lang='lat' dir='ltr'><strong>loe·</strong></span> 
     </span>
     <span class='ocr_line' id='line_1_24' title="bbox 429 3443 875 3510; baseline 0 -4"><span class='ocrx_word' id='word_1_167' title='bbox 429 3443 584 3510; x_wconf 80' lang='lat' dir='ltr'><strong>raskeddlr</strong></span> <span class='ocrx_word' id='word_1_168' title='bbox 600 3447 761 3507; x_wconf 79' lang='lat' dir='ltr'><strong>azdmdra.</strong></span> <span class='ocrx_word' id='word_1_169' title='bbox 781 3446 875 3507; x_wconf 82' lang='lat'><strong>1380.</strong></span> 
     </span>
    </p>
   </div>
   <div class='ocr_carea' id='block_1_9' title="bbox 84 3601 1222 4655">
    <p class='ocr_par' dir='ltr' id='par_1_10' title="bbox 84 3601 1222 4655">
     <span class='ocr_line' id='line_1_25' title="bbox 198 3601 1222 3684; baseline -0.003 -15"><span class='ocrx_word' id='word_1_170' title='bbox 198 3604 241 3669; x_wconf 90' lang='lat' dir='ltr'><strong>In</strong></span> <span class='ocrx_word' id='word_1_171' title='bbox 257 3604 384 3670; x_wconf 93' lang='lat' dir='ltr'><strong>nomine</strong></span> <span class='ocrx_word' id='word_1_172' title='bbox 409 3602 543 3668; x_wconf 91' lang='lat' dir='ltr'><strong>Domini</strong></span> <span class='ocrx_word' id='word_1_173' title='bbox 569 3601 687 3668; x_wconf 82' lang='lat' dir='ltr'><strong>Arnen.</strong></span> <span class='ocrx_word' id='word_1_174' title='bbox 706 3603 777 3668; x_wconf 82' lang='lat' dir='ltr'><strong>Nos</strong></span> <span class='ocrx_word' id='word_1_175' title='bbox 804 3601 988 3668; x_wconf 87' lang='lat' dir='ltr'><strong>Lodouious</strong></span> <span class='ocrx_word' id='word_1_176' title='bbox 1017 3601 1082 3667; x_wconf 90' lang='lat' dir='ltr'><strong>Dei</strong></span> <span class='ocrx_word' id='word_1_177' title='bbox 1110 3601 1222 3684; x_wconf 84' lang='lat' dir='ltr'><strong>gracia</strong></span> 
     </span>
     <span class='ocr_line' id='line_1_26' title="bbox 84 3705 1221 3796; baseline -0.006 -17"><span class='ocrx_word' id='word_1_178' title='bbox 84 3713 253 3796; x_wconf 85' lang='lat' dir='ltr'><strong>Hungrie,</strong></span> <span class='ocrx_word' id='word_1_179' title='bbox 278 3710 425 3793; x_wconf 87' lang='lat' dir='ltr'><strong>Polouie,</strong></span> <span class='ocrx_word' id='word_1_180' title='bbox 450 3710 621 3776; x_wconf 87' lang='lat' dir='ltr'><strong>Dalmacie</strong></span> <span class='ocrx_word' id='word_1_181' title='bbox 648 3709 794 3793; x_wconf 82' lang='lat' dir='ltr'><strong>Oroacie,</strong></span> <span class='ocrx_word' id='word_1_182' title='bbox 819 3709 933 3789; x_wconf 82' lang='lat' dir='ltr'><strong>Rama,</strong></span> <span class='ocrx_word' id='word_1_183' title='bbox 966 3706 1090 3790; x_wconf 82' lang='lat' dir='ltr'><strong>Seruio,</strong></span> <span class='ocrx_word' id='word_1_184' title='bbox 1116 3705 1221 3774; x_wconf 84' lang='lat' dir='ltr'><strong>Galli-</strong></span> 
     </span>
     <span class='ocr_line' id='line_1_27' title="bbox 84 3812 1222 3904; baseline -0.005 -18"><span class='ocrx_word' id='word_1_185' title='bbox 84 3823 144 3904; x_wconf 89' lang='lat' dir='ltr'><strong>oie,</strong></span> <span class='ocrx_word' id='word_1_186' title='bbox 176 3818 382 3900; x_wconf 87' lang='lat' dir='ltr'><strong>Lodomerie,</strong></span> <span class='ocrx_word' id='word_1_187' title='bbox 407 3815 573 3897; x_wconf 82' lang='lat' dir='ltr'><strong>Cumania,</strong></span> <span class='ocrx_word' id='word_1_188' title='bbox 597 3815 819 3900; x_wconf 85' lang='lat' dir='ltr'><strong>Balgarieque</strong></span> <span class='ocrx_word' id='word_1_189' title='bbox 844 3815 926 3880; x_wconf 89' lang='lat' dir='ltr'><strong>Rex.</strong></span> <span class='ocrx_word' id='word_1_190' title='bbox 951 3812 1008 3880; x_wconf 84' lang='lat' dir='ltr'><strong>Ad</strong></span> <span class='ocrx_word' id='word_1_191' title='bbox 1032 3820 1222 3899; x_wconf 89' lang='lat' dir='ltr'><strong>perpetuam</strong></span> 
     </span>
     <span class='ocr_line' id='line_1_28' title="bbox 84 3923 1222 4008; baseline -0.006 -12"><span class='ocrx_word' id='word_1_192' title='bbox 84 3933 132 3996; x_wconf 90' lang='lat' dir='ltr'><strong>rei</strong></span> <span class='ocrx_word' id='word_1_193' title='bbox 161 3928 351 3993; x_wconf 89' lang='lat' dir='ltr'><strong>memoriam</strong></span> <span class='ocrx_word' id='word_1_194' title='bbox 376 3933 444 3990; x_wconf 89' lang='lat' dir='ltr'><strong>tam</strong></span> <span class='ocrx_word' id='word_1_195' title='bbox 478 3924 684 4008; x_wconf 86' lang='lat' dir='ltr'><strong>presentibus</strong></span> <span class='ocrx_word' id='word_1_196' title='bbox 716 3946 813 4008; x_wconf 89' lang='lat' dir='ltr'><strong>qnam</strong></span> <span class='ocrx_word' id='word_1_197' title='bbox 843 3923 961 3990; x_wconf 80' lang='lat' dir='ltr'><strong>suturis</strong></span> <span class='ocrx_word' id='word_1_198' title='bbox 993 3923 1140 3990; x_wconf 84' lang='lat' dir='ltr'><strong>volumus</strong></span> <span class='ocrx_word' id='word_1_199' title='bbox 1166 3923 1222 3989; x_wconf 88' lang='lat' dir='ltr'><strong>de·</strong></span> 
     </span>
     <span class='ocr_line' id='line_1_29' title="bbox 85 4030 1222 4119; baseline -0.004 -17"><span class='ocrx_word' id='word_1_200' title='bbox 85 4038 207 4117; x_wconf 88' lang='lat' dir='ltr'><strong>venire,</strong></span> <span class='ocrx_word' id='word_1_201' title='bbox 232 4035 321 4119; x_wconf 94' lang='lat' dir='ltr'><strong>quod</strong></span> <span class='ocrx_word' id='word_1_202' title='bbox 345 4033 546 4117; x_wconf 84' lang='lat' dir='ltr'><strong>benignitate</strong></span> <span class='ocrx_word' id='word_1_203' title='bbox 571 4039 684 4098; x_wconf 87' lang='lat' dir='ltr'><strong>nostra</strong></span> <span class='ocrx_word' id='word_1_204' title='bbox 707 4031 815 4116; x_wconf 83' lang='lat' dir='ltr'><strong>Regia</strong></span> <span class='ocrx_word' id='word_1_205' title='bbox 840 4030 1084 4098; x_wconf 90' lang='lat' dir='ltr'><strong>considerantes</strong></span> <span class='ocrx_word' id='word_1_206' title='bbox 1101 4036 1134 4097; x_wconf 88' lang='lat' dir='ltr'><strong>et</strong></span> <span class='ocrx_word' id='word_1_207' title='bbox 1148 4052 1222 4114; x_wconf 80' lang='lat' dir='ltr'><strong>gra-</strong></span> 
     </span>
     <span class='ocr_line' id='line_1_30' title="bbox 85 4139 1222 4223; baseline -0.004 -14"><span class='ocrx_word' id='word_1_208' title='bbox 85 4145 210 4212; x_wconf 91' lang='lat' dir='ltr'><strong>ciosius</strong></span> <span class='ocrx_word' id='word_1_209' title='bbox 226 4141 433 4208; x_wconf 88' lang='lat' dir='ltr'><strong>attendentes</strong></span> <span class='ocrx_word' id='word_1_210' title='bbox 450 4140 578 4206; x_wconf 88' lang='lat' dir='ltr'><strong>diversa</strong></span> <span class='ocrx_word' id='word_1_211' title='bbox 594 4148 626 4204; x_wconf 83' lang='lat' dir='ltr'><strong>et</strong></span> <span class='ocrx_word' id='word_1_212' title='bbox 653 4139 847 4223; x_wconf 84' lang='lat' dir='ltr'><strong>multiplicia</strong></span> <span class='ocrx_word' id='word_1_213' title='bbox 873 4139 1014 4221; x_wconf 88' lang='lat' dir='ltr'><strong>dampna</strong></span> <span class='ocrx_word' id='word_1_214' title='bbox 1040 4146 1072 4203; x_wconf 93' lang='lat' dir='ltr'><strong>et</strong></span> <span class='ocrx_word' id='word_1_215' title='bbox 1103 4139 1222 4204; x_wconf 89' lang='lat' dir='ltr'><strong>incom-</strong></span> 
     </span>
     <span class='ocr_line' id='line_1_31' title="bbox 88 4245 1221 4333; baseline -0.008 -14"><span class='ocrx_word' id='word_1_216' title='bbox 88 4253 190 4319; x_wconf 87' lang='lat' dir='ltr'><strong>moda</strong></span> <span class='ocrx_word' id='word_1_217' title='bbox 222 4272 261 4315; x_wconf 90' lang='lat' dir='ltr'><strong>ac</strong></span> <span class='ocrx_word' id='word_1_218' title='bbox 292 4247 596 4333; x_wconf 88' lang='lat' dir='ltr'><strong>depauperationes,</strong></span> <span class='ocrx_word' id='word_1_219' title='bbox 623 4269 686 4330; x_wconf 88' lang='lat' dir='ltr'><strong>que</strong></span> <span class='ocrx_word' id='word_1_220' title='bbox 709 4247 862 4314; x_wconf 86' lang='lat' dir='ltr'><strong>fidelibus</strong></span> <span class='ocrx_word' id='word_1_221' title='bbox 888 4245 1009 4311; x_wconf 87' lang='lat' dir='ltr'><strong>nostris</strong></span> <span class='ocrx_word' id='word_1_222' title='bbox 1033 4245 1221 4328; x_wconf 86' lang='lat' dir='ltr'><strong>Regnorum</strong></span> 
     </span>
     <span class='ocr_line' id='line_1_32' title="bbox 86 4351 1222 4439; baseline -0.004 -15"><span class='ocrx_word' id='word_1_223' title='bbox 86 4367 280 4426; x_wconf 86' lang='lat' dir='ltr'><strong>nostrorum</strong></span> <span class='ocrx_word' id='word_1_224' title='bbox 296 4355 468 4439; x_wconf 85' lang='lat' dir='ltr'><strong>Hungarie</strong></span> <span class='ocrx_word' id='word_1_225' title='bbox 485 4361 518 4422; x_wconf 91' lang='lat' dir='ltr'><strong>et</strong></span> <span class='ocrx_word' id='word_1_226' title='bbox 542 4354 680 4421; x_wconf 90' lang='lat' dir='ltr'><strong>Polonie</strong></span> <span class='ocrx_word' id='word_1_227' title='bbox 705 4353 816 4421; x_wconf 85' lang='lat' dir='ltr'><strong>Sacris</strong></span> <span class='ocrx_word' id='word_1_228' title='bbox 842 4351 983 4420; x_wconf 78' lang='lat' dir='ltr'><strong>Coronis</strong></span> <span class='ocrx_word' id='word_1_229' title='bbox 1009 4352 1162 4418; x_wconf 89' lang='lat' dir='ltr'><strong>subiectis</strong></span> <span class='ocrx_word' id='word_1_230' title='bbox 1179 4355 1222 4420; x_wconf 91' lang='lat' dir='ltr'><strong>ci·</strong></span> 
     </span>
     <span class='ocr_line' id='line_1_33' title="bbox 90 4459 1221 4547; baseline -0.007 -12"><span class='ocrx_word' id='word_1_231' title='bbox 90 4469 186 4535; x_wconf 87' lang='lat' dir='ltr'><strong>uibus</strong></span> <span class='ocrx_word' id='word_1_232' title='bbox 204 4473 237 4532; x_wconf 91' lang='lat' dir='ltr'><strong>et</strong></span> <span class='ocrx_word' id='word_1_233' title='bbox 252 4464 368 4531; x_wconf 90' lang='lat' dir='ltr'><strong>incolis</strong></span> <span class='ocrx_word' id='word_1_234' title='bbox 394 4464 632 4530; x_wconf 84' lang='lat' dir='ltr'><strong>mercatoribus</strong></span> <span class='ocrx_word' id='word_1_235' title='bbox 657 4463 787 4528; x_wconf 86' lang='lat' dir='ltr'><strong>racione</strong></span> <span class='ocrx_word' id='word_1_236' title='bbox 812 4459 1029 4547; x_wconf 90' lang='lat' dir='ltr'><strong>preclusionis</strong></span> <span class='ocrx_word' id='word_1_237' title='bbox 1056 4466 1088 4525; x_wconf 89' lang='lat' dir='ltr'><strong>et</strong></span> <span class='ocrx_word' id='word_1_238' title='bbox 1113 4461 1221 4544; x_wconf 90' lang='lat' dir='ltr'><strong>prohi-</strong></span> 
     </span>
     <span class='ocr_line' id='line_1_34' title="bbox 86 4566 1219 4655; baseline -0.007 -11"><span class='ocrx_word' id='word_1_239' title='bbox 86 4575 225 4648; x_wconf 88' lang='lat' dir='ltr'><strong>bicionis</strong></span> <span class='ocrx_word' id='word_1_240' title='bbox 240 4575 290 4642; x_wconf 84' lang='lat' dir='ltr'><strong>rie</strong></span> <span class='ocrx_word' id='word_1_241' title='bbox 305 4582 339 4640; x_wconf 86' lang='lat' dir='ltr'><strong>ln</strong></span> <span class='ocrx_word' id='word_1_242' title='bbox 355 4573 554 4652; x_wconf 71' lang='lat' dir='ltr'><strong>&#39;samariam</strong></span> <span class='ocrx_word' id='word_1_243' title='bbox 570 4593 668 4655; x_wconf 91' lang='lat' dir='ltr'><strong>quam</strong></span> <span class='ocrx_word' id='word_1_244' title='bbox 685 4571 773 4638; x_wconf 88' lang='lat' dir='ltr'><strong>ciues</strong></span> <span class='ocrx_word' id='word_1_245' title='bbox 799 4570 903 4636; x_wconf 90' lang='lat' dir='ltr'><strong>nostri</strong></span> <span class='ocrx_word' id='word_1_246' title='bbox 919 4569 953 4634; x_wconf 90' lang='lat' dir='ltr'><strong>iu</strong></span> <span class='ocrx_word' id='word_1_247' title='bbox 981 4566 1169 4653; x_wconf 77' lang='lat' dir='ltr'><strong>isemburga</strong></span> <span class='ocrx_word' id='word_1_248' title='bbox 1184 4568 1219 4636; x_wconf 89' lang='lat' dir='ltr'><strong>iu</strong></span> 
     </span>
    </p>
   </div>
   <div class='ocr_carea' id='block_1_10' title="bbox 0 0 1600 5252">
    <p class='ocr_par' dir='ltr' id='par_1_11' title="bbox 0 0 1600 5252">
     <span class='ocr_line' id='line_1_35' title="bbox 0 0 1600 5252; baseline 0 3"><span class='ocrx_word' id='word_1_249' title='bbox 0 0 1600 5252; x_wconf 95' lang='lat' dir='ltr'><strong> </strong></span> 
     </span>
    </p>
   </div>
  </div>
 </body>
</html>
