3190 5252
596 329 689 401 laea.
1071 285 1076 290 ’
1142 335 1206 399 477
1280 314 1283 321 '

67 531 125 578 eas
145 533 167 576 a
185 509 315 578 duabus
331 509 490 596 partibus,
506 518 539 578 et
554 512 637 579 alios
653 512 805 594 contines
822 533 886 596 que
901 510 1015 578 domus
1032 512 1208 580 ascendunt

65 638 127 684 seu
154 616 331 684 ascendere
355 625 492 702 possunt
517 619 560 686 ad
585 640 745 685 summam
770 641 827 686 seu
860 621 1006 687 valorem
1039 620 1206 687 unciarum

66 725 146 809 aurj
166 725 308 808 triginta
334 724 386 790 uel
411 726 506 808 eirea,
524 731 559 792 et
577 726 682 809 ipsius
707 723 863 792 Gulielmi
878 728 1004 810 notorie
1020 727 1207 794 rebellionis

65 833 174 916 eulpa
192 853 262 898 esse
278 831 432 899 dicuntur
447 834 490 900 ad
509 855 625 900 manus
645 841 753 900 nostre
769 832 869 901 Curio
884 834 1001 919 delate,
1018 841 1050 902 et
1065 836 1208 918 aquisite

65 937 175 1004 fuisse
193 943 361 1022 ponuntur
377 959 418 1004 ao
432 940 513 1006 iuste
530 945 564 1006 et
579 938 820 1008 rationabiliter
830 939 989 1023 deuolute,
1006 942 1089 1008 etin
1105 943 1206 1026 ipsius

64 1052 186 1113 nostre
214 1043 313 1113 Ourie
339 1048 489 1116 manibus
516 1049 655 1116 existere
671 1049 884 1116 dinoscuntur
900 1048 943 1115 ad
958 1071 1101 1134 presens.
1134 1049 1207 1117 Nos
1270 1084 1271 1092 κ

64 1153 318 1221 considerantes
343 1161 448 1238 grata,
473 1156 568 1222 utilia
583 1163 616 1222 et
631 1162 765 1240 accepta
784 1156 924 1239 servitia,
942 1156 1058 1224 merita
1075 1177 1204 1242 quoque

64 1265 204 1330 sincere
222 1264 403 1330 deuotionis
420 1270 453 1330 et
467 1265 543 1331 fidei
558 1264 680 1332 Nostre
691 1265 862 1332 Maiestati
878 1285 898 1330 a
914 1266 979 1332 iam
995 1264 1051 1332 diu
1066 1265 1209 1332 fideliter

63 1381 97 1439 et
126 1373 257 1438 utiliter
281 1374 421 1457 prestita
446 1395 504 1458 per
530 1375 671 1440 Paulum
698 1360 920 1458 Magistrum,
934 1395 1055 1457 oooum,
1070 1373 1208 1442 familia·

63 1504 140 1548 rem
176 1481 334 1547 dilectum
369 1488 402 1548 et
437 1481 592 1549 deuotum
624 1487 770 1549 nostrum
801 1481 981 1566 Vngarum,
1014 1482 1133 1568 quibus
1163 1485 1210 1568 ip·

66 1611 147 1655 sum
175 1589 312 1672 dignum
337 1595 453 1656 nostra
478 1592 624 1675 gratuita
650 1589 877 1674 prosecutione
893 1612 1077 1674 censemus3
1106 1591 1208 1659 eidem

64 1698 184 1764 Panlo
203 1719 241 1762 ao
258 1698 325 1763 suis
350 1696 523 1765 heredibus
549 1699 720 1781 utriusque
739 1720 834 1765 sexus
850 1720 889 1764 ex
906 1721 964 1765 suo
982 1721 1116 1784 corpore
1131 1702 1209 1784 legi·

63 1808 155 1872 time
172 1805 455 1891 descendentibus,
466 1807 553 1872 natis
567 1807 633 1886 iam
650 1814 684 1872 et
700 1809 833 1873 inantea
845 1809 1028 1891 nascituris,
1044 1809 1209 1892 predictas

63 1915 191 1982 domos
209 1935 280 1979 otim
297 1913 421 1979 iuribus
447 1924 481 1980 et
506 1915 713 2003 pertinentijs
729 1937 841 1985 earum
857 1915 1015 2000 omnibus,
1032 1938 1094 2000 que
1109 1915 1208 1984 fuisse

62 2027 244 2107 ponuntur
261 2020 339 2087 dieti
357 2019 522 2104 Gulielmi,
549 2022 708 2107 siquidem
726 2044 765 2088 ex
782 2024 939 2106 premissa
964 2025 1090 2090 notorie
1106 2025 1210 2092 rebel-

62 2133 174 2200 lionis
193 2133 289 2216 onlpa
308 2139 342 2198 et
358 2133 426 2198 lese
442 2133 629 2199 Maiestatis
646 2133 780 2198 ommino
797 2135 862 2198 sint
878 2131 920 2198 ad
936 2155 1051 2199 manus
1067 2135 1209 2202 eiusdem

63 2249 191 2308 nostre
211 2238 310 2306 Ourie
327 2242 411 2306 iuste
429 2248 461 2306 et
477 2239 717 2308 rationabiliter
742 2240 902 2323 deuolute,
921 2240 1034 2309 damus
1050 2242 1210 2310 donamus

63 2357 100 2416 et
119 2349 168 2414 de
186 2370 271 2416 nono
298 2349 503 2415 concedimus
527 2349 758 2432 inperpetuum
785 2348 824 2415 de
840 2354 932 2414 uerte
947 2357 1060 2417 nostra
1075 2350 1211 2417 seientia

61 2459 237 2524 instinctu
254 2457 358 2522 m'otus
375 2455 501 2540 proprij
513 2457 631 2521 barum
649 2457 730 2521 serie
742 2457 893 2540 gratiose.
909 2454 966 2522 Ita
976 2455 1114 2541 quidem,
1123 2458 1212 2542 quod

63 2565 163 2632 idem
181 2563 307 2628 Paulus
325 2563 489 2646 Magister
514 2583 610 2629 cocus
629 2570 746 2644 noster,
763 2585 801 2630 ao
817 2564 896 2630 dieti
912 2565 962 2632 sui
978 2564 1120 2648 heredes,
1139 2587 1211 2651 pre-

61 2675 183 2741 dictas
201 2670 313 2738 domos
339 2693 359 2738 a
384 2671 477 2738 nobis
503 2678 536 2737 et
562 2677 675 2738 nostra
692 2671 793 2738 (iuria
810 2672 986 2738 inmediete
1002 2674 1084 2739 etin
1101 2675 1209 2758 eapite

61 2783 216 2849 teneant
240 2786 339 2863 atque
365 2780 564 2864 possideant,
588 2779 778 2863 nullumque
794 2780 893 2846 alium
909 2786 1020 2864 preter
1035 2802 1093 2847 nos
1110 2803 1149 2848 eo
1164 2783 1211 2867 ip·

62 2913 123 2958 sos
156 2888 294 2954 heredes
319 2894 352 2954 et
377 2907 579 2954 successores
605 2893 736 2954 nostros
761 2887 959 2972 superiorem
985 2893 1019 2954 et
1044 2890 1210 2956 dominum

63 2996 197 3066 exinde
213 3002 454 3080 recognoscant,
471 2995 683 3061 inuestientes
700 2995 838 3078 proinde
854 2995 976 3062 dictum
993 2995 1134 3062 Paulum
1151 3019 1212 3082 pro

62 3130 101 3175 se
123 3111 165 3173 et
181 3104 277 3170 dietis
294 3105 361 3170 suis
377 3103 552 3170 heredibus
570 3126 609 3170 ex
624 3126 710 3170 nuno
729 3109 829 3189 prout
839 3109 966 3170 extunc
976 3103 1016 3170 de
1026 3105 1211 3171 huiusmodi

61 3221 194 3282 nostra
210 3215 321 3296 gratia
336 3221 395 3297 per
412 3211 545 3278 anulum
561 3217 706 3278 nostrum
717 3212 969 3297 presentialiter,
986 3219 1023 3278 ut
1039 3220 1088 3279 est
1103 3214 1210 3280 moris.

63 3323 187 3410 Quam
204 3321 436 3387 inuestituram
462 3322 527 3386 vim
552 3327 584 3386 et
607 3321 753 3404 vigorem
769 3341 842 3386 vere
859 3320 1046 3386 traditionis
1061 3327 1095 3386 et
1109 3322 1210 3388 realis

62 3432 294 3502 assecutionis
310 3432 470 3497 dictarum
487 3429 657 3497 domorum
673 3431 708 3496 in
724 3451 802 3497 casu
818 3435 851 3496 et
866 3429 963 3497 modo
979 3429 1133 3515 predictis
1154 3450 1207 3495 vo·

59 3545 184 3610 lumus
201 3545 235 3606 et
251 3539 451 3607 decerminus
469 3537 626 3620 obtinere,
642 3537 801 3605 fidelitate
817 3542 938 3620 nostra,
949 3538 1069 3604 nostris
1087 3537 1160 3622 alijs
1177 3541 1211 3602 et

62 3647 252 3718 cuiuslibet
268 3648 405 3714 alterins
418 3646 549 3730 juribus
566 3667 691 3731 semper
707 3645 817 3738 saluis.
843 3645 883 3711 In
900 3646 990 3712 ouius
1005 3646 1052 3711 rei
1067 3647 1212 3712 testimo·

61 3762 169 3827 nium
196 3761 364 3840 presentes
390 3755 522 3821 lieteras
548 3755 663 3820 exinde
689 3753 760 3819 fieri
785 3761 818 3820 et
842 3753 996 3838 pendenti
1023 3752 1211 3820 Maiestatis

62 3868 203 3935 Nostre
220 3862 327 3947 sigillo
341 3863 495 3949 jussimus
521 3863 722 3948 communirj.
748 3862 838 3928 Data
862 3859 1002 3947 Neapolj
1031 3882 1089 3945 per
1105 3863 1209 3927 virum

63 3974 234 4047 Nobilem
251 3969 418 4038 Gentilem
435 3969 476 4037 de
493 3970 662 4037 Merolinis
680 3971 721 4037 de
739 3969 897 4037 Sulmone
913 3977 973 4036 eto.
991 3968 1209 4036 AnnoDomi·
1307 4021 1310 4029 ,

62 4087 104 4151 ni
123 4079 469 4150 MCOOLXXXII.
486 4081 537 4147 die
554 4079 698 4146 XXIII.
721 4078 848 4164 Aprilis
864 4077 905 4148 V.
922 4077 1110 4144 indictionis
1125 4077 1212 4162 Reg-

63 4205 195 4260 norum
212 4195 400 4254 nostrorum
417 4209 502 4254 anno
518 4188 633 4272 primo.

61 4342 105 4404 (A
134 4335 278 4400 ›Registri
293 4335 444 4401 Augioini«
469 4339 528 4386 358.
552 4348 589 4384 sz.
613 4349 637 4383 a.
660 4333 805 4383 kbtetebbl
826 4332 894 4397 Reg.
919 4331 1013 4382 Oaroli
1026 4331 1075 4381 ΙΙΙ.
1091 4334 1133 4383 75.
1147 4331 1175 4392 1.,
1190 4347 1207 4381 a

405 4427 457 4476 kir.
472 4426 547 4475 olasz
561 4423 676 4488 napolyi
690 4423 881 4484 leveltdrban.)

566 4564 727 4576 ...ι-..ιιι-
