3214 5250
385 365 450 433 654
739 383 973 433 orreousczmr
993 373 1160 432 suntrana.

384 549 490 615 tendit
515 550 584 633 ipse
610 547 775 614 Zenobius
800 571 855 613 eos
872 549 984 614 taliter
1000 548 1176 629 declarare,
1192 547 1280 631 quod
1295 547 1454 612 videbunt
1468 545 1508 628 ip-

384 682 464 738 sum,
481 660 565 722 sicut
584 664 689 724 rectos
716 663 913 722 mercatores
940 657 1040 738 decet,
1057 657 1206 723 incedere
1222 656 1398 722 bonafide.
1430 652 1508 737 Qua-

384 775 520 850 propter
537 766 801 848 Magnitudinem
829 763 982 831 Vestram
1009 765 1275 831 affectnosissime
1292 764 1509 846 deprecamur,

387 881 546 956 quatenus
562 895 671 939 amore
689 875 790 938 nostri
808 874 985 956 dignemini
1003 873 1162 940 Dominos
1178 873 1358 957 prelibatos
1369 895 1391 936 a
1402 871 1510 936 moles·

384 985 494 1048 tondis
511 984 631 1047 nostris
649 981 771 1047 civibus
787 981 944 1063 cohibere,
958 1004 1017 1046 nec
1034 1004 1099 1047 non
1113 982 1223 1047 facere
1234 981 1348 1046 taliter
1361 980 1511 1060 ordinari,

386 1092 473 1176 quod
491 1092 574 1156 idem
592 1093 727 1157 Marcus
744 1093 870 1175 copiam
897 1093 1018 1157 lrabeat
1042 1114 1154 1158 eorum
1172 1113 1234 1174 que
1249 1113 1308 1175 per
1325 1091 1434 1156 dictos
1450 1090 1509 1154 Do·

384 1201 490 1265 minos
506 1200 723 1283 postulantur,
739 1208 774 1264 ut
791 1199 861 1283 ipse
877 1201 1042 1266 Zenobius
1059 1202 1163 1284 possit
1180 1223 1234 1265 eos
1251 1199 1291 1264 de
1308 1203 1447 1265 veritate
1462 1219 1510 1263 ne

383 1310 466 1392 gocii
493 1331 566 1374 cnm
591 1309 745 1374 claritate
772 1309 908 1373 reddere
925 1311 1079 1374 certiores
1114 1308 1201 1373 Nam
1218 1330 1290 1373 oum
1308 1308 1404 1372 simul
1420 1329 1509 1390 agere

380 1417 479 1482 variis
489 1424 522 1481 et
533 1417 669 1480 dirersis
680 1437 718 1480 ex
729 1417 834 1482 causis
851 1417 1033 1497 videantur,
1045 1416 1220 1499 multisque
1237 1415 1363 1481 civibus
1381 1414 1507 1480 babuis-

385 1547 438 1606 se;
467 1527 682 1589 necessarium
701 1531 760 1605 est,
777 1525 863 1607 quod
888 1547 927 1590 ex
953 1548 1016 1608 quo
1042 1526 1149 1608 capite
1173 1524 1272 1588 velint
1298 1545 1407 1606 agere,
1423 1530 1457 1588 ut
1471 1521 1508 1588 ad

384 1633 444 1697 illa
475 1635 666 1716 responderi
697 1635 814 1714 voleat,
846 1634 1032 1698 nullatenus
1063 1633 1217 1715 ignorari.
1257 1629 1416 1696 Ceterum
1444 1653 1509 1696 nos-

383 1749 452 1806 tros
481 1751 678 1808 mercatores
704 1747 737 1806 et
763 1743 858 1822 cives,
884 1751 917 1808 et
947 1743 1119 1826 presertim
1151 1742 1302 1806 Marcum
1332 1749 1431 1824 atque
1454 1741 1507 1805 Ze·

384 1851 515 1915 nubium
537 1850 729 1932 antedictos
739 1848 934 1931 benignitati
953 1855 1058 1914 vestre
1073 1850 1151 1913 totis
1168 1847 1339 1912 affectibus
1357 1869 1506 1912 commen·

383 1959 505 2024 damus.
546 1956 637 2022 Data
658 1957 833 2050 ¹Florentio
859 1958 912 2022 die
938 1956 1039 2024 XVI.
1065 1957 1180 2039 Martij
1209 1955 1310 2024 XVL
1336 1955 1504 2021 indictione

382 2063 755 2131 MCCOLXXXVIII.

384 2211 509 2274 (Eredeti
523 2212 737 2275 sogalmazvdoy
751 2227 767 2260 a
780 2212 917 2276 ›Signori,
931 2211 1087 2276 Garteggie‚
1101 2211 1228 2260 ursive«
1243 2211 1297 2258 stb.
1317 2210 1393 2260 XXI.
1408 2209 1505 2273 kdtegd.

607 2304 660 2351 ben
674 2307 809 2352 40.sz.a.
831 2318 847 2350 a
861 2301 1285 2366 florenozinagylevebarband

913 2633 986 2692 37st

381 2791 411 2857 A
440 2790 598 2878 Lippoldi
621 2791 817 2874 fduroknolc
843 2815 864 2854 α
888 2790 1039 2874 florenczi
1072 2789 1284 2876 kb'ztdrsosdp
1320 2791 1504 2874 kormclupo.

900 2902 993 2963 1388.

596 3057 745 3123 Dominis
763 3057 803 3122 de
821 3055 989 3141 Lippoldo.

488 3167 596 3232 Amici
612 3167 784 3232 karissimi.
808 3167 908 3234 Venit
924 3168 1017 3246 istuc,
1036 3189 1076 3231 ne
1093 3168 1196 3249 possit
1213 3167 1370 3248 conqueri
1387 3164 1501 3230 Vestra
1589 3175 1590 3214 ἰ

380 3274 554 3357 Nobilitas,
572 3275 707 3340 Marcus
724 3276 830 3340 Buoni
848 3275 972 3358 Filippi
989 3276 1067 3341 civis
1082 3281 1193 3340 noster
1209 3275 1357 3353 dilectus,
1373 3281 1409 3339 ut
1425 3297 1443 3338 a
1458 3294 1505 3336 ro

379 3383 428 3447 bis
452 3385 617 3467 percipere
642 3385 746 3466 possit
772 3391 805 3448 et
830 3385 862 3447 in
890 3386 1019 3467 scriptis
1045 3383 1174 3460 habere,
1191 3381 1270 3466 quid
1288 3389 1321 3447 et
1339 3403 1438 3465 quare
1454 3401 1503 3443 sos

380 3491 502 3556 habere
520 3492 714 3575 pretenditis
731 3514 750 3556 a
766 3493 912 3557 Zenobio
929 3492 968 3556 de
985 3492 1157 3574 Macignis‚
1173 3492 1228 3573 qui
1246 3493 1280 3554 s'e
1298 3498 1449 3574 paratum
1465 3487 1505 3554 oi-

380 3599 451 3680 lert,
476 3623 532 3664 vos
558 3601 598 3664 de
624 3601 747 3665 cunctis
774 3623 835 3683 que
860 3601 1105 3683 postulaveritis
1132 3598 1318 3680 declarare;
1345 3608 1381 3664 ut
1407 3599 1504 3664 videre

380 3709 519 3790 possitis
537 3708 624 3789 quod
641 3709 710 3790 ipse
725 3709 893 3791 justiciam
910 3710 1021 3791 aliquo
1038 3707 1135 3774 modo
1151 3730 1216 3772 non
1236 3708 1329 3790 fugit
1348 3707 1403 3773 sed
1421 3704 1504 3772 intel·

278 3851 283 3858 ·
379 3815 474 3879 lectis
493 3816 605 3895 causis,
623 3836 662 3877 ex
680 3815 798 3895 quibus
816 3817 925 3898 agitis,
941 3817 1082 3882 intendit
1108 3824 1175 3882 tam
1200 3816 1407 3900 perspicuam
1422 3814 1504 3880 robis

380 3924 516 3987 reddere
542 3925 711 4004 rationem,
740 3925 826 4004 quod
853 3925 955 4007 possit
978 3932 1090 3990 noster
1120 3926 1261 3989 servitor
1287 3931 1318 3988 et
1346 3924 1503 3989 benivolus

379 4052 554 4095 remanere.
581 4032 717 4096 Placeat
734 4033 846 4115 itaque
864 4032 984 4098 dictum
1002 4033 1162 4113 Marcum,
1180 4033 1364 4098 exhibendo
1381 4033 1439 4097 sibi
1456 4053 1500 4094 co·

348 4141 352 4148 '
380 4141 467 4221 piam
493 4146 676 4204 vestrorum
699 4139 832 4223 jurium,
857 4142 971 4206 taliter
995 4143 1179 4220 informare,
1198 4142 1287 4224 quod
1304 4142 1392 4207 idem
1407 4141 1502 4205 Zeno·

380 4247 451 4311 bins
471 4250 573 4330 possit
590 4248 713 4330 absque
741 4249 897 4314 dilatione
923 4250 1014 4314 vobis
1040 4251 1132 4314 iuxta
1152 4253 1299 4315 veritatis
1317 4254 1431 4316 seriem
1448 4270 1504 4312 res·

379 4354 531 4436 pondere.
549 4356 641 4422 Talis
659 4361 776 4422 etenim
804 4365 964 4424 mercator
989 4366 1047 4442 est,
1073 4360 1159 4442 quod
1177 4359 1396 4427 infallibiliter
1412 4356 1504 4424 credi·

380 4482 451 4525 mus
468 4462 574 4546 ipsum
591 4487 651 4529 nec
677 4467 757 4530 velle
782 4466 879 4531 fidem
904 4490 1067 4551 rumpere,
1092 4489 1151 4533 nec
1178 4469 1269 4534 vobis
1286 4467 1373 4551 quod
1388 4468 1502 4552 justum

381 4570 526 4635 extiterit
542 4573 713 4654 denegare.
740 4571 775 4638 Si
793 4583 900 4639 autem
928 4578 1015 4640 circa
1034 4577 1095 4641 hoc
1113 4578 1298 4659 oportuerit
1314 4599 1372 4641 nos
1388 4569 1502 4657 aliquid
