3210 5252
599 362 692 443 tart.
1168 367 1209 442 st

82 553 199 638 positis,
216 560 332 620 natam
349 552 474 621 Galeas
501 556 540 620 de
569 555 824 621 vicecomitibus
840 555 881 622 ‹le
896 561 1027 620 tuorum
1045 556 1209 622 Beronum

2 732 3 736 ,
81 668 110 727 et
131 661 282 728 fidelium
307 662 441 728 consilio
468 664 660 730 decreueras
684 665 829 748 recipere
854 666 887 729 in
914 671 1106 730 consortem.
1138 663 1211 749 Qus

2 817 3 856 ,
82 769 205 851 quidem
223 787 323 836 cause
339 771 372 834 in
389 769 440 834 his
457 769 673 836 effectualiter
690 769 932 852 consistebant,
957 770 1105 836 videlicet
1115 771 1211 839 habe·

2 901 3 938 1
81 897 127 940 res
142 878 304 943 maiorem
321 898 454 944 causam
470 878 633 962 prefatum
659 877 784 945 Galeaz
800 877 843 944 ad
860 885 1006 944 nostram
1023 887 1057 944 et
1072 879 1212 963 Aposto-

2 991 3 1076 ξ
80 982 134 1048 lica
159 981 259 1050 Sedis
285 983 504 1049 obedientiam
530 984 713 1068 reducendi,
738 985 885 1068 alioquin
911 1007 999 1051 esses
1017 988 1085 1052 eius
1101 988 1211 1053 durior

2 1143 3 1148 ,
81 1091 244 1173 inimicns;
269 1097 303 1154 et
319 1090 567 1157 attollerentur
584 1093 698 1158 crebre
715 1092 941 1174 dissensiones,
957 1113 1020 1177 que
1036 1095 1121 1158 inter
1136 1100 1210 1159 tuos

2 1264 3 1280 ,
82 1206 109 1262 et
123 1200 227 1283 ipsius
245 1196 370 1264 Galeas
386 1197 541 1264 officiales
557 1201 591 1264 in
607 1201 787 1266 confinibus
806 1202 927 1266 mutuis
945 1202 1096 1267 continue
1112 1222 1210 1268 emer-

2 1391 3 1394 *
82 1307 215 1388 gabant,
241 1313 275 1371 et
291 1309 369 1390 quia
394 1307 492 1374 factis
518 1309 681 1372 scrutiniis
698 1329 753 1372 seu
771 1308 1045 1392 explorationibus
1062 1312 1094 1373 in
1111 1308 1210 1375 domi·

2 1410 3 1440 ³
83 1417 136 1480 bus
161 1414 358 1498 Principum
383 1416 475 1480 nulla
502 1413 724 1498 reperiebatur
750 1415 813 1480 tibi
837 1416 1072 1500 coniungenda,
1088 1438 1128 1482 ex
1145 1439 1209 1501 qua

2 1543 3 1612 ξ
82 1525 199 1608 prolem
217 1523 259 1589 de
274 1525 423 1607 proximo
439 1545 571 1608 sperare
587 1524 720 1589 valeres.
748 1521 804 1589 Ad
820 1545 901 1608 quas
917 1523 1061 1590 breuiter
1077 1547 1209 1609 respon-

2 1617 3 1668 l
82 1632 187 1697 tlemus
207 1631 319 1716 :quod
345 1631 430 1698 idem
457 1628 580 1697 Galeaz
605 1634 716 1716 utique
743 1632 910 1717 superbus,
936 1640 970 1698 et
995 1632 1209 1702 sacrosancto

82 1739 226 1806 Romane
244 1739 401 1822 Ecclesia,
426 1747 481 1805 tue
508 1747 540 1804 at
565 1747 753 1806 cunctorum
771 1739 912 1805 fidelium
931 1741 1064 1822 Matris,
1080 1749 1113 1807 et
1130 1743 1209 1808 alia·

82 1871 144 1913 rum
161 1847 389 1914 Ecclesiarum
414 1855 447 1912 at
471 1869 685 1931 personarum
711 1848 1004 1914 ecclesiasticarum
1023 1850 1208 1914 senissimus

2 2029 3 2034 ἵ
83 1961 267 2038 persecutor
293 1960 326 2020 et
351 1954 463 2035 hostis,
490 1977 551 2038 pro
575 1977 698 2040 suaque
725 1955 942 2040 possibilitate
968 1956 1163 2038 destructor,
1181 1957 1207 2020 si

83 2069 163 2129 luam
181 2061 380 2129 affinitatem
399 2062 544 2144 haberet,
566 2064 651 2146 quod
668 2063 765 2146 absit,
782 2086 853 2130 cum
870 2065 914 2128 sis
930 2063 1021 2141 diues
1037 2071 1069 2130 et
1085 2071 1208 2149 potens,

2 2199 3 2248 1
83 2171 203 2254 sibique
228 2171 363 2253 sicinus,
388 2177 475 2236 esset
500 2171 540 2235 de
565 2191 623 2235 suo
640 2177 729 2236 statu
745 2172 905 2237 tirannico
931 2172 1034 2256 magis
1058 2179 1160 2252 tutus,
1175 2181 1208 2238 et

2 2307 3 2340 1
84 2289 191 2346 contra
223 2281 353 2347 easdem
380 2281 545 2347 Ecclesiae
572 2289 602 2346 et
629 2280 763 2365 populos
790 2280 934 2366 Imperii,
955 2302 1037 2364 qnos
1053 2285 1208 2366 opprimit

2 2449 3 2454 ,
85 2387 147 2453 diro
162 2389 241 2473 iugo
257 2390 418 2455 tirannice
434 2391 609 2469 seruitutis,
620 2389 791 2474 superbior
808 2397 841 2455 et
857 2392 964 2455 sauior
978 2393 1091 2474 procul
1108 2390 1206 2455 dubio

2 2507 3 2518 ¹
84 2495 277 2578 redderetur,
302 2503 335 2563 et
361 2496 403 2561 ad
419 2496 506 2562 hunc
521 2495 617 2562 finem
634 2497 668 2562 id
685 2503 757 2563 tota
773 2519 830 2563 sua
846 2496 1026 2563 calliditate
1042 2505 1207 2582 procurat.

2 2615 3 2650 ³
84 2603 125 2667 Et
139 2605 184 2669 sic
197 2611 234 2669 tu
252 2607 351 2670 etiarn
369 2626 441 2670 euru
458 2626 521 2670 non
537 2604 690 2684 iuuando,
705 2611 741 2672 rt
756 2609 893 2685 asseris3
908 2610 1018 2670 tamen
1029 2607 1207 2687 quiatime·

2 2733 3 2742 ¹
85 2712 157 2776 reris
171 2731 191 2775 a
207 2711 333 2778 miseris
350 2709 549 2777 bombardie
575 2713 714 2796 populis,
733 2730 832 2777 causa
848 2712 1002 2777 existeres
1017 2713 1102 2778 tanti
1118 2714 1207 2796 mali,

1 2796 3 2848 ³
86 2820 186 2884 eliste
203 2841 298 2902 quem
325 2819 443 2885 rideris
465 2818 546 2885 velle
563 2841 703 2901 seruare,
718 2820 803 2886 foret
819 2819 899 2886 ordo
915 2825 1125 2905 preposterus
1140 2843 1208 2886 ma·

2 2917 3 2922 ’
86 2925 202 2996 nileste.
218 2927 305 2994 Nam
324 2928 352 2992 si
368 2935 445 2994 ante
471 2934 673 2994 contractum
695 2928 938 2995 matrimonium
954 2950 987 2994 se
1003 2928 1047 2994 ad
1063 2927 1207 2996 debitam

2 3103 3 3106 Ἴ
88 3034 296 3101 reuerentiam
311 3033 459 3100 Ecclesia
486 3057 549 3100 non
575 3037 717 3120 inclinet,
732 3039 807 3120 post
821 3034 903 3100 illud
919 3035 953 3101 id
968 3036 1092 3102 faceret
1106 3037 1207 3102 multo

2 3200 3 3204 ,
87 3143 192 3225 miuus,
209 3147 312 3226 tuque
329 3149 479 3227 suscepta
504 3143 666 3210 affinitate
685 3145 852 3210 omitteres
868 3150 900 3208 et
916 3143 1046 3210 doleres
1062 3150 1153 3210 tuam
1168 3147 1205 3212 il·

2 3237 3 3312 ]
86 3250 212 3316 lustrem
237 3259 271 3316 et
297 3249 449 3318 deuotam
476 3253 664 3337 progeniem
690 3252 916 3318 commixtione
942 3252 1019 3316 talis
1036 3254 1206 3337 sauguinis

88 3355 246 3426 ledauisse.
265 3359 512 3425 Pretereasicut
529 3381 548 3424 a
563 3359 736 3444 fidedignis
753 3360 814 3425 hoc
830 3359 1004 3427 scientibus
1014 3359 1206 3444 audiuimus,

87 3467 116 3530 in
131 3468 214 3533 nulla
238 3468 289 3532 rel
316 3468 444 3536 modica
467 3475 561 3553 parte
586 3476 641 3534 tue
666 3491 738 3534 cnm
759 3471 863 3552 terris,
880 3489 961 3553 quas
980 3469 1065 3535 idem
1083 3467 1207 3535 Galeas

88 3573 209 3662 detinet,
233 3599 267 3642 se
285 3579 499 3662 contingunt3
525 3599 583 3643 nec
599 3579 686 3644 inter
702 3586 734 3645 te
751 3601 790 3644 ac
805 3585 888 3658 tuos,
905 3585 937 3643 et
953 3579 1057 3662 ipsum
1075 3577 1207 3646 luerunt

2 3712 3 3718 ¹
89 3701 192 3763 guerre
206 3685 375 3770 hactenus,
399 3707 458 3750 nec
483 3691 618 3770 proptor
643 3687 892 3770 contiguitatem
918 3690 1079 3750 terrarum
1098 3687 1205 3752 verisi-

89 3789 198 3858 militer
213 3799 348 3877 possent
360 3813 449 3875 esse3
466 3793 553 3859 etde
569 3793 894 3861 hocatuisfidelibus
911 3793 1068 3873 veridicis,
1085 3814 1148 3858 non
1165 3795 1206 3860 ab

89 3897 161 3984 aliis,
177 3903 232 3984 qui
248 3907 304 3966 tuo
319 3902 455 3985 puritati
469 3901 550 3968 talio
561 3902 759 3968 mendaciter
769 3908 930 3984 asserunt,
940 3900 1017 3967 velis
1033 3907 1066 3965 te
1082 3902 1208 3984 plonius

90 4005 262 4076 informare
278 4009 326 4074 Et
342 4009 370 4075 si
386 4031 538 4093 guerram
565 4010 703 4077 haberes
723 4032 795 4076 curn
813 4031 859 4090 eo,
876 4018 912 4077 tu
930 4031 964 4075 es
980 4030 1018 4074 eo
1035 4007 1136 4074 multo
1152 4031 1204 4094 po

91 4115 207 4196 tantior,
232 4123 265 4181 et
290 4117 354 4182 iam
382 4118 450 4200 ipss
476 4139 535 4202 per
551 4117 614 4183 Dei
631 4120 772 4202 gratiam
789 4116 979 4184 debilitatus
996 4123 1044 4184 est
1059 4115 1208 4199 multum,

90 4225 119 4284 et
132 4228 279 4304 speratur
290 4223 407 4290 deduci
424 4225 468 4289 ad
484 4224 620 4308 infirma,
636 4230 673 4291 ut
689 4233 841 4292 meretur.
859 4223 1109 4306 Neocredimns,
1120 4225 1207 4308 qnod

91 4329 214 4396 nundus
238 4332 282 4396 sit
306 4332 355 4397 ita
380 4332 510 4416 sterilis,
537 4335 614 4417 quin
640 4333 679 4399 de
695 4329 855 4401 Domibus
872 4329 1063 4417 Principum
1089 4332 1206 4397 saltem

92 4435 214 4502 nultum
228 4439 428 4524 nobiliorem,
456 4463 553 4524 qnam
570 4444 613 4507 sit
629 4464 730 4528 genus
747 4443 827 4508 dicti
854 4440 987 4522 Galeas,
1004 4439 1118 4523 utique
1135 4440 1206 4505 sim-

93 4539 206 4622 pliciter
222 4546 373 4631 militare,
399 4548 507 4615 valeas
534 4552 677 4634 reperire
704 4556 894 4616 consortem.
912 4548 1011 4612 Potes
1028 4567 1142 4632 nempe
1160 4571 1207 4612 re-

1059 4653 1098 4720 5*
