3210 5252
405 363 468 425 108
756 368 1176 428 nrrnounearsrnuntsnn.

405 559 446 606 ne
462 537 604 604 omnium
623 537 838 622 dampnorum
854 547 887 606 et
903 541 1066 621 interesse,
1080 547 1117 619 et
1133 544 1281 626 expensis
1300 544 1369 609 litis
1386 549 1419 608 et
1436 547 1531 608 extra

404 645 473 713 Pro
497 644 616 729 quibus
641 645 790 714 omnibus
815 647 1024 714 attendendis
1055 647 1281 733 obligaverunt
1306 650 1370 716 sibi
1395 650 1532 715 vicissim

403 775 487 820 unus
502 752 600 818 alteri
615 759 649 818 et
665 753 749 820 alter
765 754 862 821 alteri
879 755 988 822 omnia
1003 756 1089 822 bona
1105 777 1164 821 sua
1183 758 1401 841 presentiaet
1416 757 1533 822 fotura
1597 803 1599 840 ,

404 860 475 928 Nos
490 861 592 945 igitur
609 861 791 944 supradicti
805 859 1083 948 Archipresbiter,
1095 861 1315 949 Primicerius,
1331 863 1489 930 Canonici
1503 871 1534 930 et
1597 845 1599 922 l

405 968 596 1052 Capitulum
622 969 763 1054 Majoris
787 970 935 1037 Ecclesie
955 969 1161 1056 Spalatensis
1176 973 1292 1038 harum
1309 974 1393 1038 serie
1411 975 1533 1038 univer·
1594 959 1599 1024 l

405 1077 450 1143 sis
466 1081 501 1142 et
515 1075 652 1161 singulis
676 1083 745 1142 tam
771 1077 978 1162 presentibus
1004 1101 1103 1164 quam
1129 1079 1247 1146 suturis·
1274 1081 1392 1164 quibus
1409 1079 1534 1165 expedit
1598 1093 1599 1128 ³

405 1185 456 1250 vel
480 1179 633 1268 expedire
656 1183 750 1265 foret,
776 1205 835 1270 per
859 1192 1043 1270 presentem
1068 1187 1225 1271 paginam
1249 1187 1533 1273 signignifieamns,
1597 1193 1599 1254 ἶ

407 1291 495 1377 quod
509 1299 688 1361 annuentes
699 1293 848 1360 omnibus
865 1301 899 1360 et
916 1295 1052 1378 singulis
1068 1295 1104 1360 in
1118 1297 1262 1379 presenti
1272 1297 1396 1381 pagina
1407 1303 1534 1364 conten-

406 1402 458 1480 tis,
473 1400 608 1468 fecimus
627 1399 708 1467 dare
723 1401 854 1468 litteras
870 1401 1105 1468 testimoniales
1114 1409 1224 1470 nostre
1234 1404 1382 1470 Ecclesia
1391 1404 1534 1488 predicte
1598 1439 1600 1452 =

407 1508 515 1592 sigillo
532 1514 565 1574 et
581 1506 729 1593 Capituli
745 1509 953 1594 impendente
969 1510 1145 1576 munimine
1164 1510 1339 1578 roboratas
1357 1533 1459 1595 super
1473 1534 1535 1578 om·

409 1617 504 1682 nibus
520 1624 554 1682 et
570 1617 707 1700 singulis
721 1617 757 1682 in
773 1621 926 1701 presente
942 1619 1065 1703 pagina
1081 1619 1256 1685 annotatis.
1284 1617 1352 1686 Sub
1373 1641 1460 1686 anno
1475 1619 1535 1685 Do-

409 1723 487 1789 mini
503 1722 674 1790 millesimo
699 1725 929 1790 trecentesimo
954 1727 1196 1810 septuagesimo
1222 1727 1345 1809 quinto,
1362 1725 1535 1808 indictione
1598 1753 1601 1762 ·

408 1832 512 1901 tercia
529 1831 653 1897 decima
668 1829 721 1898 die
736 1831 824 1898 XII.
850 1830 968 1898 mensis
983 1831 1133 1917 Aprilis3
1156 1833 1378 1901 Pontificatus
1395 1833 1535 1901 Sanctis·

410 1939 483 2005 simi
500 1939 534 2004 in
549 1938 682 2006 Christo
699 1938 813 2006 Patris
830 1946 863 2006 et
878 1938 1012 2007 Domini
1027 1942 1143 2022 nostri,
1169 1941 1292 2008 domini
1307 1941 1466 2027 Gregorii
1481 1941 1535 2007 Di-

409 2047 488 2113 uina
503 2046 710 2132 providentia
725 2048 818 2132 Papo
834 2048 1009 2120 Vndeoimi
1024 2068 1109 2114 anno
1126 2049 1248 2133 quinto.

567 2191 686 2252 (Hiteles
700 2192 820 2244 masolat
832 2209 850 2246 a
862 2193 937 2246 bessi
950 2193 1068 2244 cstsztri
1081 2193 1169 2244 titkos
1180 2191 1379 2258 levtlttrban.)

894 2408 1051 2420 m

950 2593 1003 2655 90.

412 2755 442 2818 A
468 2753 619 2819 oolecoaea'
643 2750 918 2838 kormdnytondcr
943 2752 1145 2839 Froapepcta
1163 2749 1346 2816 lotodnaok
1361 2751 1475 2838 qdlya't
1491 2774 1537 2814 ea·

669 2861 730 2947 ped
744 2861 830 2926 altat
844 2860 968 2947 teapera'
984 2864 1149 2926 atozdara.
1175 2860 1280 2925 1375.

520 3017 620 3086 Anno
637 3015 912 3090 MOOCLXXV.
922 3019 1087 3086 indicione
1096 3013 1201 3085 XIII.
1212 3019 1265 3085 die
1275 3016 1396 3086 XVII.
1406 3016 1540 3103 Aprilis.

413 3126 574 3211 Capta:
591 3124 672 3193 Oum
682 3126 880 3210 Magnificus
896 3128 1044 3194 dominus
1055 3124 1210 3193 Stefanus
1227 3122 1344 3192 (lomes
1359 3121 1467 3209 Vegle
1482 3133 1540 3192 eto.

413 3235 598 3302 carissimus
608 3235 731 3301 amicus
748 3241 780 3300 et
796 3235 876 3302 civis
886 3234 1110 3315 noster‚nobis
1120 3236 1282 3300 instanter
1293 3233 1421 3316 requiri
1431 3231 1541 3300 fecerit

411 3364 471 3427 per
487 3363 579 3408 suum
595 3340 861 3427 Ambaxatorem‚
879 3350 1040 3427 quatenus
1056 3343 1151 3409 nobis
1167 3343 1296 3427 placeat
1311 3341 1488 3408 concedere
1513 3341 1540 3406 ei

413 3471 511 3516 unam
536 3447 576 3514 de
591 3451 713 3516 nostris
739 3451 842 3533 galeis
868 3473 928 3535 pro
956 3448 1149 3533 complendo
1175 3447 1340 3533 quoddam
1356 3455 1469 3516 votum
1485 3470 1542 3532 per

411 3558 519 3641 ipsum
543 3557 667 3623 factum
692 3558 734 3624 ad
750 3556 906 3625 Sanctam
931 3558 1076 3625 Mariam
1103 3557 1143 3624 de
1169 3553 1313 3640 Oasopo..
1332 3553 1399 3639 Qui
1425 3555 1542 3623 Comes

414 3663 567 3731 Stefanus
592 3671 626 3730 et
652 3667 702 3731 sui
718 3668 945 3750 progenitores
965 3687 1093 3751 semper
1109 3665 1375 3749 complacuerunt
1391 3663 1487 3732 nobis
1503 3665 1542 3729 de

413 3772 563 3840 omnibus
577 3774 742 3857 requisitis
757 3772 799 3840 ab
817 3775 873 3860 eis,
889 3774 945 3856 ita,
956 3774 1043 3859 quod
1058 3774 1175 3840 honori
1191 3779 1304 3839 nostro
1319 3773 1401 3839 facit
1417 3794 1543 3840 conser-

412 3903 490 3948 vare
515 3887 549 3947 ot
573 3889 801 3966 argumentare
825 3884 932 3966 ipsum
949 3883 983 3948 in
999 3903 1110 3950 amore
1126 3886 1159 3948 et
1175 3881 1403 3948 benevolentia
1422 3887 1543 3964 nostra,

412 3990 502 4058 vadit
524 4013 611 4077 pars,
637 3992 724 4076 quod
749 4013 808 4076 per
824 3991 910 4058 viam
927 3991 1031 4058 mutui
1047 3991 1288 4075 complanantur
1305 3992 1395 4057 dioto
1412 3990 1542 4056 domino

413 4095 535 4165 Comiti
559 4100 602 4165 de
624 4121 690 4165 una
714 4100 884 4184 galearum
909 4099 1012 4165 nostri
1037 4095 1228 4166 Communis
1247 4098 1288 4163 de
1309 4119 1464 4165 mensura
1480 4098 1543 4164 Ro·

413 4208 530 4291 mania,
545 4208 595 4273 rel
611 4206 651 4272 de
666 4228 732 4273 uno
747 4207 947 4274 bucentauro
963 4213 1080 4291 parato
1098 4206 1247 4273 omnibus
1263 4205 1410 4271 corredis
1427 4228 1543 4290 oppor-

411 4315 506 4398 tunis,
523 4316 608 4381 sicut
622 4317 737 4381 melius
754 4315 918 4381 videbitur
934 4313 1081 4399 Collegio
1098 4311 1242 4394 Domini,
1261 4313 1544 4394 Consiliariornm,

415 4423 569 4508 Capitum
585 4429 619 4490 et
635 4423 826 4508 Sapientem
845 4420 1005 4489 Ordinum
1015 4422 1066 4488 vel
1076 4421 1191 4486 maiori
1208 4421 1302 4505 parti.
1318 4420 1363 4485 ut
1380 4422 1471 4487 ultra
1484 4421 1543 4486 hoc

415 4530 614 4598 concedatur
630 4531 669 4614 ei,
685 4531 771 4616 quod
788 4532 893 4616 possit
909 4530 1040 4598 soldare
1055 4529 1089 4593 in
1109 4526 1261 4595 Venetiis
1278 4533 1328 4594 tot
1343 4527 1490 4596 homines
1507 4527 1545 4594 de
