3248 5242
628 457 723 530 1393.
1179 459 1241 531 739
1299 467 1306 474 '

108 639 149 706 de
165 637 326 729 Venetijs‚
342 644 445 708 nostri
461 642 594 728 hospitij
614 645 768 728 magister
795 643 982 726 hostiarius,
999 641 1242 725 Cambellanus,

49 781 53 792 ·
107 749 281 816 familiaris
299 757 332 816 et
348 751 453 817 fidelis
479 756 590 817 noster
616 752 754 819 dilectus
780 774 859 837 erga
875 774 934 818 nos
950 751 1162 818 laudabiliter
1178 752 1242 817 cla·

106 860 183 943 ruit,
201 881 323 927 necnon
341 867 438 945 grata
454 862 546 925 vtilia
562 867 596 926 01
610 861 778 928 fructuosa
799 863 935 928 seruitia
950 883 1009 947 per
1026 883 1099 928 eum
1116 862 1249 946 Magea·

104 969 170 1034 tati
187 965 308 1034 Nostre
325 969 466 1034 fideliter
483 975 516 1034 et
532 970 746 1035 laudabiliter
770 971 918 1054 prestita,
934 991 1071 1054 persone
1088 991 1143 1036 sue
1160 969 1242 1053 peri-

104 1077 189 1157 cula,
206 1085 362 1162 sumptus,
379 1077 508 1144 labores
534 1085 568 1143 et
596 1079 685 1143 tedia
702 1079 884 1146 nullatenus
901 1078 1120 1158 formidando,
1138 1100 1242 1162 queue

103 1191 234 1268 prestat
249 1187 291 1251 ad
307 1208 441 1270 presens
468 1193 500 1250 01
524 1194 675 1270 prestare
702 1189 824 1271 poterit
840 1187 1013 1252 1111110110
1029 1184 1184 1266 futurum,
1201 1208 1240 1252 ex

103 1292 225 1374 quibus
241 1295 349 1377 ipsum
375 1293 508 1378 specialj
537 1299 651 1360 nostra
667 1297 776 1378 gratia
801 1294 934 1378 dignum
953 1299 986 1359 et
1001 1292 1239 1359 benemeritam

103 1408 318 1484 reputamus3
335 1403 439 1468 eidem
456 1399 610 1486 Georgio,
627 1409 659 1467 et
674 1404 741 1467 suis
766 1402 939 1468 heredibus
955 1401 1128 1486 masculinj
1146 1422 1241 1469 sexus

104 1530 145 1573 ex
163 1527 220 1574 suo
238 1532 372 1595 corpore
389 1511 534 1595 legitime
562 1511 843 1593 descendentibus,
868 1511 954 1576 natis
975 1511 1040 1575 iam
1056 1515 1090 1575 01
1104 1511 1240 1575 inantea

101 1619 289 1699 nascituris,
306 1619 545 1704 imperpetuum
562 1616 723 1685 Ciuitates
740 1627 773 1684 et
788 1620 912 1686 insulas
928 1615 1044 1702 Chersj
1063 1624 1096 1683 01
1113 1616 1237 1702 Absarj

102 1728 247 1809 partium
265 1726 373 1810 Regni
390 1729 492 1794 nostri
516 1725 693 1808 Dalmatis,
709 1751 772 1813 que
788 1728 919 1794 suerunt
935 1728 1100 1810 quondam
1116 1725 1239 1809 Magis-

101 1835 149 1899 tri
178 1832 355 1901 Sarraceni
382 1835 423 1902 de
450 1836 567 1902 Padus
592 1840 660 1902 sine
685 1839 838 1921 legitimis
864 1837 977 1903 liberis
994 1836 1189 1915 decedentis,
1205 1839 1238 1899 01

100 1944 304 2008 successione
331 1943 495 2008 ,Iohannis
522 1945 562 2009 de
587 1944 704 2010 Padus
720 1944 831 2009 fratris
849 1946 899 2010 sui
916 1943 1101 2026 Nostraque
1118 1941 1235 2008 Maias·
1323 1995 1326 2000 .

99 2051 182 2116 tatis
199 2051 331 2116 rebellis
358 2053 489 2134 notorii,
514 2059 581 2116 1001
609 2073 667 2136 per
684 2053 785 2136 ipsius
803 2053 966 2134 quondam
983 2051 1139 2135 Magistri
1157 2048 1235 2116 Sar·

100 2159 211 2242 racenj
231 2159 353 2224 obitum
381 2159 568 2225 decedentis
594 2162 663 2225 sine
679 2160 833 2242 legitimis
849 2160 970 2240 liberis,
987 2167 1024 2226 ut
1040 2166 1089 2226 est
1105 2160 1235 2239 dictum,
1253 2192 1259 2206 ι

98 2289 197 2350 quam
217 2289 275 2350 per
292 2268 370 2332 dicti
389 2267 552 2334 Johannis
569 2267 779 2335 rebellionem
797 2270 960 2335 notoriam
977 2277 1009 2334 01
1024 2270 1090 2334 lese
1107 2268 1231 2334 Nostra

97 2373 291 2441 Maiestatis
308 2377 439 2460 crimen,
455 2377 643 2442 adherendo
669 2377 810 2443 iauendo
827 2385 859 2442 01
876 2377 1057 2443 assistendo
1074 2376 1231 2455 hostibus,

97 2484 216 2548 emulis
225 2493 259 2548 01
269 2483 440 2549 rebellibus
452 2485 583 2566 nostris,
593 2483 702 2566 Regni
715 2486 817 2549 nostri
829 2485 1012 2568 Hungarie,
1028 2485 1231 2568 sequacibus,

95 2591 333 2658 adherentibus
349 2597 382 2655 et
398 2591 583 2656 fauentibus
609 2593 793 2674 eorundem,
812 2591 852 2655 ad
869 2615 984 2658 manus
1003 2599 1115 2657 nostre
1132 2589 1231 2658 Ourie

8 2779 15 2784 ¹
91 2703 182 2785 juste
199 2706 232 2766 et
247 2700 488 2766 rationabiliter
505 2699 688 2780 deuolutaS,
705 2723 778 2766 cum
796 2698 933 2782 Castris
950 2701 1142 2787 iortellicijs,
1172 2701 1229 2764 vil·

93 2809 147 2890 lis,
173 2809 369 2891 hominibus,
404 2809 562 2886 vassallis,
584 2806 827 2893 jobagionibus‚
852 2808 1043 2890 redditibus,
1069 2807 1228 2886 censibus,

1 2936 2 2941 ’
95 2917 253 3001 seruitijs,
270 2916 428 2998 domibus,
453 2916 721 3000 possessionibus,
747 2918 857 3000 vineis,
883 2901 1022 2996 olinetis,
1038 2917 1136 2982 terris
1162 2915 1228 2980 cul-

95 3026 141 3090 tis
159 3032 192 3090 et
209 3025 350 3108 incultis,
367 3025 541 3109 montibus,
557 3025 675 3109 planis,
699 3027 811 3109 pratis,
828 3027 928 3107 siluis,
943 3024 1139 3104 nemoribus,
1154 3045 1228 3108 pas-

93 3133 174 3214 cuis,
201 3133 383 3213 arboribus,
410 3135 607 3215 querquetis,
632 3134 835 3215 molendinis,
866 3133 1026 3218 piscarijs,
1056 3131 1227 3211 theloneis,

90 3241 188 3324 aquis
214 3247 247 3304 01
271 3263 430 3325 aquarum
457 3241 656 3324 decursibus,
672 3242 867 3322 tenimentis,
885 3242 1071 3325 territorijs,
1085 3237 1225 3325 juribus,

86 3347 375 3431 jurisdictionibus
401 3355 431 3412 et
458 3348 663 3433 pertinentijs
689 3369 798 3415 aarum
815 3348 985 3431 omnibus,
1011 3369 1050 3414 ac
1075 3347 1134 3413 snb
1159 3347 1226 3414 illis

90 3456 200 3536 metis,
216 3457 364 3522 terminis
381 3464 415 3524 et
431 3455 620 3539 confinibus,
631 3457 691 3522 sub
709 3457 826 3540 quibus
843 3457 928 3524 dicte
945 3456 1106 3524 Ciuitates
1124 3463 1156 3522 01
1171 3454 1225 3520 In·

88 3564 162 3628 sule
178 3585 235 3646 per
251 3564 373 3630 dictum
393 3565 591 3649 Magistrum
609 3563 836 3644 Sarracenum,
853 3565 928 3630 dum
946 3565 1035 3646 vixit,
1052 3571 1086 3629 et
1101 3585 1224 3629 succes-

88 3657 180 3736 sione
207 3693 265 3756 per
291 3672 456 3756 prelatum
481 3671 668 3737 Johannem
696 3671 831 3737 fratrem
858 3695 961 3754 snum,
986 3678 1075 3739 tenta
1092 3671 1224 3737 luerunt

87 3781 249 3846 hactenus
265 3786 299 3845 01
315 3802 471 3864 possesse,
497 3787 529 3846 01
546 3780 630 3864 aliie,
647 3781 693 3844 eis
709 3781 805 3845 modo
823 3786 856 3846 et
872 3780 986 3864 forma,
1004 3778 1122 3864 quibus
1140 3801 1178 3844 ac
1194 3780 1222 3844 si

90 3893 125 3954 et
142 3895 241 3972 prout
257 3888 344 3954 dicte
363 3885 523 3954 Ciuitates
549 3895 581 3954 01
607 3888 719 3953 100010
736 3911 795 3972 per
810 3887 980 3955 recolende
997 3889 1150 3954 memorie
1167 3886 1223 3952 do·

87 3999 213 4066 minum
229 3997 433 4065 Ludouieum
449 3999 513 4063 Dei
524 3998 633 4080 gratia
643 3997 824 4080 Huugarie,
835 3996 1001 4063 Dalmatie
1019 4003 1078 4063 010.
1095 3995 1219 4080 Regem

89 4104 185 4171 nobis
210 4105 434 4172 honorabilem
461 4112 627 4189 tamquam
654 4112 779 4189 patrem
816 4106 949 4171 concedi
972 4110 1220 4184 consueuerant,

87 4215 165 4280 dnm
183 4215 272 4296 vixit,
289 4215 329 4279 de
346 4221 437 4280 certa
453 4221 565 4281 nostra
592 4213 736 4292 scientia,
756 4218 933 4298 nostreque
949 4235 1033 4279 none
1049 4218 1083 4276 et
1097 4213 1220 4276 irreuo-

85 4323 203 4388 cubilis
229 4324 415 4390 donationis
440 4323 537 4389 titulo
563 4323 655 4387 iuxta
671 4341 763 4386 usum
790 4326 822 4387 et
848 4321 1113 4388 consuetudinem
1138 4315 1217 4402 dictj

83 4432 193 4516 Regnj
213 4433 318 4498 nostri
335 4433 511 4512 Dalmatio,
527 4437 640 4496 tenore
657 4431 856 4514 presentium
873 4430 997 4512 damus,
1013 4427 1217 4495 concedimus

85 4547 120 4606 01
146 4539 320 4624 donamus;
346 4562 404 4624 per
430 4541 567 4606 eundem
594 4537 781 4623 Georgium,
807 4546 840 4605 01
866 4539 968 4605 dictos
991 4559 1066 4604 suos
1082 4536 1217 4602 heredes

84 4647 261 4714 immediate
287 4655 320 4714 et
344 4651 377 4714 in
399 4650 506 4733 capite
523 4671 543 4714 a
558 4647 651 4713 nobis
668 4653 700 4712 et
716 4648 839 4713 nostris
856 4649 889 4712 in
907 4646 995 4712 dicto
1011 4645 1127 4728 Regno
1144 4667 1219 4709 uos·

1045 4752 1107 4822 47*
