3226 5254
588 325 683 384 1380.
756 341 762 346 '
1136 328 1197 388 375

6 547 8 576 ,
86 507 113 563 et
126 500 244 564 nomine
259 501 339 564 dicti
356 501 478 564 domini
506 500 617 582 Regis,
637 507 796 579 mutuare,
812 507 845 564 et
860 500 947 582 quod
964 523 1004 565 ex
1020 523 1118 567 causa
1134 524 1202 566 mu·
1286 525 1288 532 ’

85 607 126 671 tui
149 607 265 673 dictum
293 609 470 672 t'ommuno
496 606 663 672 Florentia
688 605 782 671 dabit
807 614 863 671 aut
891 607 961 672 dari
989 607 1088 673 saciet
1115 607 1202 673 infra

6 715 8 760 l
86 714 155 780 duos
169 737 290 782 menses
307 714 452 800 proxime
469 721 637 781 secuturos
664 715 750 780 dicto
768 714 897 780 domino
914 716 1008 800 Regi,
1026 723 1058 781 et
1074 737 1128 781 seu
1145 715 1200 781 ha·

6 887 7 890 ,
87 822 163 888 beuti
177 823 493 890 mandatumadicto
511 823 641 890 domino
663 823 764 906 Rege,
784 823 1002 908 quadraginta
1029 823 1118 889 milia
1143 825 1199 890 flo-

6 953 8 1020 ᾗ
86 950 168 995 renos
182 933 251 998 auri
268 939 434 998 currentes
452 937 486 997 et
502 939 538 997 ut
554 938 691 996 currunt
708 932 875 997 Florentia
891 934 977 998 inter
1002 939 1201 999 mercatores

6 1047 8 1076 ¹
84 1036 275 1104 Florentinos
291 1041 325 1104 in
341 1040 404 1105 biis
420 1041 567 1106 terminis
578 1046 610 1104 et
621 1040 790 1123 partibus;
817 1039 966 1105 videlicet
989 1039 1196 1106 medietatem

6 1189 8 1236 t
83 1145 172 1229 ipsius
188 1147 382 1230 quantitatis
399 1148 486 1212 infra
512 1169 567 1211 sex
594 1147 661 1212 dies
677 1148 823 1230 proxime
840 1154 1005 1216 secuturos
1022 1170 1042 1213 a
1059 1146 1111 1214 die
1129 1169 1199 1232 pre·

82 1255 169 1320 sentis
185 1261 373 1321 contractus
389 1257 422 1320 in
449 1277 563 1339 campo
581 1253 823 1340 Ungharorum,
840 1256 948 1320 autin
964 1255 1084 1322 Castro
1103 1254 1198 1338 Stag-

6 1421 8 1446 ᾖ
81 1362 133 1444 gie,
148 1370 202 1427 aut
230 1365 263 1428 in
282 1360 401 1430 Castro
418 1363 632 1430 Podiobonizi
648 1363 833 1430 Comitatus
850 1364 1029 1446 Florentio,
1046 1371 1079 1428 et
1095 1364 1194 1428 aliam

6 1461 8 1548 l
81 1471 274 1536 medietatem
301 1473 335 1536 in
361 1469 487 1538 duobus
515 1473 669 1554 terminis,
694 1469 845 1538 videlicet
870 1471 980 1538 decem
997 1472 1100 1540 millia
1114 1471 1200 1537 infra

6 1561 8 1622 ἶ
82 1599 168 1643 uuum
193 1601 343 1662 mensem,
367 1585 401 1646 et
425 1579 564 1646 florenos
588 1581 699 1646 decem
726 1579 829 1646 millia
855 1579 943 1646 inira
968 1581 1052 1672 duos
1075 1600 1200 1644 menses

6 1703 9 1732 ¹
80 1686 230 1767 predictos
255 1709 275 1754 a
301 1687 353 1752 die
378 1689 537 1771 presentis
554 1694 760 1768 contractus3
785 1694 819 1752 et
834 1688 1000 1771 predictas
1017 1686 1099 1753 duas
1116 1689 1199 1753 alias

79 1796 243 1863 solutiones
258 1794 364 1862 facere
381 1796 414 1860 in
431 1796 573 1863 Ciuitate
582 1795 759 1878 Florentia,
770 1805 827 1861 aut
843 1797 877 1860 iu
895 1795 1013 1862 Castro
1031 1796 1194 1860 Podiobo·

6 1941 8 1970 ι
80 1903 134 1967 nizi
147 1903 301 1986 predicto.
325 1905 381 1970 Ita
396 1910 505 1970 tamen
522 1911 642 1971 etcum
659 1905 721 1970 hoc
736 1911 840 1989 pacto,
857 1903 946 1989 quod
971 1904 1077 1969 dictus
1096 1904 1195 1968 domi-

6 2029 8 2042 *
80 2033 131 2076 uus
145 2012 214 2079 Rex
230 2020 289 2080 aut
305 2016 374 2080 eius
399 2016 627 2082 mandatarius
652 2015 797 2100 ydoneus
822 2016 999 2099 promictat
1014 2021 1048 2080 et
1065 2016 1199 2099 promit-

6 2147 8 2196 ι
81 2125 141 2184 tere
157 2120 274 2187 debeat
298 2144 357 2205 per
384 2122 527 2188 solemne
544 2131 575 2186 et
591 2124 790 2188 autenticum
808 2123 1056 2188 instrumentum
1073 2122 1199 2187 confici·
1238 2105 1242 2112 ¹

6 2237 8 2300 t
79 2228 184 2293 endum
202 2252 275 2294 oum
292 2230 444 2297 clausulis
460 2236 493 2296 et
509 2230 769 2296 solemnitatibus
795 2231 964 2314 oportunis
981 2252 1079 2296 manu
1095 2227 1199 2296 Nota·

6 2301 8 2442 Ξ
78 2335 112 2398 rii
137 2336 329 2421 Florentiui,
355 2337 443 2402 dicto
470 2335 650 2420 Communi,
674 2345 732 2403 aut
757 2338 815 2403 alii
839 2359 899 2422 pro
934 2339 1004 2421 ipso
1026 2335 1197 2402 Communi

6 2445 8 2532 ἑ
78 2445 237 2527 recipienti
252 2451 399 2528 tempore
417 2446 587 2512 solutionis
612 2446 718 2510 dende
735 2448 908 2511 occasione
924 2444 1073 2529 predicta
1091 2447 1130 2510 de
1147 2467 1198 2511 cu-

77 2552 169 2616 rando
186 2557 218 2616 ct
233 2551 392 2633 faciendo,
407 2558 441 2618 et
458 2553 544 2636 quod
576 2553 674 2620 saciet
690 2561 722 2618 et
738 2555 866 2620 curabit
881 2557 929 2619 ita
945 2562 977 2619 et
993 2554 1105 2619 taliter
1123 2575 1196 2618 cum

6 2699 8 2708 ,
77 2659 199 2743 effectu3
216 2661 640 2745 quodinsraunumannum
652 2662 799 2745 proxime
818 2669 1003 2728 secuturum
1025 2662 1197 2728 Sanctissi-

76 2789 139 2833 mus
150 2768 181 2834 in
192 2768 325 2836 Christo
336 2769 438 2836 Pater
449 2777 481 2835 et
492 2770 652 2836 Dominus
663 2769 810 2836 dominus
820 2769 976 2840 Urbanus
988 2770 1107 2834 Divina
1123 2792 1197 2854 pro-

75 2876 209 2945 videntia
232 2878 328 2962 Papa
353 2876 483 2961 Sextus,
509 2880 559 2944 vel
577 2881 653 2950 ,eius
678 2900 841 2944 successor
867 2878 1072 2961 computabit
1088 2885 1121 2943 et
1136 2900 1195 2962 pro

74 2993 199 3068 recepta
223 2987 359 3053 habebit
384 2989 417 3052 in
434 2994 541 3053 totum
557 2989 607 3053 vel
623 2988 656 3051 in
672 2993 799 3072 partem
816 2987 903 3052 infra
919 2985 1041 3050 dictum
1063 2992 1192 3070 tempus

6 3161 8 3174 Ι
75 3092 187 3159 dictam
204 3097 424 3179 quantitatem
443 3101 473 3160 et
491 3117 647 3162 summam
664 3095 697 3160 in
715 3095 899 3179 quantitate
910 3101 1088 3176 asumma,
1099 3115 1196 3175 quam

6 3185 8 3262 i
76 3199 187 3267 dicitur
203 3205 327 3270 dictum
341 3191 526 3299 'Commune
552 3203 721 3269 Florentio
748 3203 865 3269 debere
881 3203 942 3286 ipsi
960 3201 1089 3266 domino
1106 3201 1198 3284 Papo

6 3305 7 3380 ζ
73 3316 102 3373 et
120 3307 237 3376 Sancte
254 3311 403 3375 Romane
414 3311 564 3376 Ecclesie
577 3312 751 3377 occasione
761 3312 853 3394 pacis
863 3310 1020 3374 hactenus
1031 3315 1197 3374 contracte

6 3477 8 3494 ,
73 3417 155 3484 iuter
171 3421 276 3502 ipsum
294 3418 461 3485 dominum
472 3419 599 3503 Papam
615 3426 648 3484 et
665 3415 1046 3502 Communepredietum‚
1062 3423 1094 3483 et
1110 3415 1197 3500 quod

6 3531 8 3576 ὲ
74 3524 156 3591 illam
182 3527 399 3610 quantitatem
426 3551 483 3594 seu
509 3533 635 3612 partem
668 3551 707 3592 ex
738 3526 978 3612 quantitatibus
1010 3526 1197 3608 antedictis,

6 3613 8 3692 ἶ
75 3655 166 3715 quam
182 3634 289 3700 dictus
306 3635 455 3702 dominus
482 3636 576 3720 Papa
602 3638 651 3702 ve]
678 3639 747 3701 eius
765 3635 935 3700 subcessor
950 3655 1015 3699 uon
1031 3639 1197 3718 computa-

73 3740 125 3822 bit,
150 3750 181 3807 et
206 3763 264 3826 pro
290 3751 423 3826 recepta
448 3766 512 3809 non
538 3744 682 3826 habebit,
699 3752 732 3809 et
749 3744 789 3810 de
807 3767 872 3828 qua
889 3765 990 3828 usque
1007 3743 1049 3808 ad
1066 3765 1197 3808 concur-

6 3859 7 3886 ³
73 3857 189 3916 rentem
215 3853 437 3935 quantitatem
463 3875 534 3918 cum
561 3854 745 3936 (quantitate
771 3854 879 3917 soluta
904 3874 968 3916 nou
988 3851 1136 3917 absolvet
1164 3858 1197 3916 et

6 3975 7 3980 ’
74 3960 229 4040 quietabit
246 3960 425 4026 Commune
445 3960 628 4044 predictum
646 3960 732 4025 infra
747 3959 870 4024 dictum
896 3959 1080 4040 terminum,
1097 3959 1197 4025 domi·

73 4087 127 4132 uus
144 4068 215 4132 Rex
231 4067 384 4134 restituet
409 4076 467 4134 aut
495 4070 624 4134 restitui
650 4069 748 4134 faciet
765 4068 853 4134 dicto
870 4067 1042 4134 Communi
1058 4068 1092 4133 in
1110 4068 1196 4133 dicta

75 4172 206 4242 Ciuitate
223 4177 395 4241 Florentio
411 4177 498 4242 infra
515 4178 655 4261 quinque
672 4199 774 4243 annos
784 4177 929 4261 proxime
939 4177 1197 4243 secuturosadie

73 4286 226 4362 presentis
246 4291 451 4365 contractus3
476 4291 509 4350 et
534 4283 621 4367 quod
647 4286 688 4350 ad
704 4287 853 4368 predicta
870 4285 1071 4369 obligabitur
1088 4284 1195 4351 dictus

74 4387 214 4457 dominus
230 4391 302 4458 Rex
319 4414 374 4457 seu
391 4392 459 4457 eius
476 4392 696 4458 mandalarius
721 4393 865 4476 ydoneus
882 4392 988 4474 ipsum
1005 4391 1124 4457 eteius
1140 4391 1196 4457 bo·

6 4561 12 4570 ,
76 4521 111 4564 na
127 4501 283 4586 obligans.
300 4501 438 4584 Insuper
463 4501 706 4584 prenominatus
732 4501 880 4567 dominus
897 4499 1066 4566 lohannes
1084 4501 1195 4565 Banus
