3182 5252
607 407 701 470 1335.
1091 405 1093 416 ⁴
1155 407 1219 470 565

95 585 167 663 tate,
183 587 214 645 ct
231 583 373 647 omnium
399 581 539 647 aliorum
565 581 686 648 ibidem
712 584 889 648 astantium
914 583 1060 666 prefatas
1086 585 1222 669 promis·

94 690 197 754 siones
223 694 256 754 et
281 688 506 772 obligationes,
532 712 570 756 ac
595 691 696 755 etiam
720 691 870 774 predicta
896 696 1059 758 conventa
1074 697 1173 776 pacta
1189 694 1224 759 in

95 799 203 865 eadem
229 798 392 882 scriptura
418 805 581 864 contenta
598 800 799 883 promulgari
816 805 849 866 et
863 801 929 882 legi
957 799 1089 885 publice
1105 823 1144 867 ac
1160 802 1223 866 dis·

92 907 199 986 tincte,
216 913 316 989 prout
331 904 384 971 hic
400 905 534 972 inferius
553 907 593 971 de
612 907 710 973 verbo
727 908 769 974 ad
786 909 920 974 verbum
944 908 1094 992 predicte
1110 930 1223 973 omnes

92 1021 125 1080 et
141 1015 266 1097 singule
292 1015 523 1098 promissiones
540 1023 571 1080 et
588 1015 816 1100 obligationes,
834 1038 873 1083 ao
889 1024 988 1101 pacta
1004 1021 1040 1080 et
1055 1022 1223 1097 conventa,

94 1145 131 1188 ex
155 1122 270 1188 eadem
295 1124 459 1207 scriptura
485 1123 626 1188 fideliter
651 1131 858 1190 annotantur.
884 1124 1023 1208 Insuper
1048 1125 1221 1189 memorati

94 1229 216 1296 Milites
233 1230 355 1296 domiui
371 1227 527 1315 Alnysius
544 1237 577 1296 et
594 1229 769 1297 Collardus
795 1240 863 1298 tam
880 1233 1021 1316 propriis
1037 1253 1150 1297 eornm
1168 1253 1223 1296 no·

93 1339 243 1420 minibus,
269 1361 367 1423 quam
393 1339 492 1406 etiam
518 1343 745 1425 procuratorio
772 1343 902 1407 nomine
918 1341 1141 1426 predictorum
1158 1362 1223 1404 om·

93 1448 179 1513 nium
207 1452 240 1513 et
264 1449 464 1532 singulorum
491 1451 757 1515 constituentium
784 1471 848 1531 eos,
874 1451 1089 1533 corporaliter
1122 1470 1221 1514 mauu

93 1557 188 1622 tactis
217 1555 328 1623 Sacris
354 1555 532 1641 Scripturis
557 1560 591 1622 in
607 1555 772 1642 presentia
799 1557 943 1624 onmium
961 1558 1224 1642 supradictorum

94 1669 126 1729 ct
140 1665 424 1748 infrascriptornm
453 1665 594 1746 testium,
611 1671 643 1730 et
661 1666 723 1730 mei
739 1663 872 1732 Notarii
889 1687 998 1730 coram
1014 1664 1143 1748 prefata
1158 1663 1225 1728 Re·

94 1774 196 1856 ginali
213 1772 389 1839 Maiestate
406 1773 533 1857 publice
547 1773 740 1856 juraveruut
754 1775 788 1840 in
804 1776 930 1839 animas
946 1775 1091 1857 ipsorum
1108 1779 1142 1838 et
1160 1794 1225 1837 om·

94 1883 181 1947 nium
207 1891 241 1946 et
267 1883 467 1966 singulorum
492 1884 759 1948 constituentium
784 1903 849 1964 eos,
874 1887 910 1948 ut
936 1883 1084 1964 superius
1100 1880 1224 1946 dictum

93 1998 150 2072 est,
166 1989 304 2056 firmiter
330 1991 501 2056 attendere
526 1997 559 2056 et
584 1991 759 2058 observare
785 1992 941 2068 omniaet
957 1989 1175 2075 singulaque
1191 1989 1225 2052 in

4 2143 5 2146 =
94 2099 247 2183 predictis
264 2098 530 2182 promissionibus
546 2107 578 2164 et
594 2099 859 2183 obligationibus,
875 2122 913 2190 ac
929 2099 1094 2163 conventis
1106 2104 1140 2192 et
1150 2119 1225 2182 pac-

97 2207 147 2288 tis,
164 2214 201 2272 ut
218 2207 340 2272 dictum
357 2214 416 2288 est,
432 2207 604 2272 celebratis
621 2214 652 2273 et
669 2207 789 2273 habitis
805 2207 893 2272 inter
908 2207 1153 2290 prenominatos
1170 2205 1225 2270 do-

95 2316 198 2379 minos
224 2313 397 2398 Aluysium
423 2323 457 2380 et
482 2314 671 2381 Collardum
697 2314 831 2396 Milites,
847 2336 887 2379 ac
902 2313 1013 2382 omnes
1031 2321 1063 2380 et
1078 2312 1224 2396 singulos

95 2423 328 2487 constituentes
355 2443 418 2502 eos,
445 2429 477 2486 et
502 2423 588 2487 inter
606 2403 869 2488 Domiuationem
885 2443 942 2488 seu
959 2422 1120 2505 Regimen
1137 2421 1225 2486 dicte

95 2529 249 2594 Ciuitatis
274 2528 409 2612 Ragusii
434 2531 659 2624 capitulariter
677 2529 892 2596 continentur.
917 2529 1065 2614 Quorum
1081 2529 1225 2594 omnium

94 2639 345 2722 promissionum
371 2646 403 2704 et
428 2638 672 2722 obligationum,
699 2647 732 2704 et
756 2647 927 2723 pactorum
953 2661 1081 2726 quoque
1098 2659 1136 2704 ao
1153 2658 1225 2704 con·

95 2749 268 2812 uentorum
285 2769 343 2830 per
359 2749 468 2812 omnia
483 2755 578 2813 tenor
595 2750 737 2814 noscitur
755 2769 823 2812 esse
840 2748 917 2814 talis
935 2773 940 2812 :

203 2855 244 2920 In
260 2851 386 2921 Christi
402 2859 530 2922 nomine
546 2853 656 2922 Amen
673 2855 733 2921 stb.
760 2855 965 2940 (novetkezik
982 2878 1003 2920 a
1018 2854 1154 2936 Raguna
1171 2859 1224 2918 rt·

94 2983 147 3029 ros
164 2987 181 3028 s
198 2985 236 3029 an
252 2963 389 3045 elfegott
413 2963 557 3030 tranczia
581 2964 696 3030 fdurak
712 2971 746 3028 es
762 2963 900 3046 lovagok
916 2962 1002 3028 kozti
1019 2960 1226 3046 egyezkedes,

4 3129 11 3136 ..
95 3074 179 3140 mint
194 3071 328 3138 ientebb
344 3075 417 3138 305.
435 3095 475 3138 sz.
492 3071 535 3157 a.)

205 3181 246 3245 In
271 3180 396 3247 Christi
420 3182 550 3245 nomine
577 3188 683 3246 Amen
711 3181 771 3248 stb.
799 3179 1005 3266 (kdretkezik
1035 3201 1071 3244 az
1087 3178 1227 3243 emittett

96 3287 212 3354 sturak
238 3297 273 3353 es
298 3288 436 3372 lovagok
461 3287 749 3374 megbizottjainak
774 3287 1127 3372 meghatalmazrtaya,
1143 3288 1226 3351 mint

96 3399 229 3464 ientebb
248 3403 321 3464 306.
337 3421 377 3463 sz.
396 3398 439 3483 a.)

205 3505 295 3572 Acta
312 3513 388 3572 sunt
412 3507 523 3572 omnia
548 3514 581 3572 et
606 3506 734 3590 singula
750 3506 949 3592 supradicta,
965 3504 1116 3575 videlicet
1132 3527 1227 3588 expo·

94 3615 172 3680 sitio
189 3615 223 3680 in
240 3615 369 3697 scriptis
385 3614 603 3697 predictarum
621 3616 765 3680 omnium
788 3615 1036 3698 promissionum
1054 3623 1087 3682 et
1104 3611 1227 3697 obliga·

96 3723 238 3804 tionum,
263 3743 401 3787 necnon
417 3729 587 3805 pactorum
604 3728 637 3787 et
653 3729 895 3805 conventorum,
910 3725 989 3788 item
1000 3729 1032 3788 et
1040 3723 1227 3806 juramenta

99 3824 278 3914 solempnia
296 3828 335 3893 de
352 3830 820 3913 observationepremissorum
836 3831 870 3894 in
887 3831 1080 3914 Pasagavar
1096 3831 1130 3893 in
1147 3827 1229 3894 Oas·

100 3949 151 4007 tro
168 3941 339 4024 Reginalis
366 3940 551 4007 Maiestatis
578 3940 673 4023 dicte,
689 3941 745 4006 ubi
761 3947 899 4024 protunc
915 3941 1043 4025 prefata
1059 3937 1227 4022 Reginalis

99 4048 259 4134 Majestas
276 4047 485 4114 residentiam
511 4049 661 4132 iaciebat,
678 4048 737 4114 sub
755 4072 849 4130 anno,
865 4050 1052 4130 indictione,
1069 4069 1178 4114 mense
1194 4052 1228 4113 et

91 4155 151 4224 ¹die
168 4155 332 4241 predictis,
348 4156 553 4242 presentibus
569 4155 855 4222 Reuerendissimo
872 4159 902 4221 in
922 4155 1054 4223 Christo
1074 4157 1176 4220 Patre
1193 4159 1228 4220 et

4 4335 5 4346 ,
99 4263 241 4332 Domino
268 4265 399 4331 domino
425 4267 595 4333 Demetrio
622 4267 829 4332 miseratione
846 4267 966 4332 Divina
983 4265 1073 4330 tituli
1091 4262 1227 4330 Sancto·

100 4394 172 4439 rum
198 4372 348 4457 Quatuor
374 4372 612 4440 Coronatorum
639 4374 832 4457 Presbytero
859 4374 1038 4440 Cardinale
1069 4379 1169 4456 atque
1194 4372 1228 4436 in

100 4481 217 4566 Regno
234 4481 406 4566 Hungarie
422 4480 614 4567 Apostolioe
632 4481 726 4549 Sedis
743 4482 887 4565 Legat03
911 4503 970 4548 nec
986 4503 1051 4546 non
1065 4483 1229 4549 Reueren-

102 4589 143 4662 do
160 4589 260 4665 Patre
277 4590 405 4665 domiuo
420 4588 564 4684 Georgio
581 4591 745 4685 Episcopo
756 4590 926 4682 Boenensi,
942 4590 1073 4668 domiuo
1089 4587 1227 4667 Nicolao
