3190 5252
738 355 974 402 umnouaozrm
993 344 1159 401 suasuris.

917 647 991 708 ulo.

519 804 659 870 Castalio
674 807 839 870 odrosaak
856 830 877 868 a
885 805 1038 892 floreaczi
1054 805 1271 888 biiztdruasdp.
1298 807 1392 869 1381.

602 962 810 1031 Castellanis.

494 1071 604 1138 Amici
627 1071 800 1138 karissimi.
825 1069 877 1138 De
904 1078 1009 1137 vestro
1042 1079 1140 1153 stetu,
1155 1078 1321 1157 tamquam
1347 1073 1389 1136 de
1405 1078 1524 1136 nostro

385 1181 519 1266 proprio
535 1181 663 1263 curiosi,
678 1179 842 1246 dominum
867 1181 893 1246 J
895 1178 1057 1246 ohannem
1073 1179 1212 1262 Banum,
1227 1180 1283 1263 qui
1299 1186 1414 1263 gentes
1430 1179 1527 1262 illas,

386 1311 458 1354 cum
475 1288 594 1372 quibus
610 1294 682 1354 erat
697 1287 867 1353 Jobannes
892 1287 966 1370 Azi,
991 1289 1146 1354 conduxit
1161 1287 1204 1352 ad
1220 1287 1385 1372 stipendia
1412 1287 1526 1368 Regis

385 1396 581 1482 Majestatis‚
595 1395 714 1462 obnixe
729 1396 923 1478 rogavimus,
954 1404 1114 1479 quatenus
1131 1396 1173 1462 ad
1189 1403 1297 1460 vestra
1314 1393 1437 1460 damna
1453 1417 1524 1458 non

387 1506 589 1589 permitteret
612 1505 701 1588 ipsas
726 1510 841 1588 gentes
866 1503 1030 1586 accedere,
1047 1504 1103 1569 sed
1119 1524 1175 1570 vos
1191 1503 1323 1569 deberet
1338 1509 1372 1567 et
1386 1508 1526 1568 nostros

386 1611 475 1694 fines,
501 1634 565 1678 non
591 1613 689 1678 aliter
714 1632 812 1694 quam
835 1616 983 1678 nostrum
997 1611 1196 1678 territorium
1214 1631 1417 1678 conservare.
1453 1609 1525 1694 Qui

388 1720 518 1802 quidem
544 1719 716 1786 affectione
742 1719 867 1785 sincera
892 1719 1067 1804 respondit,
1083 1742 1118 1786 se
1134 1719 1227 1786 nobis
1243 1720 1277 1786 in
1293 1719 1354 1784 hoo
1370 1718 1527 1784 libentis-

386 1831 466 1895 sime
481 1828 687 1913 placiturum.
704 1827 939 1896 Verumtamen
954 1829 988 1894 in
1004 1827 1190 1894 «Iohannem
1206 1825 1269 1895 Azi
1296 1827 1380 1893 dixit
1396 1849 1430 1893 se
1447 1828 1523 1892 nul-

386 1937 452 2003 lam
469 1937 598 2021 penitus
615 1937 960 2020 haberepotestatem;
976 1936 1016 2002 de
1033 1937 1107 2002 aliis
1122 1941 1241 2016 autem,
1253 1942 1413 2018 quantum
1430 1933 1523 2000 soret

386 2047 614 2124 necessarium,
631 2044 799 2110 ordinaret
816 2069 821 2108 :
839 2065 977 2128 moxque
994 2066 1052 2128 per
1076 2065 1152 2109 suas
1168 2043 1293 2109 litteras
1308 2043 1438 2126 scripsit
1455 2042 1523 2107 Go-

386 2153 455 2217 miti
473 2150 620 2218 Oorrado
637 2150 676 2218 de
692 2151 816 2231 Laudo,
833 2152 920 2235 quod
936 2153 1066 2218 omnino
1092 2151 1225 2219 deberet
1240 2159 1353 2234 gentes
1370 2149 1521 2235 prefatas

388 2284 408 2325 a
424 2261 540 2325 vestris
556 2261 683 2325 damnis
700 2267 733 2326 et
750 2258 981 2326 offensionibus
997 2259 1166 2327 abstinere.
1192 2258 1345 2325 Ceterum
1362 2260 1439 2326 dum
1457 2259 1520 2325 hec

387 2390 444 2452 per
468 2390 526 2434 nos
551 2367 745 2452 agebantur,
771 2367 887 2433 Comes
911 2367 1099 2435 Everardus
1124 2376 1322 2453 conquestus
1348 2375 1406 2448 est,
1426 2371 1517 2452 quod

385 2483 493 2541 vestra
518 2473 741 2542 Communitas
766 2497 800 2541 se
825 2477 932 2542 eidem
958 2478 992 2541 in
1007 2478 1095 2543 mille
1121 2475 1268 2541 ducentis
1284 2475 1415 2541 florenis
1430 2476 1518 2541 alias

387 2584 554 2668 obligavit,
571 2591 604 2650 ct
620 2590 756 2650 conatus
773 2591 822 2649 est
838 2584 922 2650 hanc
938 2592 1078 2649 vestram
1104 2585 1311 2650 securitatem
1325 2583 1430 2649 modis
1448 2605 1518 2649 om-

387 2691 480 2757 nibus
495 2691 662 2776 impedire,
678 2692 741 2756 uisi
766 2691 853 2775 quod
878 2691 982 2757 eidem
998 2692 1216 2776 promisimus,
1232 2691 1322 2758 vobis
1339 2713 1435 2776 super
1452 2693 1518 2757 hoc

385 2799 473 2864 sacto
498 2800 647 2881 scribere,
673 2806 832 2884 quantum
856 2821 915 2884 pro
940 2801 1074 2884 negocio
1090 2821 1148 2867 suo
1164 2799 1339 2866 viderimus
1355 2800 1518 2884 expedire.

386 2907 433 2972 Et
457 2910 502 2975 sic
525 2907 640 2975 eodem
666 2914 782 2993 postea
806 2907 942 2989 favente,
969 2899 988 2972 a
1013 2909 1158 2993 predicto
1189 2909 1320 2975 domino
1351 2909 1377 2974 J
1379 2910 1519 2988 ohanne,

384 3014 472 3098 quod
487 3016 710 3100 supradictum
735 3024 793 3098 est,
818 3017 1058 3100 impetravimus
1082 3017 1234 3101 gratiose.
1260 3015 1422 3102 Quocirca
1436 3039 1518 3100 pra-

389 3123 533 3187 dentiam
569 3131 709 3190 vestram
741 3123 1071 3202 sincerisaffectibus
1103 3126 1321 3207 exhortamur,
1354 3131 1516 3210 quatenus

386 3251 458 3295 cum
474 3230 602 3314 prefato
627 3231 754 3297 Comite
780 3231 887 3298 velitis
902 3230 943 3297 de
959 3233 1022 3298 hac
1038 3235 1222 3316 quantitate
1237 3234 1368 3299 modica
1384 3254 1518 3298 concor-

386 3337 475 3402 dare.
500 3338 699 3405 Promissum
724 3339 854 3423 quidem
879 3347 937 3421 est,
962 3347 995 3405 et
1025 3360 1064 3404 ex
1089 3343 1302 3424 promissione
1332 3339 1516 3406 Commune

388 3450 528 3512 vestrum
555 3454 613 3528 cst,
639 3447 741 3513 donec
766 3447 908 3532 solverit,
923 3448 1113 3532 obligatum.
1138 3449 1340 3516 Mementote
1356 3451 1462 3533 igitur,
1476 3457 1517 3512 et

384 3559 460 3619 ante
484 3561 624 3619 mentem
648 3556 758 3638 ponite
782 3555 871 3620 illam
898 3557 1092 3624 sententiam
1123 3556 1371 3626 Cordubensis:
1390 3554 1516 3622 »Arma

384 3661 509 3726 tenenti
525 3662 635 3728 omnia
649 3661 717 3744 dat,
736 3664 792 3748 qui
807 3664 1044 3748 justanegat‹;
1068 3672 1101 3732 et
1116 3666 1200 3731 sieut
1215 3665 1250 3732 in
1265 3667 1368 3732 veteri
1386 3685 1517 3750 prover-

385 3770 440 3835 bio
456 3768 605 3854 habetur,
629 3771 748 3835 stultus
774 3771 950 3854 paciscitur
974 3781 1049 3856 post
1061 3774 1233 3858 jacturam.
1253 3771 1344 3841 Satis
1361 3777 1442 3841 enim
1457 3779 1517 3838 est

383 3877 564 3958 verisimile,
581 3877 668 3960 quod
685 3878 862 3963 aliquando
878 3887 952 3963 post
966 3880 1060 3946 illata
1075 3881 1166 3947 vobis
1182 3881 1303 3949 damna
1318 3883 1362 3948 sit
1377 3879 1515 3966 promis-

384 3987 493 4051 sorum
510 3986 750 4052 observantiam
767 3994 961 4054 extorturus
975 3989 1065 4055 Data
1082 3989 1251 4058 Florentio
1266 3990 1320 4056 die
1336 3983 1517 4058 XXVIII.

381 4093 407 4158 J
409 4093 467 4157 ulii
484 4091 569 4158 IIIL
586 4092 761 4158 indictione
777 4090 1077 4162 MOCOLXXXI.

383 4237 505 4301 (Eredeti
519 4239 738 4304 sogaimszvdny
752 4254 770 4290 a
794 4240 929 4304 »Signori¹
944 4242 1101 4307 casteggio,
1114 4243 1243 4296 bitenius«
1266 4245 1319 4298 stb.
1343 4245 1414 4296 XIX.
1426 4241 1517 4294 tote·

581 4328 669 4392 geben
686 4333 744 4381 155.
758 4345 794 4382 aa.
809 4345 844 4393 a,
858 4346 874 4382 a
887 4333 1017 4382 florenczi
1031 4347 1104 4398 nagy
1120 4335 1315 4397 levtltdrbsn.)

868 4489 1027 4502 nn——n—-u
