3182 5252
748 358 986 414 orrnouncaru·
998 347 1163 407 annuns.

925 653 998 714 297.

398 815 455 880 VI.
475 815 599 901 Kdrolp
615 813 775 900 fraaczio
802 813 986 899 kirdlyaolc
1013 813 1125 878 Ma'rio
1151 837 1293 898 mappas
1309 811 1513 901 kirslyneftoz

640 925 737 988 scazo
752 923 911 1008 kdoetoc'pe
931 921 1145 986 Veleaezc'beo.
1172 923 1267 986 1384.

500 1080 599 1149 Anno
615 1079 978 1148 MOOOLXXXIIII.
1005 1078 1182 1145 indictione
1198 1083 1337 1166 septima
1353 1082 1406 1148 die
1421 1081 1512 1150 Vm

394 1190 559 1257 Octobris.
577 1187 772 1274 Captum.
789 1188 1010 1276 (Responsum
1027 1188 1138 1255 datum
1155 1185 1512 1264 AmbaxiutoribusRe·

391 1302 440 1384 gis
456 1301 626 1365 Franciae.
652 1296 710 1364 Ad
733 1297 856 1363 factum
877 1294 1084 1363 Ambsxatae
1100 1304 1233 1362 nostrae
1249 1299 1409 1366 mittendo
1425 1299 1510 1366 simul

391 1429 464 1472 cnm
481 1407 527 1472 eis
543 1405 727 1489 Ragusium
744 1426 803 1488 pro
821 1405 1015 1471 liberatione
1032 1404 1186 1471 nobilium
1202 1412 1236 1472 et
1251 1407 1392 1472 militum
1411 1407 1512 1472 deten-

390 1524 509 1594 torum‚
525 1522 558 1580 et
574 1535 634 1597 pro
654 1514 891 1598 complacentia
901 1511 1004 1596 Regis
1015 1511 1186 1595 araneae,
1196 1513 1297 1578 Ducis
1307 1515 1511 1598 Burgundiae

391 1632 424 1691 et
440 1623 662 1704 Bernabonis;
686 1622 790 1708 quod)
808 1643 871 1687 non
889 1620 1039 1686 obstante
1060 1620 1146 1704 quod
1156 1619 1239 1686 alias
1249 1623 1330 1706 (bis)
1340 1624 1511 1688 miserimus

392 1733 611 1798 Ambaxatam
627 1739 772 1798 nostram
798 1729 842 1795 ad
866 1729 942 1794 illos
958 1728 997 1793 de
1015 1729 1159 1812 Rugusio
1176 1751 1236 1812 pro
1252 1729 1450 1796 liberacionc
1465 1752 1511 1794 no

390 1840 503 1907 bilium
521 1840 753 1924 predictorum,
778 1845 811 1903 et
835 1837 935 1903 nichil
950 1837 1093 1922 proluit3
1118 1859 1227 1902 snmus
1244 1840 1387 1904 contenti
1403 1845 1436 1904 et
1451 1840 1511 1922 pla-

390 1955 442 2013 cet
459 1949 561 2029 nobis,
578 1955 752 2031 postquam
777 1947 824 2011 eis
849 1946 960 2030 placet
979 1947 1098 2010 iterato
1115 1947 1245 2010 mittere
1264 1947 1309 2012 sd
1325 1955 1436 2030 partes
1452 1949 1509 2013 Ra·

390 2057 484 2138 gnsii,
501 2055 544 2122 ad
559 2056 740 2140 rogandum
758 2060 793 2120 et
808 2054 1029 2119 inducendum
1046 2075 1101 2119 eos
1117 2055 1160 2119 sd
1176 2055 1407 2121 liberacionem
1423 2063 1455 2120 et
1469 2077 1510 2119 re·

389 2165 591 2230 laxacionem
609 2163 770 2229 dictorum
788 2163 945 2228 nobilium
961 2169 995 2227 et
1011 2164 1150 2228 militnm
1168 2164 1231 2229 stb.

497 2272 553 2337 Ad
569 2271 666 2337 aliam
684 2277 822 2355 partem,
847 2292 906 2354 per
930 2293 1028 2353 quam
1053 2277 1203 2356 petunta
1220 2271 1313 2338 nobis
1329 2275 1506 2355 passagium

390 2387 423 2446 et
447 2400 594 2445 securum
620 2381 814 2444 conductum
838 2380 886 2464 (in
914 2379 1138 2464 Hungariam)
1164 2385 1225 2448 eto.
1251 2380 1504 2464 Respondeatm,

389 2487 477 2571 qnod
493 2490 586 2554 nouit
601 2487 702 2569 Deus,
719 2489 823 2553 eciam
848 2485 891 2551 ad
917 2488 1012 2553 istam
1030 2488 1204 2553 secundam
1220 2496 1349 2572 partem
1365 2490 1506 2554 vellemus

388 2617 485 2680 posse
501 2597 547 2662 eis
563 2595 781 2662 amicabiliter
798 2597 999 2680 complacere
1010 2618 1071 2680 pro
1080 2598 1359 2681 contemplacione
1375 2600 1506 2664 omniun

387 2705 603 2772 Dominornm
627 2706 861 2788 predictorum.
888 2704 954 2770 Sed
969 2706 1183 2772 consideratis
1200 2709 1293 2772 nouis
1309 2713 1343 2770 et
1358 2707 1506 2772 condicio

390 2813 485 2879 nibus
500 2815 663 2899 presentis
687 2815 842 2897 temporis
867 2813 1016 2878 omnibus
1041 2815 1121 2879 satis
1138 2815 1241 2896 notis3
1265 2813 1424 2894 videlicet
1440 2813 1506 2897 quia

387 2921 535 2988 dominus
549 2922 622 2989 Rex
638 2920 778 2988 Carolus
788 2922 830 2988 ad
840 2942 971 3005 presens
988 2922 1090 2988 babet
1105 2929 1197 2989 extra
1212 2925 1249 2988 in
1261 2925 1344 2988 mari
1363 2931 1505 3006 quatuor·

386 3029 491 3096 decim
517 3031 629 3114 galeas
656 3037 808 3112 armatas,
839 3051 921 3114 quas
945 3038 1062 3115 posset,
1080 3031 1131 3096 vel
1149 3031 1369 3098 verisimiliter
1386 3031 1507 3096 deberet

387 3141 516 3204 mittere
532 3139 575 3203 ad
590 3145 701 3223 partes
718 3137 891 3203 Solanonie
910 3145 943 3202 et
957 3138 1126 3204 Dalmacie
1142 3160 1202 3221 pro
1219 3139 1367 3204 utilitate
1384 3146 1417 3203 et
1432 3137 1504 3202 bono

386 3247 590 3331 agendorum
607 3267 749 3326 snorum,
765 3248 863 3312 etiam
879 3247 913 3310 in
930 3245 1108 3312 Solanonia
1123 3247 1250 3331 possint
1266 3250 1392 3312 arrnari
1408 3245 1504 3312 subito

386 3357 498 3439 plnres
513 3354 623 3438 galee3
652 3355 787 3419 attentis
812 3345 910 3418 etiam
937 3353 1044 3418 dubiis
1070 3362 1102 3419 et
1126 3355 1291 3437 periculis,
1305 3375 1368 3438 que
1385 3359 1505 3438 possent

380 3483 574 3544 occurrere3
598 3469 631 3527 et
647 3461 734 3545 quod
744 3461 793 3527 ad
808 3483 867 3527 nos
883 3483 946 3527 non
964 3468 1091 3545 spectat
1106 3484 1165 3528 nee
1174 3464 1317 3547 pertinet
1327 3479 1504 3530 assecurare

386 3571 513 3655 aliquos
529 3573 563 3636 in
579 3571 676 3635 terris
692 3576 725 3635 et
739 3569 820 3636 locis
836 3571 970 3653 alienis;
994 3574 1093 3638 etiam
1119 3573 1197 3655 quie
1213 3571 1254 3637 ad
1271 3593 1406 3656 presens
1422 3571 1503 3636 babe-

385 3702 458 3746 mus
483 3686 576 3745 extra
601 3700 712 3744 omnes
737 3678 848 3761 galeas
873 3686 1003 3746 nostras
1030 3681 1070 3745 de
1094 3686 1248 3762 mercato,
1263 3688 1297 3746 et
1313 3681 1383 3746 alia
1404 3685 1503 3746 nostra

378 3788 522 3871 lnauigia
538 3809 611 3852 cum
627 3789 769 3854 maximo
794 3788 949 3853 thesauro
965 3794 999 3852 et
1015 3788 1135 3853 hauere
1161 3794 1350 3854 nostrorum
1367 3813 1375 3853 :
1393 3810 1454 3854 non
1468 3785 1502 3850 ri·

386 3896 500 3963 demus
515 3896 657 3978 modum,
682 3917 741 3961 neo
765 3897 850 3962 viam
876 3895 1028 3980 possendi
1050 3899 1097 3962 eis
1114 3897 1316 3980 complacere
1333 3897 1374 3961 de
1391 3899 1451 3962 isto
1465 3914 1503 3958 se

386 4027 464 4072 curo
479 4003 660 4085 carduum
683 4011 839 4086 rogantes
856 4025 920 4087 eos,
936 4011 1097 4090 quatenus
1122 4005 1278 4090 predictis
1298 4002 1501 4071 consideratis

386 4114 515 4196 placeat
531 4135 588 4178 nos
603 4110 726 4179 habere
742 4113 829 4180 circa
844 4115 942 4180 istam
953 4120 1082 4197 partem
1091 4113 1333 4180 rationabiliter
1349 4121 1384 4179 et
1400 4111 1501 4177 merito

386 4228 566 4287 excusatos.
592 4220 715 4289 Verum
741 4223 802 4305 ipsi
828 4220 949 4288 domini
976 4219 1232 4289 Ambaxiatores
1258 4229 1334 4287 sunt
1349 4217 1500 4306 sapientis

388 4331 470 4412 simi,
496 4337 528 4395 et
552 4337 709 4414 poterunt
736 4351 770 4396 se
796 4333 963 4396 consulere
979 4339 1013 4395 et
1028 4330 1203 4415 prouidere
1219 4353 1240 4397 a
1255 4351 1290 4396 se
1306 4331 1389 4415 ipsis
1404 4332 1436 4395 in
1451 4327 1498 4392 boc

384 4438 482 4519 facto,
507 4441 592 4504 sicut
618 4460 729 4504 eorum
755 4440 916 4522 sapientie
937 4437 1101 4505 videbitur
1126 4461 1185 4523 pro
1212 4439 1296 4506 bono
1312 4438 1498 4523 agendorum

384 4547 432 4616 eis
451 4548 714 4628 commissornm;
738 4546 845 4613 dando
861 4547 906 4613 eis
924 4545 965 4613 ad
981 4545 1239 4632 intelligendum,
1266 4549 1354 4638 quod
1368 4554 1497 4614 nostran
