3182 5252
760 423 995 476 orencnsczrm
1015 407 1182 478 nutrires.

936 723 1009 784 aaa.
1029 788 1035 800 ,

395 863 532 967 Ἠοιίυἱρ
549 882 672 968 lenpyel
688 881 912 968 lrirdlyrre'nak
927 882 1175 969 privilegiasse,
1200 883 1350 969 melylyel
1365 884 1459 969 atpp'c
1476 883 1529 948 La·

406 993 463 1075 jor
478 991 660 1078 kirdlynok
680 991 827 1056 Tarnovr‘
842 991 947 1056 Ja‘uos
962 995 1117 1056 carimdes
1128 992 1254 1056 trador
1265 991 1410 1058 dial-dailo
1425 991 1529 1056 isold-

765 1099 873 1164 leoelet
888 1101 1080 1186 ruoperdsitil
1099 1102 1195 1166 1384,

518 1260 588 1326 Nos
606 1257 768 1344 Hedvigis
785 1259 850 1324 Dei
866 1260 975 1342 gratia
989 1259 1119 1342 Regina
1136 1259 1285 1340 Polonie‚
1301 1282 1360 1326 nec
1380 1281 1443 1325 non
1458 1258 1528 1322 'l'er-

409 1389 517 1432 rarum
536 1366 703 1448 Oracovie,
721 1365 927 1433 Sandomirie
944 1376 1003 1433 cto.
1021 1367 1224 1434 notificamus
1249 1375 1363 1433 tenore
1380 1367 1531 1452 presenci-

408 1497 461 1540 um
479 1476 597 1558 quibus
614 1476 748 1559 expedit
766 1476 935 1557 uniuersis,
961 1483 1021 1541 etc.
1046 1475 1103 1540 Ad
1128 1475 1319 1562 Majestatis
1345 1475 1466 1541 Nostre
1489 1497 1531 1538 re

407 1584 499 1648 niens
516 1585 716 1666 presenciam
735 1589 885 1649 strenuus
902 1585 950 1650 vir
963 1584 1112 1650 dominus
1128 1585 1153 1651 J
1155 1585 1301 1650 ohannes
1314 1583 1354 1650 de
1371 1583 1531 1660 Tharnow,

408 1688 613 1756 Castellanus
630 1689 912 1776 Sandomiriensis,
926 1693 1071 1758 litteram
1088 1691 1292 1757 Serenissimi
1309 1691 1471 1775 Principis
1482 1690 1530 1755 do

408 1799 488 1863 mini
503 1797 660 1864 Lodovici
679 1797 793 1865 eadem
818 1800 926 1879 gratia
952 1799 1027 1864 olim
1055 1800 1157 1884 Regis
1185 1799 1367 1882 Hungarie,
1392 1798 1521 1864 Polonie

369 1885 376 1900 ⁶
407 1905 583 1985 Dalmatia,
600 1903 774 1970 etcfelicis
786 1907 938 1972 memorie
949 1907 1107 1990 genitoris
1119 1908 1221 1971 nostri
1239 1908 1408 1988 carissimi,
1423 1926 1527 1970 sanam

408 2021 441 2077 et
465 2014 636 2095 integram,
670 2033 708 2078 ao
733 2015 820 2078 omui
855 2035 990 2098 prorsus
1025 2015 1217 2099 suspicionis
1241 2015 1324 2081 vicio
1360 2021 1524 2090 carentem,

409 2116 478 2183 eius
494 2141 569 2184 vero
587 2119 694 2202 sigillo
712 2119 899 2202 sigillatam,
924 2141 1034 2185 coram
1060 2121 1154 2187 nobis
1179 2118 1316 2201 obtulit;
1342 2119 1525 2204 supplicans,

409 2233 569 2308 quatenus
585 2225 720 2302 candem
738 2227 886 2293 litteram
904 2227 944 2291 de
961 2225 1174 2292 Celsitudinis
1191 2225 1311 2292 Nostre
1337 2227 1448 2292 innata
1470 2229 1526 2291 ole-

409 2335 533 2400 mcntia
559 2336 678 2400 nostris
706 2336 825 2400 litteris
843 2335 905 2400 sibi
925 2335 1089 2400 ratificare
1116 2342 1149 2399 et
1174 2335 1366 2400 confirmare
1391 2337 1527 2420 dignare

408 2465 489 2509 mur.
505 2441 607 2508 Cuius
623 2442 754 2526 quidem
770 2442 880 2507 littere
896 2449 992 2508 tenor
1008 2443 1048 2507 de
1065 2443 1164 2509 verbo
1181 2442 1224 2507 ad
1243 2442 1377 2508 verbum
1395 2443 1529 2526 seqnitur

408 2551 546 2616 subhac
564 2549 669 2616 forma
687 2575 693 2614 :

516 2657 586 2722 Nos
602 2659 788 2724 Lodovious
804 2658 867 2724 Dei
884 2659 992 2743 grstia
1012 2658 1084 2724 Rex
1102 2658 1259 2742 Ungaric,
1286 2658 1436 2740 Polonie,
1459 2655 1530 2721 Dal·

409 2765 454 2828 tie
471 2772 531 2832 cto.
549 2767 702 2831 memorio
713 2767 934 2831 universorum
951 2765 1168 2848 declaramus,
1184 2765 1273 2848 quod
1284 2787 1483 2850 quocumque
1497 2775 1524 2828 ct

408 2871 698 2955 quocienscumque
729 2880 877 2938 nostrum
912 2871 1039 2938 fidelem
1075 2872 1240 2937 dominum
1271 2873 1458 2939 „iohannem
1490 2871 1524 2939 de

409 2979 582 3062 'Phar-now,
594 2979 811 3064 Capitaneum
822 2981 923 3048 Terre
939 2981 1168 3047 Radomiensis
1179 3002 1251 3046 oum
1268 2981 1434 3066 quibusvis
1449 2999 1526 3046 emu-

407 3087 448 3152 lis
463 3095 494 3154 et
512 3090 650 3155 inimicis
667 3091 770 3156 nostri
788 3090 868 3155 dicti
883 3090 992 3174 Regni
1004 3089 1139 3157 Polonie
1154 3109 1214 3173 pro
1231 3090 1440 3158 defensandis
1455 3089 1525 3154 iniu-

407 3197 466 3280 rijs
492 3203 524 3261 et
539 3197 704 3282 violencijs
730 3199 830 3282 ipsius
846 3198 997 3264 videlicet
1013 3196 1121 3282 Regni
1137 3199 1303 3281 publicam
1320 3205 1352 3262 et
1377 3197 1527 3264 notoriam

409 3324 565 3386 guerram
583 3303 633 3369 vel
649 3305 892 3389 expedicionem
919 3304 1040 3370 habere
1068 3304 1116 3369 rel
1142 3305 1224 3371 inire
1250 3307 1432 3389 contigerit,
1456 3304 1528 3370 etin
1583 3305 1584 3310 ’

412 3411 542 3492 eisdem,
560 3412 647 3495 quod
668 3413 763 3495 absit,
780 3435 838 3497 per
857 3412 1062 3478 adversarios
1088 3434 1143 3478 seu
1169 3415 1294 3479 emulos
1321 3433 1527 3496 quoscumque

409 3519 514 3604 ipsum
531 3521 579 3584 vol
598 3519 726 3604 aliquos
743 3543 782 3585 cx
799 3522 865 3586 suis
882 3521 1075 3600 hominibus,
1092 3541 1176 3602 quos
1202 3541 1310 3587 secum
1327 3521 1420 3587 duxit
1437 3521 1476 3586 ad
1490 3527 1527 3582 ta·
1583 3521 1584 3524 ’

409 3628 471 3691 lem
490 3649 648 3710 guerram
670 3630 719 3694 vel
746 3629 987 3710 expedicionem
1013 3627 1224 3711 recipiendos,
1251 3630 1428 3712 captivari3
1457 3647 1528 3693 eum·

412 3737 535 3801 demet
552 3755 761 3819 quoscunque
778 3745 860 3819 suos,
886 3737 1107 3819 promittimus
1133 3735 1218 3801 bona
1242 3735 1316 3814 fide,
1342 3737 1442 3802 serbo
1457 3736 1528 3803 Nos·

410 3850 462 3908 tre
488 3843 673 3910 Maiestatis
699 3865 856 3926 exemere,
889 3842 1061 3923 exsolvere,
1087 3842 1368 3926 effectualiterquc
1393 3843 1528 3920 liberare,

412 3951 451 4015 de
468 3953 619 4036 dampnis
636 3954 848 4035 similiterque
865 3955 897 4017 in
916 3955 1006 4036 equis
1020 3953 1053 4017 in
1069 3953 1130 4018 tali
1149 3953 1356 4036 expedicione
1374 3953 1423 4016 rel
1443 3973 1528 4035 gwer-

412 4081 450 4124 ra
468 4060 617 4142 publicis,
635 4067 671 4124 ut
688 4061 861 4143 prefertur,
878 4063 1002 4140 occisis,
1018 4061 1205 4142 interfectis,
1222 4067 1279 4126 aut
1290 4081 1348 4143 per
1365 4061 1467 4125 dictos
1483 4057 1528 4123 ad·

411 4167 571 4232 versarics
588 4169 619 4231 ri
635 4170 784 4251 receptis
801 4169 869 4252 ipse
885 4167 910 4233 J
911 4169 1054 4234 ohannes
1064 4170 1114 4234 vel
1132 4169 1183 4232 sui
1199 4168 1346 4234 homines
1364 4162 1527 4252 supradicti

411 4278 551 4358 perpessi
567 4275 697 4356 luerint,
714 4277 899 4358 spondenus
916 4277 1104 4342 satisfacere
1121 4284 1152 4341 et
1162 4276 1340 4360 rependere
1355 4298 1427 4342 cum
1444 4273 1525 4339 ellec-
1580 4325 1581 4348 ,

410 4392 464 4463 tu;
489 4385 536 4447 ita
553 4383 638 4466 quod
664 4385 818 4468 captivati
844 4406 903 4467 per
927 4385 1138 4450 iamdictam
1164 4383 1361 4466 dolrannem,
1387 4393 1443 4450 aut
1464 4399 1526 4446 suos
1580 4363 1581 4418 i

411 4489 567 4572 homines,
583 4492 615 4555 in
634 4489 723 4556 dicta
740 4513 865 4573 gwerra
881 4491 931 4555 vel
952 4493 1167 4575 cxprdicione,
1193 4513 1233 4554 ex
1259 4491 1457 4574 adversarijs
1479 4506 1523 4552 seu

413 4597 527 4662 emulis
544 4599 718 4680 sepedictis
735 4619 795 4680 pro
813 4599 904 4662 nobis
922 4599 1069 4663 omnibus
1087 4597 1190 4663 modis
1207 4597 1349 4665 debeant
1374 4592 1522 4668 reservari,
