3134 5254
549 428 643 492 1379.
1096 429 1159 492 313

49 611 138 674 autem
152 607 177 676 J
178 609 307 675 ohanne
323 606 504 690 habuimus,
522 606 662 690 qualiter
687 627 819 690 campus
843 603 1008 671 levaverat
1026 625 1058 670 se
1075 606 1161 672 unde

48 723 116 799 erat,
139 725 169 782 et
194 719 297 783 iverat
324 735 435 781 versus
468 714 635 783 Ancalum
660 715 704 780 ad
719 714 903 800 ponendum
936 736 1102 798 campum3
1127 721 1159 781 et

45 845 108 907 pars
122 825 264 909 ipsorum
280 824 392 891 stabat
409 826 496 891 circa
519 823 694 906 Anoalurn,
712 830 745 889 et
760 846 837 908 pars
865 824 951 888 ultra
984 821 1159 890 Annalem.

46 931 103 1015 Que
118 934 230 1014 omnia,
246 941 345 1018 prout
370 934 553 1014 habuimus,
579 932 699 1000 Vestre
723 933 948 1000 Dominationi
969 933 1155 998 curavimus

46 1040 179 1109 velociter
209 1043 377 1108 denotare.
418 1042 510 1109 Data
535 1043 662 1110 Mestre
687 1043 739 1110 die
764 1039 869 1107 XXI.
896 1037 1050 1105 Octobris
1076 1041 1158 1108 hora

46 1149 115 1214 IIII.
132 1151 205 1232 diei,
220 1149 399 1216 indictione
416 1149 482 1214 III.
784 1145 1034 1214 Ambasiatores
1051 1155 1112 1216 eto.

1 1378 2 1384 ¹
47 1349 93 1434 51)
121 1349 258 1434 Lajos
282 1354 450 1414 mester
474 1371 494 1412 a
518 1370 568 1413 sz.
594 1347 915 1414 Ferenoz·rend
938 1349 1160 1430 generali-

270 1456 410 1522 sauak
432 1479 452 1522 a
476 1455 711 1523 velenczei
736 1455 934 1522 kdvetek.

243 1583 386 1648 Domino
405 1579 568 1648 Generali.

137 1691 420 1758 Reverendissime
446 1692 557 1756 Pater.
590 1689 700 1757 Hodie
726 1691 807 1757 hora
834 1693 1009 1758 terciarum
1035 1695 1157 1778 recepi·

45 1821 104 1864 mus
119 1800 247 1866 litteras
273 1799 487 1866 Paternitatis
514 1799 633 1868 Vestro
660 1823 732 1865 cum
756 1822 822 1866 una
844 1800 955 1866 littera
981 1804 1159 1869 introclusa

44 1928 93 1988 pro
107 1908 251 1975 subsidio
269 1906 471 1974 Venetorum
488 1909 637 1973 existenti
654 1909 688 1972 in
704 1908 729 1974 J
732 1907 822 1987 adra,
840 1931 937 1993 quam
955 1907 1102 1975 litteram
1114 1911 1161 1974 in-

44 2015 202 2081 troclusam
219 2017 331 2081 statim
348 2015 494 2080 misimus
518 2014 672 2082 Dominio
689 2022 802 2081 nostro
819 2014 1042 2084 Venetiarum.
1060 2017 1115 2082 Ad
1127 2017 1162 2082 id

1 2171 2 2179 ,
44 2130 146 2203 autem,
164 2124 253 2209 quod
271 2123 385 2189 scribit
401 2120 527 2191 Vestra
551 2123 749 2206 Paternitsm,
776 2125 905 2208 quodsi
932 2127 1040 2209 placet
1066 2126 1160 2192 nobis

43 2232 157 2298 mittere
176 2232 216 2298 ad
233 2231 484 2298 Screnissimum
501 2232 667 2298 dominum
683 2232 854 2316 Kerolum,
865 2241 902 2299 ut
911 2235 1071 2318 possimus
1088 2256 1160 2317 pro·

43 2339 140 2406 cedere
156 2341 192 2404 in
208 2345 364 2421 tractatu,
381 2347 415 2405 et
431 2339 517 2424 quod
535 2361 598 2404 non
624 2340 793 2423 dubitatis,
819 2343 906 2424 quod
933 2365 997 2406 non
1024 2343 1163 2426 denega·

42 2443 89 2512 bat
102 2449 215 2515 nobis:
233 2447 339 2518 Vobis
355 2448 600 2532 respondemur,
616 2448 703 2532 quod
729 2449 884 2516 vellemus
910 2449 1051 2517 libenter
1078 2453 1160 2517 scire

33 2535 58 2616 ¹a
71 2553 272 2621 Paternitate
289 2556 413 2625 Vestra
428 2556 530 2639 magis
549 2561 641 2620 aucte
658 2562 691 2621 et
706 2557 809 2640 magis
825 2557 922 2639 clare,
939 2565 970 2624 et
987 2557 1071 2624 unde
1088 2559 1159 2623 ista

40 2662 127 2729 verba
143 2663 236 2729 nobis
253 2666 376 2748 scripta
395 2663 591 2748 proceduut3
616 2686 680 2748 quo
707 2665 796 2746 scito,
822 2673 935 2749 postea
960 2665 1159 2733 deliberabi-

41 2790 100 2834 mus
115 2771 223 2837 facere
239 2771 273 2836 id
290 2772 369 2854 quid
385 2793 443 2855 pro
461 2771 585 2836 honore
601 2773 702 2839 nostri
719 2771 865 2857 Dominij
884 2773 975 2839 nobis
992 2773 1156 2840 videbitur

41 2883 206 2962 convenire,
224 2901 297 2945 cum
315 2880 358 2945 ad
373 2902 487 2964 pacem
504 2881 603 2945 simus
619 2879 780 2964 dispositi,
805 2881 978 2946 dummodo
1006 2883 1087 2947 fiant
1108 2905 1156 2964 ea,

1 2981 2 3012 ³
41 3008 92 3069 que
107 2991 170 3055 sint
186 2989 401 3056 rationabilia
418 2996 451 3055 et
468 2987 614 3056 honesta.
633 2988 724 3055 Data
743 2990 867 3056 Mestre
883 2991 935 3056 die
961 2990 1157 3060 XXVIIII.

1 3106 2 3152 ξ
41 3089 181 3163 Octobris
198 3098 284 3162 hora
300 3095 366 3163 HI.
382 3097 454 3162 diei.
789 3096 1037 3164 Ambasiatores
1055 3105 1114 3164 etc.

1 3375 2 3380 ἵ
40 3296 300 3376 tamenetsi
334 3296 512 3361 sicilici
538 3294 871 3362 seneschalnak
896 3293 1160 3362 Oontareno

304 3402 455 3470 Zakar
479 3405 709 3470 velenczei
734 3405 876 3470 kbvet.

132 3529 278 3595 Domino
305 3531 449 3597 Zenotto
477 3529 669 3596 Senescalco
698 3529 917 3595 Illustrissimi
944 3527 1077 3596 Domini
1103 3531 1159 3596 do-

39 3636 106 3700 nini
122 3637 244 3703 Karoli
260 3638 299 3703 de
316 3638 494 3704 Duraohio.

133 3746 277 3829 Egregie
295 3767 335 3810 ao
352 3743 490 3810 Strenue
507 3745 613 3810 Miles.
631 3747 698 3810 Per
718 3747 881 3826 nuncium,
899 3745 952 3829 qui
968 3749 1074 3830 pridie
1101 3747 1159 3812 ivit

38 3847 212 3920 Tarvisium
226 3877 287 3938 pro
298 3854 400 3919 fratre
410 3853 684 3920 Reverendissimi
695 3854 809 3919 Patris
826 3860 858 3919 et
875 3854 1018 3938 Domini,
1034 3855 1155 3920 domini

37 3957 180 4047 Episcopi
198 3965 224 4030 J
227 3965 397 4044 auriensis,
414 3962 909 4029 nobisrelatumfuitinsecreto
922 3970 1062 4047 exparte
1074 3960 1155 4029 Vos-

38 4073 91 4149 tre,
102 4073 186 4153 quod
205 4093 329 4137 summe
346 4070 506 4137 dolebatis
522 4070 562 4136 de
573 4077 716 4138 tractatu
733 4073 822 4155 pacis
833 4073 956 4154 fract03
974 4073 1030 4137 sed
1048 4093 1156 4156 spera·

38 4173 113 4242 batis
129 4181 160 4242 in
176 4181 260 4263 Deo,
279 4181 365 4264 quod
383 4180 532 4264 deinceps
559 4181 676 4264 aliquis
692 4181 796 4247 bonus
819 4180 932 4247 modus
950 4182 1156 4263 inveniretur,

1 4375 2 4379 Ἰ
41 4286 118 4362 quod
143 4311 263 4372 guerra
296 4309 430 4372 presens
462 4294 704 4354 converteretur
735 4290 767 4354 in
799 4311 912 4373 paoem
944 4289 1015 4355 Deo
1048 4289 1156 4354 dante.

39 4389 136 4473 Quare
161 4395 322 4466 Vestram
354 4397 576 4463 honorabilem
594 4404 626 4462 et
641 4398 848 4463 caritativam
866 4395 1064 4478 Amicitiam,
1096 4419 1158 4479 que

1 4565 2 4568 ,
39 4515 154 4584 semper
169 4507 251 4570 totis
267 4505 390 4570 viribus
407 4505 570 4571 laboravit
586 4527 646 4588 pro
663 4527 752 4589 pace,
770 4527 860 4589 rogo,
876 4503 965 4588 quod
982 4504 1009 4566 si
1026 4505 1097 4586 ipso
1118 4506 1160 4570 vi-

39 4607 119 4676 deret
135 4611 278 4698 aliquem
310 4613 432 4681 bonum
463 4613 594 4682 modum
625 4612 812 4696 factibilenr,
828 4613 956 4698 placcat
982 4612 1077 4679 michi
1094 4615 1160 4679 suis
