3182 5252
599 377 693 440 1384.
1145 376 1207 438 537

69 557 309 625 commissurus
324 557 360 623 in
373 557 439 640 hijs
454 555 531 641 alijs
546 557 632 622 vices
642 575 728 638 suas,
737 554 826 622 facte
836 557 926 641 prius
936 576 996 640 per
1006 561 1149 622 vestrum
1165 555 1211 621 al-

68 670 182 731 terum
198 665 254 748 qui
271 664 313 730 ad
329 663 391 730 hoc
406 662 545 743 vacabit,
555 684 618 728 vna
629 683 701 728 cum
716 660 742 728 J
743 661 837 729 udice
853 669 886 729 et
903 669 1050 729 actorum
1066 660 1208 731 Notario

69 793 134 857 per
152 769 290 838 Curiam
306 771 387 837 inibi
412 770 573 838 ordinatis
590 769 747 856 diligenti
760 771 969 856 inquisitione
986 772 1026 838 de
1042 771 1138 837 dictis
1154 771 1209 838 bo·

68 879 124 945 nis
140 877 291 945 omnibus
306 886 341 944 ct
354 877 501 962 singulis,
514 882 583 944 tam
594 876 778 944 feudalibus
794 878 822 943 si
839 900 904 962 qua
920 886 1004 962 suut,
1020 900 1118 963 quam
1134 878 1210 945 bur·

69 987 252 1070 geneatiois
267 987 338 1052 sitis
362 986 396 1051 in
421 986 510 1053 dicta
536 985 683 1053 Ciuitate
706 985 837 1073 Salernj
855 988 987 1073 eiusque
1002 986 1209 1073 pertinentijs

69 1101 105 1161 et
122 1093 286 1175 districtu,
302 1115 365 1178 que
380 1093 511 1159 fuerunt
521 1093 600 1159 dicti
610 1093 780 1160 Francisoi
797 1093 992 1162 Stacaretici
1008 1093 1049 1161 de
1067 1093 1206 1162 Salerno
1324 1127 1334 1146 a

69 1202 208 1270 rebellis
225 1201 320 1286 Regij
348 1202 468 1286 notorij
494 1208 528 1268 et
552 1202 667 1286 nostri,
691 1223 750 1287 per
765 1203 866 1287 ipsius
891 1201 1101 1270 rebellionem
1117 1209 1208 1270 noto·

68 1311 158 1376 riam
174 1315 210 1376 et
223 1309 289 1374 lese
307 1307 494 1375 Maiestatis
510 1308 632 1374 crimen
649 1309 691 1375 ad
708 1331 824 1376 manus
841 1309 945 1396 Regis
962 1311 1063 1392 Curio
1074 1313 1159 1378 iuste
1174 1317 1209 1377 et

69 1418 330 1499 rationabiliter,
356 1423 393 1483 ut
418 1417 609 1502 predicitur,
635 1415 798 1485 deuolutis
813 1419 1006 1503 inquirendo
1032 1419 1073 1486 de
1097 1419 1208 1486 valore

70 1548 185 1594 annuo
200 1527 360 1593 bonorum
386 1528 530 1611 ipsorum
546 1532 579 1591 et
594 1526 628 1592 in
643 1525 762 1610 quibus
781 1526 874 1594 valor
890 1528 960 1613 ipse
977 1530 1136 1596 consistat
1150 1549 1209 1614 per

68 1641 189 1721 partes
205 1640 238 1700 et
253 1633 407 1714 membra,
424 1639 457 1699 et
473 1631 548 1717 alijs
571 1632 813 1700 circumstantis
831 1637 1000 1719 oportunis
1019 1635 1206 1720 recipiendo

73 1744 326 1811 informationes
341 1764 400 1828 per
414 1747 515 1808 testes
525 1739 707 1826 fidedignos
715 1743 762 1808 rei
772 1744 919 1810 conscios
934 1744 1159 1830 pensionarius
1175 1749 1209 1808 et

71 1854 217 1934 colonos,
233 1853 381 1937 aliosque
407 1853 552 1918 seniores
569 1853 625 1934 qui
641 1850 736 1936 plene
751 1851 827 1929 inde
847 1855 928 1920 scire
944 1853 1075 1922 valeant
1090 1855 1209 1922 verita·

68 1969 150 2028 tem.
167 1962 213 2027 nt
228 1961 283 2028 vbi
297 1961 389 2027 valor
404 1959 563 2027 bonorum
579 1961 724 2045 ipsorum
740 1983 807 2028 non
823 1961 950 2028 excedit
965 1984 1124 2030 summam
1142 1963 1208 2030 dic

68 2077 187 2137 tarum
202 2090 384 2135 annuarum
399 2069 568 2135 unciarum
584 2067 693 2135 decem
710 2070 792 2153 auri,
803 2070 940 2136 eundem
957 2067 1134 2156 Georgium
1151 2097 1207 2142 ssu

69 2201 249 2267 personam
273 2179 454 2264 legitimam
481 2199 542 2262 pro
567 2177 681 2244 eodem
706 2179 740 2244 in
765 2181 1002 2264 possessiouem
1029 2181 1207 2250 eorundem

67 2290 235 2356 bonorum
251 2286 423 2366 inducatis,
439 2285 494 2352 uel
509 2284 596 2351 alter
612 2292 760 2352 uestrum
776 2286 910 2354 inducat
920 2309 977 2356 seu
992 2289 1103 2357 induci
1118 2312 1207 2357 man·

67 2399 130 2465 det
157 2403 191 2464 et
215 2395 315 2463 faciat
341 2395 453 2480 vigore
476 2395 680 2479 presentium
701 2396 903 2480 corporalem
920 2398 1133 2466 tenendorum
1148 2419 1208 2484 per

67 2509 183 2592 ipsum
196 2503 379 2588 Georgium
395 2505 528 2588 eiusque
546 2502 683 2571 heredes
699 2504 874 2572 inmediate
890 2511 923 2572 at
935 2507 972 2572 in
988 2507 1095 2592 capite
1109 2529 1131 2574 a
1144 2507 1208 2574 Re·

66 2617 129 2703 gia
144 2613 257 2700 Osiris,
271 2616 363 2680 iuxta
379 2613 521 2679 eiusdem
538 2612 702 2698 priuilegij
729 2611 827 2698 Regij
845 2613 984 2698 proinde
999 2615 1144 2683 concessi
1159 2637 1207 2683 se·

65 2725 154 2792 riern
171 2730 270 2806 atque
286 2727 434 2805 mentem,
445 2721 557 2803 eisque
570 2719 696 2805 intendj
709 2720 942 2808 etresponderj
954 2743 975 2788 a
986 2723 1207 2810 pensionarijs

66 2841 104 2902 et
120 2832 249 2898 colonis
264 2830 305 2898 de
320 2828 469 2896 omnibus
485 2827 646 2894 fructibus
655 2829 867 2912 pensionibus
876 2829 1059 2898 redditibus
1075 2838 1108 2897 et
1124 2832 1207 2917 alijs,

67 2943 115 3010 ad
134 2961 199 3026 que
215 2939 256 3005 de
269 2940 344 3025 jure
360 2942 516 3024 tenentur
532 2943 566 3004 et
581 2935 711 3004 debent
727 2935 796 3008 Vbi
810 2959 890 3004 uero
907 2938 999 3005 valor
1008 2960 1135 3008 annuus
1152 2941 1207 3009 bo·

64 3071 191 3118 norum
207 3049 354 3134 ipsorum
370 3047 491 3114 dictam
507 3067 666 3112 summam
683 3065 866 3114 annuarum
881 3049 1048 3114 unciarum
1065 3049 1138 3114 auri
1153 3048 1208 3116 de-

65 3179 144 3227 cem
160 3156 340 3238 excederet,
355 3154 478 3222 tradito
495 3160 529 3221 et
543 3154 711 3238 assignato
736 3155 828 3239 prius
845 3175 904 3239 per
919 3176 976 3221 vos
992 3176 1049 3222 seu
1063 3161 1206 3223 vestrum

63 3268 216 3338 alterum
231 3264 337 3332 eidem
364 3260 507 3347 Georgio
532 3262 585 3328 vel
608 3261 676 3330 alio
701 3284 761 3348 pro
788 3262 903 3329 eodem
920 3264 961 3329 de
976 3262 1070 3330 bonis
1085 3263 1207 3331 eisdem

63 3395 176 3462 nsque
193 3372 237 3440 ad
253 3373 375 3440 dictam
391 3393 550 3439 summam
567 3370 608 3437 de
625 3392 808 3438 annuarum
819 3374 983 3440 unciarum
999 3373 1071 3440 auri
1086 3374 1207 3456 decem,

62 3483 236 3568 reliquum
259 3483 334 3567 plus
353 3478 441 3567 quod
455 3479 533 3546 inde
549 3480 712 3565 supererit
737 3479 875 3565 capiatis
900 3487 934 3548 et
957 3481 1125 3550 amestctis
1144 3503 1207 3568 pro

63 3598 166 3682 parto
181 3589 286 3674 Regis
301 3587 400 3656 Ourie
415 3593 603 3656 memorate.
620 3586 788 3674 Quidquid
799 3594 909 3654 autem
925 3587 966 3656 de
975 3590 1138 3674 premissis
1148 3610 1207 3674 per

63 3699 318 3785 inquisitionem
334 3697 508 3780 diligenter
532 3695 719 3763 habendam
745 3695 938 3763 inueneritis
965 3699 1017 3764 uel
1037 3698 1121 3764 alter
1136 3718 1208 3766 ues-

63 3819 161 3878 trum
177 3805 349 3888 inuenerit,
373 3804 408 3870 in
431 3805 565 3888 scriptis
579 3801 751 3870 redactum
770 3802 912 3871 fideliter
927 3804 988 3871 sub
1005 3805 1121 3891 sigillis
1137 3806 1207 3872 eius

65 3917 132 4004 qui
149 3915 193 3981 ad
208 3913 270 3980 hoc
279 3911 419 3994 vacabit,
436 3933 476 3979 ac
489 3909 515 3977 J
515 3911 620 3981 udicis
636 3917 669 3977 et
684 3917 834 3978 actorum
843 3912 975 3997 Notarij
987 3920 1098 3981 nosce
1109 3911 1208 3982 (luris

64 4022 237 4093 studeatis
252 4021 414 4114 iutimare,
424 4024 462 4086 ut
476 4019 593 4086 habita
607 4019 837 4085 informatione
847 4017 1032 4086 huiusmodi
1046 4023 1208 4106 possimus

64 4155 131 4221 pro
147 4129 363 4197 indemnitate
388 4128 493 4211 Regis
510 4125 609 4194 Curis
633 4133 666 4193 et
692 4133 804 4194 nostre
821 4129 999 4194 consultius
1014 4129 1207 4212 prouidere;

64 4263 136 4330 quo
153 4259 233 4305 casu
247 4237 457 4322 priuilegium
474 4236 610 4321 proinde
636 4257 821 4304 concessum
838 4257 911 4302 cum
926 4236 1136 4304 distinctione
1151 4236 1207 4303 bo-

65 4367 189 4418 norum
206 4348 352 4430 ipsorum
377 4367 416 4413 ac
440 4345 567 4431 seruitij
595 4345 698 4412 debiti
726 4366 787 4428 pro
803 4344 925 4411 eisdem
941 4344 975 4410 in
991 4353 1149 4413 consueta
1172 4352 1207 4414 et

66 4457 187 4527 debita
211 4455 317 4522 forma
342 4454 411 4538 fiat,
428 4455 482 4522 uel
506 4453 570 4520 alie
596 4453 813 4521 declaratorie
838 4453 951 4519 lictore
976 4454 1206 4522 concedantur.

67 4563 257 4636 Fidelitate
272 4563 378 4649 Regia
405 4571 440 4630 et
454 4570 579 4646 nostra,
599 4562 720 4632 feudali
737 4580 868 4648 quoque
883 4561 1018 4629 seruitio
1034 4584 1095 4650 pro
1111 4561 1206 4629 bonis
