3190 5252
375 345 441 408 414
730 364 961 412 nnnmmczmr
980 351 1149 414 summer.

371 532 497 590 vestros
514 525 630 590 iratres
646 530 679 590 ct
694 527 816 592 amicos
833 533 968 603 vestros,
982 547 1098 610 pacem
1114 529 1212 593 istam
1232 527 1364 592 sinceris
1377 525 1492 593 effecti-

369 633 430 697 bus
446 633 655 716 inquirenteS,
670 633 818 717 benignis
834 635 951 700 animis
962 635 1125 718 exaudire,
1137 635 1267 719 taleque
1283 656 1340 719 per
1351 635 1492 718 latorem,

369 743 568 824 presentium
579 741 731 807 exhibere
742 762 942 825 responsum,
954 743 1041 827 quod
1052 743 1103 808 hic
1113 742 1297 809 desiderate
1313 745 1400 828 pacis
1415 749 1493 810 trac-

368 854 458 915 tatus
491 871 562 914 cum
603 857 710 916 vestra
741 851 959 917 benivolentia
990 853 1092 934 possit
1123 849 1336 917 effectualiter
1366 850 1488 915 incoari.

369 952 467 1020 Circa
482 975 580 1045 quam
597 956 836 1039 procurandam
863 978 920 1022 nos
937 949 1053 1022 iterum
1079 956 1245 1023 offerimus
1259 957 1324 1022 fide
1340 978 1430 1041 pura,
1444 956 1487 1020 di·

368 1063 506 1130 lectione
532 1064 669 1144 sincero,
699 1085 831 1147 opeque,
863 1072 988 1147 quanto
1021 1065 1125 1147 magis
1154 1065 1333 1149 poterimus
1365 1062 1488 1129 efficaci

368 1172 459 1238 Data
474 1173 526 1238 dei
541 1171 703 1239 XXVII.
718 1170 911 1238 Novembris
920 1171 1008 1238 IlII.
1024 1172 1202 1239 indictione
1213 1169 1486 1240 MOOCLXXX

367 1320 492 1382 (Eredeti
514 1319 726 1383 fogslmazvrtny
740 1334 756 1368 a
771 1317 909 1382 »signori
932 1317 1086 1384 Carteggle,
1108 1319 1236 1369 Missiver
1250 1321 1304 1372 stb.
1318 1321 1393 1370 XIX.
1419 1321 1489 1368 kdte·

577 1410 665 1474 geben
681 1414 722 1460 81.
736 1424 773 1460 sz.
788 1424 823 1475 a,
837 1423 854 1458 a
867 1409 999 1459 florenczi
1013 1424 1087 1475 nagy
1100 1411 1292 1471 leveltdrban.)

852 1625 1011 1635 -n———m-

364 2002 394 2068 Α
403 2005 560 2092 florenczi
576 2002 855 2088 kdzta'rsasripnuk
872 2003 897 2064 Ι.
916 2003 1166 2088 Lnjosmcpyur
1182 2003 1215 2066 έε
1231 2003 1354 2088 leapyel
1373 2000 1485 2086 leiru'ly.

883 2114 977 2175 1380.

578 2273 650 2338 Rex
668 2271 849 2354 Hungarie.

470 2378 577 2444 Amici
602 2379 769 2446 carissimi.
793 2378 941 2443 Litteras
966 2383 1090 2442 vostras
1116 2377 1206 2443 nobis
1231 2378 1382 2460 directas,
1415 2399 1480 2441 cum

362 2489 455 2572 copia
465 2489 498 2552 in
508 2488 628 2553 eisdem
640 2493 805 2571 contenta,
820 2486 917 2550 solita
933 2484 1135 2568 benignitate
1144 2487 1343 2569 recepimus3
1362 2491 1395 2549 et
1411 2485 1481 2549 licet

363 2595 533 2661 verborum
560 2616 714 2676 nragnam
740 2592 948 2658 continebant
974 2591 1234 2675 perplexitatem,
1259 2597 1368 2657 tamen
1394 2593 1477 2657 nullo

360 2704 449 2769 tedio
466 2703 584 2784 allecti,
599 2709 743 2768 tenorem
762 2699 956 2779 earumdem,
966 2699 1089 2783 placita
1104 2707 1212 2764 mente
1232 2698 1405 2778 audiendo,
1421 2698 1480 2764 col·

271 2825 283 2836 '
361 2813 497 2895 legimus
514 2833 592 2876 sano
613 2809 788 2876 intellectu.
805 2808 861 2874 Ad
887 2829 969 2889 quas
987 2805 1105 2872 Vestre
1131 2807 1287 2874 Amicitie
1304 2806 1414 2871 taliter
1429 2803 1480 2870 du·

360 2920 464 2985 ximus
481 2916 751 3004 respondendum,
776 2917 865 2999 quod
884 2935 1001 2998 eaque
1027 2916 1060 2980 in
1085 2915 1164 2998 ipsis
1189 2914 1310 2980 litteris
1336 2921 1369 2980 et
1394 2914 1481 2997 eopia

358 3029 449 3094 vobis
466 3029 637 3113 displicere
654 3029 870 3111 cognovimus,
881 3024 1081 3091 attendendo
1092 3023 1307 3106 allegationes
1317 3024 1351 3086 in
1366 3022 1481 3087 eisdem

360 3143 537 3220 contentas,
552 3136 675 3202 Nostre
691 3135 864 3219 Majestati
881 3134 969 3199 tedia
993 3132 1183 3211 attulerunt,
1209 3151 1281 3194 cum
1308 3129 1350 3195 de
1374 3136 1482 3195 nostre

359 3267 422 3309 non
448 3251 674 3329 processerunt
689 3244 873 3328 oppinione.
890 3243 1051 3308 Actamen
1077 3239 1243 3323 premissis
1268 3260 1327 3322 per
1346 3259 1401 3303 vos
1420 3258 1478 3301 non

359 3357 500 3439 attentis,
530 3355 661 3419 minime
693 3355 888 3435 dubitamus,
920 3349 1076 3418 Vestram
1109 3348 1299 3414 Amicitiam
1324 3346 1478 3412 illustrem

356 3463 540 3547 Principem
566 3463 730 3528 dominum
756 3462 919 3527 Karolum
945 3461 984 3525 de
1010 3457 1176 3543 Dyraehiu
1193 3457 1322 3522 Ducem
1349 3453 1476 3520 fratrem

356 3579 514 3652 nostrum,
525 3572 579 3654 qui
595 3571 840 3654 idompnitatem
851 3568 919 3654 (lgy
929 3569 1133 3633 identitatem
1144 3565 1174 3650 Ρ)
1191 3564 1295 3629 nostri
1316 3561 1475 3646 sanguinis

356 3684 570 3761 representat,
587 3679 673 3742 omni
689 3677 800 3742 favore
818 3685 849 3741 et
865 3675 1060 3753 assistentia,
1077 3672 1160 3738 sieut
1185 3671 1407 3754 vosmetipsos,
1424 3669 1472 3752 qni

354 3807 481 3870 semper
498 3787 698 3852 commodum
710 3793 742 3851 et
751 3784 907 3850 honorem
923 3789 1066 3847 vestrum
1082 3779 1260 3863 desiderat,
1277 3777 1433 3861 prosequi
1448 3782 1473 3838 rt

355 3894 515 3977 amplecti,
531 3916 589 3978 per
605 3894 666 3958 hoc
680 3915 736 3959 vos
753 3892 953 3958 censebimus
970 3890 1040 3955 fore
1057 3908 1180 3953 summe
1196 3888 1385 3952 honoratos.
1410 3883 1470 3948 l'bi

354 4009 464 4067 autem
480 4002 664 4084 declaratis,
675 4002 763 4085 quod
774 4022 831 4066 nos
842 3999 964 4083 putatis
976 4019 1047 4062 cum
1064 3996 1186 4061 dudum
1203 3994 1335 4058 domina
1351 3992 1472 4075 Regina

353 4110 562 4176 Jehrusalem
579 4119 612 4176 et
628 4110 748 4195 Sycilio
765 4131 876 4194 pacem
894 4116 927 4174 ct
952 4105 1156 4172 concordiam
1172 4103 1294 4168 habere
1320 4103 1470 4180 illibatas,

353 4219 431 4301 quid
448 4220 534 4283 circa
551 4219 610 4283 hoc
626 4225 685 4300 est,
696 4239 787 4282 mens
803 4216 835 4281 N
838 4222 925 4282 ostre
940 4213 1127 4297 Majestatis
1144 4215 1269 4276 nonest
1286 4208 1398 4275 oblita
1416 4207 1472 4272 'Pa-

352 4351 424 4392 men
442 4327 669 4411 Apostolicum
694 4327 894 4406 mandatum,
911 4326 962 4390 cui
989 4329 1155 4406 tamquem
1181 4320 1471 4387 christianissimus

352 4436 509 4519 Princeps
526 4435 751 4520 obtemperare
768 4434 956 4499 obedienter
972 4430 1165 4496 subiecimus
1189 4451 1258 4509 nos,
1285 4450 1350 4493 non
1371 4430 1470 4494 imme·

350 4545 414 4608 rito
431 4544 472 4608 sb
489 4545 561 4626 ipsa
578 4543 717 4622 divertit,
728 4549 761 4608 et
777 4544 810 4607 in
827 4543 887 4607 hoc
904 4560 1055 4624 errorem,
1072 4559 1176 4622 neque
1188 4536 1400 4619 devium,non
1417 4555 1468 4618 pu·
