<?xml version="1.0" encoding="UTF-8"?>
<!DOCTYPE html PUBLIC "-//W3C//DTD XHTML 1.0 Transitional//EN"
    "http://www.w3.org/TR/xhtml1/DTD/xhtml1-transitional.dtd">
<html xmlns="http://www.w3.org/1999/xhtml" xml:lang="en" lang="en">
 <head>
  <title>
</title>
<meta http-equiv="Content-Type" content="text/html;charset=utf-8" />
  <meta name='ocr-system' content='tesseract 3.04.00' />
  <meta name='ocr-capabilities' content='ocr_page ocr_carea ocr_par ocr_line ocrx_word'/>
</head>
<body>
  <div class='ocr_page' id='page_1' title='image "./magyardiplomacz00wenzgoog_0443.png"; bbox 0 0 3190 5252; ppageno 0'>
   <div class='ocr_carea' id='block_1_1' title="bbox 622 361 1231 446">
    <p class='ocr_par' dir='ltr' id='par_1_1' title="bbox 622 361 1231 446">
     <span class='ocr_line' id='line_1_1' title="bbox 622 361 1231 446; baseline 0.007 -24"><span class='ocrx_word' id='word_1_1' title='bbox 622 361 716 422; x_wconf 85' lang='lat'>1381.</span> <span class='ocrx_word' id='word_1_2' title='bbox 799 419 805 426; x_wconf 88' lang='lat'>.</span> <span class='ocrx_word' id='word_1_3' title='bbox 1033 437 1035 446; x_wconf 83' lang='lat'>.</span> <span class='ocrx_word' id='word_1_4' title='bbox 1166 363 1231 428; x_wconf 81' lang='lat'><strong>423</strong></span> 
     </span>
    </p>
   </div>
   <div class='ocr_carea' id='block_1_2' title="bbox 98 531 1234 922">
    <p class='ocr_par' dir='ltr' id='par_1_2' title="bbox 98 531 1234 922">
     <span class='ocr_line' id='line_1_2' title="bbox 100 531 1234 622; baseline 0.01 -25"><span class='ocrx_word' id='word_1_5' title='bbox 100 531 347 601; x_wconf 83' lang='lat' dir='ltr'><strong>imbreviaturis</strong></span> <span class='ocrx_word' id='word_1_6' title='bbox 365 537 477 620; x_wconf 81' lang='lat' dir='ltr'><strong>scripsi</strong></span> <span class='ocrx_word' id='word_1_7' title='bbox 495 544 526 601; x_wconf 91' lang='lat' dir='ltr'><strong>et</strong></span> <span class='ocrx_word' id='word_1_8' title='bbox 544 537 649 621; x_wconf 90' lang='lat' dir='ltr'><strong>posui,</strong></span> <span class='ocrx_word' id='word_1_9' title='bbox 664 542 697 602; x_wconf 87' lang='lat' dir='ltr'><strong>et</strong></span> <span class='ocrx_word' id='word_1_10' title='bbox 712 536 787 602; x_wconf 89' lang='lat' dir='ltr'><strong>aliis</strong></span> <span class='ocrx_word' id='word_1_11' title='bbox 804 545 992 622; x_wconf 88' lang='lat' dir='ltr'><strong>occupatus,</strong></span> <span class='ocrx_word' id='word_1_12' title='bbox 1017 541 1092 606; x_wconf 91' lang='lat' dir='ltr'><strong>inde</strong></span> <span class='ocrx_word' id='word_1_13' title='bbox 1109 565 1234 608; x_wconf 91' lang='lat' dir='ltr'><strong>sumen-</strong></span> 
     </span>
     <span class='ocr_line' id='line_1_3' title="bbox 100 640 1234 732; baseline 0.01 -28"><span class='ocrx_word' id='word_1_14' title='bbox 100 640 156 719; x_wconf 87' lang='lat' dir='ltr'><strong>da,</strong></span> <span class='ocrx_word' id='word_1_15' title='bbox 171 649 205 706; x_wconf 89' lang='lat' dir='ltr'><strong>et</strong></span> <span class='ocrx_word' id='word_1_16' title='bbox 219 643 253 706; x_wconf 92' lang='lat' dir='ltr'><strong>in</strong></span> <span class='ocrx_word' id='word_1_17' title='bbox 270 642 408 708; x_wconf 89' lang='lat' dir='ltr'><strong>sormam</strong></span> <span class='ocrx_word' id='word_1_18' title='bbox 426 645 587 728; x_wconf 81' lang='lat' dir='ltr'>publicam</span> <span class='ocrx_word' id='word_1_19' title='bbox 604 641 783 728; x_wconf 88' lang='lat' dir='ltr'><strong>redigenda</strong></span> <span class='ocrx_word' id='word_1_20' title='bbox 801 648 948 710; x_wconf 89' lang='lat' dir='ltr'><strong>commisi</strong></span> <span class='ocrx_word' id='word_1_21' title='bbox 966 647 1149 732; x_wconf 85' lang='lat' dir='ltr'><strong>Msynardo</strong></span> <span class='ocrx_word' id='word_1_22' title='bbox 1166 648 1234 715; x_wconf 88' lang='lat' dir='ltr'><strong>No·</strong></span> 
     </span>
     <span class='ocr_line' id='line_1_4' title="bbox 98 748 1234 839; baseline 0.011 -31"><span class='ocrx_word' id='word_1_23' title='bbox 98 748 188 812; x_wconf 80' lang='lat' dir='ltr'><strong>tario</strong></span> <span class='ocrx_word' id='word_1_24' title='bbox 205 749 416 832; x_wconf 77' lang='lat' dir='ltr'>antescripto,</span> <span class='ocrx_word' id='word_1_25' title='bbox 433 748 571 834; x_wconf 89' lang='lat' dir='ltr'><strong>ideoque</strong></span> <span class='ocrx_word' id='word_1_26' title='bbox 588 750 775 834; x_wconf 86' lang='lat' dir='ltr'><strong>subscripsi,</strong></span> <span class='ocrx_word' id='word_1_27' title='bbox 792 757 823 816; x_wconf 86' lang='lat' dir='ltr'><strong>et</strong></span> <span class='ocrx_word' id='word_1_28' title='bbox 840 773 912 816; x_wconf 90' lang='lat' dir='ltr'><strong>meo</strong></span> <span class='ocrx_word' id='word_1_29' title='bbox 937 752 1034 820; x_wconf 88' lang='lat' dir='ltr'><strong>solito</strong></span> <span class='ocrx_word' id='word_1_30' title='bbox 1060 755 1154 839; x_wconf 89' lang='lat' dir='ltr'><strong>signo</strong></span> <span class='ocrx_word' id='word_1_31' title='bbox 1171 757 1234 838; x_wconf 92' lang='lat' dir='ltr'><strong>sig·</strong></span> 
     </span>
     <span class='ocr_line' id='line_1_5' title="bbox 98 877 186 922; baseline -0.023 -1"><span class='ocrx_word' id='word_1_32' title='bbox 98 877 186 922; x_wconf 82' lang='lat' dir='ltr'><strong>navi.</strong></span> 
     </span>
    </p>
   </div>
   <div class='ocr_carea' id='block_1_3' title="bbox 1 999 1232 1161">
    <p class='ocr_par' dir='ltr' id='par_1_3' title="bbox 1 999 1232 1161">
     <span class='ocr_line' id='line_1_6' title="bbox 1 999 1232 1070; baseline 0.005 -16"><span class='ocrx_word' id='word_1_33' title='bbox 1 1047 2 1054; x_wconf 73' lang='grc'>,</span> <span class='ocrx_word' id='word_1_34' title='bbox 96 999 245 1060; x_wconf 85' lang='lat' dir='ltr'><strong>(Eredetie</strong></span> <span class='ocrx_word' id='word_1_35' title='bbox 258 1003 431 1068; x_wconf 75' lang='lat' dir='ltr'><strong>bdrhartyan</strong></span> <span class='ocrx_word' id='word_1_36' title='bbox 454 1019 486 1054; x_wconf 84' lang='lat' dir='ltr'><strong>uz</strong></span> <span class='ocrx_word' id='word_1_37' title='bbox 512 1003 589 1054; x_wconf 75' lang='lat' dir='ltr'><strong>»nui</strong></span> <span class='ocrx_word' id='word_1_38' title='bbox 609 1005 721 1070; x_wconf 87' lang='lat' dir='ltr'><strong>publica</strong></span> <span class='ocrx_word' id='word_1_39' title='bbox 742 1005 770 1053; x_wconf 87' lang='lat' dir='ltr'><strong>di</strong></span> <span class='ocrx_word' id='word_1_40' title='bbox 791 1005 908 1067; x_wconf 77' lang='lat' dir='ltr'><strong>Nepoti«</strong></span> <span class='ocrx_word' id='word_1_41' title='bbox 924 1006 1001 1056; x_wconf 88' lang='lat' dir='ltr'><strong>Vlll.</strong></span> <span class='ocrx_word' id='word_1_42' title='bbox 1025 1008 1174 1058; x_wconf 76' lang='lat' dir='ltr'><strong>kbtettben</strong></span> <span class='ocrx_word' id='word_1_43' title='bbox 1190 1014 1232 1060; x_wconf 79' lang='lat'><strong>28·</strong></span> 
     </span>
     <span class='ocr_line' id='line_1_7' title="bbox 394 1093 947 1161; baseline 0 -17"><span class='ocrx_word' id='word_1_44' title='bbox 394 1109 430 1144; x_wconf 85' lang='lat' dir='ltr'><strong>sz.</strong></span> <span class='ocrx_word' id='word_1_45' title='bbox 444 1110 478 1157; x_wconf 77' lang='lat' dir='ltr'><strong>a,</strong></span> <span class='ocrx_word' id='word_1_46' title='bbox 492 1109 509 1144; x_wconf 86' lang='lat' dir='ltr'><strong>a</strong></span> <span class='ocrx_word' id='word_1_47' title='bbox 522 1095 652 1146; x_wconf 86' lang='lat' dir='ltr'><strong>florenezi</strong></span> <span class='ocrx_word' id='word_1_48' title='bbox 666 1109 739 1161; x_wconf 82' lang='lat' dir='ltr'><strong>nagy</strong></span> <span class='ocrx_word' id='word_1_49' title='bbox 752 1093 947 1158; x_wconf 75' lang='lat' dir='ltr'><strong>leveltarban.)</strong></span> 
     </span>
    </p>
   </div>
   <div class='ocr_carea' id='block_1_4' title="bbox 629 1403 702 1464">
    <p class='ocr_par' dir='ltr' id='par_1_4' title="bbox 629 1403 702 1464">
     <span class='ocr_line' id='line_1_8' title="bbox 629 1403 702 1464; baseline 0.027 -2"><span class='ocrx_word' id='word_1_50' title='bbox 629 1403 702 1464; x_wconf 81' lang='lat'><strong>203.</strong></span> 
     </span>
    </p>
   </div>
   <div class='ocr_carea' id='block_1_5' title="bbox 1 1561 1232 1843">
    <p class='ocr_par' dir='ltr' id='par_1_5' title="bbox 1 1561 1232 1843">
     <span class='ocr_line' id='line_1_9' title="bbox 97 1561 1231 1650; baseline 0.002 -24"><span class='ocrx_word' id='word_1_51' title='bbox 97 1562 155 1626; x_wconf 87' lang='lat' dir='ltr'><strong>VI.</strong></span> <span class='ocrx_word' id='word_1_52' title='bbox 176 1563 294 1628; x_wconf 83' lang='lat' dir='ltr'><strong>Orbu&#39;n</strong></span> <span class='ocrx_word' id='word_1_53' title='bbox 305 1562 468 1650; x_wconf 79' lang='lat' dir='ltr'><strong>pctpdnalu</strong></span> <span class='ocrx_word' id='word_1_54' title='bbox 485 1563 665 1648; x_wconf 75' lang='lat' dir='ltr'><strong>oipusztald</strong></span> <span class='ocrx_word' id='word_1_55' title='bbox 680 1561 774 1626; x_wconf 77' lang='lat' dir='ltr'><strong>levale</strong></span> <span class='ocrx_word' id='word_1_56' title='bbox 791 1563 821 1626; x_wconf 91' lang='lat' dir='ltr'><strong>I.</strong></span> <span class='ocrx_word' id='word_1_57' title='bbox 841 1563 938 1647; x_wconf 83' lang='lat' dir='ltr'><strong>Lajoa</strong></span> <span class='ocrx_word' id='word_1_58' title='bbox 964 1585 1103 1650; x_wconf 74' lang='lat' dir='ltr'><strong>nuapyur</strong></span> <span class='ocrx_word' id='word_1_59' title='bbox 1119 1564 1151 1626; x_wconf 86' lang='lat' dir='ltr'><strong>e&#39;s</strong></span> <span class='ocrx_word' id='word_1_60' title='bbox 1167 1563 1231 1628; x_wconf 86' lang='lat' dir='ltr'><strong>len-</strong></span> 
     </span>
     <span class='ocr_line' id='line_1_10' title="bbox 1 1669 1232 1762; baseline -0.002 -25"><span class='ocrx_word' id='word_1_61' title='bbox 1 1759 2 1762; x_wconf 8' lang='lat'><em>*</em></span> <span class='ocrx_word' id='word_1_62' title='bbox 92 1671 169 1756; x_wconf 75' lang='lat' dir='ltr'><strong>gyel</strong></span> <span class='ocrx_word' id='word_1_63' title='bbox 187 1670 366 1756; x_wconf 65' lang='lat' dir='ltr'><strong>kirdlylma</strong></span> <span class='ocrx_word' id='word_1_64' title='bbox 390 1673 497 1756; x_wconf 81' lang='lat' dir='ltr'><strong>anyju</strong></span> <span class='ocrx_word' id='word_1_65' title='bbox 524 1669 674 1735; x_wconf 79' lang='lat' dir='ltr'><strong>Erzse‘bet</strong></span> <span class='ocrx_word' id='word_1_66' title='bbox 705 1670 857 1756; x_wconf 74' lang='lat' dir='ltr'><strong>birclynt</strong></span> <span class='ocrx_word' id='word_1_67' title='bbox 887 1670 1071 1736; x_wconf 75' lang='lat' dir='ltr'><strong>baldldnak</strong></span> <span class='ocrx_word' id='word_1_68' title='bbox 1087 1669 1232 1757; x_wconf 72' lang='lat' dir='ltr'><strong>folytrtn.</strong></span> 
     </span>
     <span class='ocr_line' id='line_1_11' title="bbox 622 1779 715 1843; baseline -0.011 -2"><span class='ocrx_word' id='word_1_69' title='bbox 622 1779 715 1843; x_wconf 81' lang='lat'><strong><em>1381.</em></strong></span> 
     </span>
    </p>
   </div>
   <div class='ocr_carea' id='block_1_6' title="bbox 1 1934 1231 2774">
    <p class='ocr_par' dir='ltr' id='par_1_6' title="bbox 1 1934 1231 2774">
     <span class='ocr_line' id='line_1_12' title="bbox 209 1934 1231 2021; baseline -0.002 -17"><span class='ocrx_word' id='word_1_70' title='bbox 209 1937 366 2004; x_wconf 86' lang='lat' dir='ltr'><strong>Vrbanus</strong></span> <span class='ocrx_word' id='word_1_71' title='bbox 385 1935 568 2021; x_wconf 76' lang='lat' dir='ltr'><strong>Episcopus</strong></span> <span class='ocrx_word' id='word_1_72' title='bbox 584 1944 643 2002; x_wconf 92' lang='lat' dir='ltr'><strong>etc.</strong></span> <span class='ocrx_word' id='word_1_73' title='bbox 660 1937 830 2003; x_wconf 89' lang='lat' dir='ltr'><strong>carissimo</strong></span> <span class='ocrx_word' id='word_1_74' title='bbox 846 1939 879 2002; x_wconf 92' lang='lat' dir='ltr'><strong>in</strong></span> <span class='ocrx_word' id='word_1_75' title='bbox 890 1934 1023 2002; x_wconf 85' lang='lat' dir='ltr'><strong>Christo</strong></span> <span class='ocrx_word' id='word_1_76' title='bbox 1040 1936 1107 2002; x_wconf 87' lang='lat' dir='ltr'><strong>tilio</strong></span> <span class='ocrx_word' id='word_1_77' title='bbox 1123 1937 1231 2003; x_wconf 85' lang='lat' dir='ltr'><strong>Ludu-</strong></span> 
     </span>
     <span class='ocr_line' id='line_1_13' title="bbox 1 2045 1230 2136; baseline 0.001 -24"><span class='ocrx_word' id='word_1_78' title='bbox 1 2133 2 2136; x_wconf 63' lang='lat'><strong>,</strong></span> <span class='ocrx_word' id='word_1_79' title='bbox 91 2051 167 2114; x_wconf 83' lang='lat' dir='ltr'><strong>rico</strong></span> <span class='ocrx_word' id='word_1_80' title='bbox 186 2047 273 2130; x_wconf 83' lang='lat' dir='ltr'><strong>Regi</strong></span> <span class='ocrx_word' id='word_1_81' title='bbox 291 2047 438 2128; x_wconf 87' lang='lat' dir='ltr'><strong>Vngaric</strong></span> <span class='ocrx_word' id='word_1_82' title='bbox 455 2045 575 2111; x_wconf 80' lang='lat' dir='ltr'><strong>illustri</strong></span> <span class='ocrx_word' id='word_1_83' title='bbox 593 2046 732 2112; x_wconf 87' lang='lat' dir='ltr'><strong>salutem</strong></span> <span class='ocrx_word' id='word_1_84' title='bbox 749 2053 807 2112; x_wconf 86' lang='lat' dir='ltr'><strong>etc.</strong></span> <span class='ocrx_word' id='word_1_85' title='bbox 833 2047 968 2125; x_wconf 86' lang='lat' dir='ltr'><strong>Rumor,</strong></span> <span class='ocrx_word' id='word_1_86' title='bbox 993 2047 1049 2130; x_wconf 92' lang='lat' dir='ltr'><strong>qui</strong></span> <span class='ocrx_word' id='word_1_87' title='bbox 1074 2045 1114 2110; x_wconf 88' lang='lat' dir='ltr'><strong>de</strong></span> <span class='ocrx_word' id='word_1_88' title='bbox 1141 2045 1230 2113; x_wconf 85' lang='lat' dir='ltr'><strong>obitu</strong></span> 
     </span>
     <span class='ocr_line' id='line_1_14' title="bbox 94 2151 1230 2248; baseline -0.004 -27"><span class='ocrx_word' id='word_1_89' title='bbox 94 2157 188 2248; x_wconf 81' lang='lat' dir='ltr'><strong>clarc</strong></span> <span class='ocrx_word' id='word_1_90' title='bbox 221 2154 374 2219; x_wconf 82' lang='lat' dir='ltr'><strong>memorie</strong></span> <span class='ocrx_word' id='word_1_91' title='bbox 399 2152 551 2219; x_wconf 85' lang='lat' dir='ltr'><strong>Elisabet</strong></span> <span class='ocrx_word' id='word_1_92' title='bbox 582 2152 710 2234; x_wconf 84' lang='lat' dir='ltr'><strong>Regius</strong></span> <span class='ocrx_word' id='word_1_93' title='bbox 735 2151 883 2236; x_wconf 87' lang='lat' dir='ltr'><strong>Vngarie</strong></span> <span class='ocrx_word' id='word_1_94' title='bbox 909 2152 1022 2218; x_wconf 84' lang='lat' dir='ltr'><strong>matris</strong></span> <span class='ocrx_word' id='word_1_95' title='bbox 1047 2157 1102 2217; x_wconf 90' lang='lat' dir='ltr'><strong>tue</strong></span> <span class='ocrx_word' id='word_1_96' title='bbox 1128 2173 1230 2236; x_wconf 90' lang='lat' dir='ltr'><strong>nuper</strong></span> 
     </span>
     <span class='ocr_line' id='line_1_15' title="bbox 93 2257 1228 2348; baseline -0.002 -20"><span class='ocrx_word' id='word_1_97' title='bbox 93 2263 187 2348; x_wconf 88' lang='lat' dir='ltr'><strong>apud</strong></span> <span class='ocrx_word' id='word_1_98' title='bbox 205 2259 433 2345; x_wconf 86' lang='lat' dir='ltr'><strong>Apostolicam</strong></span> <span class='ocrx_word' id='word_1_99' title='bbox 452 2257 569 2324; x_wconf 87' lang='lat' dir='ltr'><strong>Sedem</strong></span> <span class='ocrx_word' id='word_1_100' title='bbox 587 2260 740 2339; x_wconf 88' lang='lat' dir='ltr'><strong>insonuit,</strong></span> <span class='ocrx_word' id='word_1_101' title='bbox 756 2259 893 2324; x_wconf 81' lang='lat' dir='ltr'><strong>inultam</strong></span> <span class='ocrx_word' id='word_1_102' title='bbox 919 2260 1098 2326; x_wconf 89' lang='lat' dir='ltr'><strong>mesticiam</strong></span> <span class='ocrx_word' id='word_1_103' title='bbox 1114 2259 1228 2326; x_wconf 89' lang='lat' dir='ltr'><strong>attulit</strong></span> 
     </span>
     <span class='ocr_line' id='line_1_16' title="bbox 92 2363 1230 2450; baseline -0.002 -16"><span class='ocrx_word' id='word_1_104' title='bbox 92 2368 190 2434; x_wconf 87' lang='lat' dir='ltr'><strong>cordi</strong></span> <span class='ocrx_word' id='word_1_105' title='bbox 217 2375 337 2434; x_wconf 88' lang='lat' dir='ltr'><strong>nostro.</strong></span> <span class='ocrx_word' id='word_1_106' title='bbox 364 2363 448 2433; x_wconf 86' lang='lat' dir='ltr'><strong>Cum</strong></span> <span class='ocrx_word' id='word_1_107' title='bbox 474 2367 559 2431; x_wconf 88' lang='lat' dir='ltr'><strong>enim</strong></span> <span class='ocrx_word' id='word_1_108' title='bbox 590 2373 729 2450; x_wconf 88' lang='lat' dir='ltr'><strong>paterna</strong></span> <span class='ocrx_word' id='word_1_109' title='bbox 760 2365 1020 2431; x_wconf 81' lang='lat' dir='ltr'><strong>consideratione</strong></span> <span class='ocrx_word' id='word_1_110' title='bbox 1050 2385 1230 2450; x_wconf 87' lang='lat' dir='ltr'><strong>pensamus,</strong></span> 
     </span>
     <span class='ocr_line' id='line_1_17' title="bbox 93 2461 1231 2560; baseline 0 -18"><span class='ocrx_word' id='word_1_111' title='bbox 93 2477 188 2560; x_wconf 89' lang='lat' dir='ltr'><strong>quod</strong></span> <span class='ocrx_word' id='word_1_112' title='bbox 206 2478 282 2560; x_wconf 90' lang='lat' dir='ltr'><strong>ipsa</strong></span> <span class='ocrx_word' id='word_1_113' title='bbox 297 2476 434 2558; x_wconf 87' lang='lat' dir='ltr'><strong>Regina,</strong></span> <span class='ocrx_word' id='word_1_114' title='bbox 449 2461 527 2540; x_wconf 83' lang='lat' dir='ltr'><strong>dum</strong></span> <span class='ocrx_word' id='word_1_115' title='bbox 545 2476 677 2558; x_wconf 85' lang='lat' dir='ltr'><strong>viveret,</strong></span> <span class='ocrx_word' id='word_1_116' title='bbox 702 2474 874 2557; x_wconf 87' lang='lat' dir='ltr'><strong>Regalium</strong></span> <span class='ocrx_word' id='word_1_117' title='bbox 898 2474 1056 2539; x_wconf 81' lang='lat' dir='ltr'><strong>virtutum</strong></span> <span class='ocrx_word' id='word_1_118' title='bbox 1081 2475 1231 2542; x_wconf 87' lang='lat' dir='ltr'><strong>claritate</strong></span> 
     </span>
     <span class='ocr_line' id='line_1_18' title="bbox 92 2580 1231 2670; baseline -0.002 -20"><span class='ocrx_word' id='word_1_119' title='bbox 92 2584 297 2670; x_wconf 86' lang='lat' dir='ltr'><strong>prepollens,</strong></span> <span class='ocrx_word' id='word_1_120' title='bbox 312 2583 384 2650; x_wconf 88' lang='lat' dir='ltr'><strong>Deo</strong></span> <span class='ocrx_word' id='word_1_121' title='bbox 401 2605 434 2649; x_wconf 88' lang='lat' dir='ltr'><strong>sc</strong></span> <span class='ocrx_word' id='word_1_122' title='bbox 460 2581 619 2650; x_wconf 86' lang='lat' dir='ltr'><strong>reddebat</strong></span> <span class='ocrx_word' id='word_1_123' title='bbox 644 2581 829 2665; x_wconf 80' lang='lat' dir='ltr'><strong>amabilem,</strong></span> <span class='ocrx_word' id='word_1_124' title='bbox 852 2583 938 2649; x_wconf 89' lang='lat' dir='ltr'><strong>dicte</strong></span> <span class='ocrx_word' id='word_1_125' title='bbox 964 2580 1041 2648; x_wconf 89' lang='lat' dir='ltr'><strong>Sedi</strong></span> <span class='ocrx_word' id='word_1_126' title='bbox 1067 2582 1231 2650; x_wconf 85' lang='lat' dir='ltr'><strong>deuotissi-</strong></span> 
     </span>
     <span class='ocr_line' id='line_1_19' title="bbox 91 2687 1231 2774; baseline -0.006 -14"><span class='ocrx_word' id='word_1_127' title='bbox 91 2715 184 2760; x_wconf 86' lang='lat' dir='ltr'><strong>mam</strong></span> <span class='ocrx_word' id='word_1_128' title='bbox 206 2691 318 2771; x_wconf 85' lang='lat' dir='ltr'><strong>tiliam,</strong></span> <span class='ocrx_word' id='word_1_129' title='bbox 348 2697 379 2756; x_wconf 90' lang='lat' dir='ltr'><strong>et</strong></span> <span class='ocrx_word' id='word_1_130' title='bbox 404 2689 520 2774; x_wconf 88' lang='lat' dir='ltr'><strong>Regno</strong></span> <span class='ocrx_word' id='word_1_131' title='bbox 537 2698 595 2755; x_wconf 94' lang='lat' dir='ltr'><strong>tuo</strong></span> <span class='ocrx_word' id='word_1_132' title='bbox 621 2689 845 2774; x_wconf 88' lang='lat' dir='ltr'><strong>multipliciter</strong></span> <span class='ocrx_word' id='word_1_133' title='bbox 870 2687 1090 2770; x_wconf 80' lang='lat' dir='ltr'><strong>fructuosum3</strong></span> <span class='ocrx_word' id='word_1_134' title='bbox 1113 2689 1231 2756; x_wconf 89' lang='lat' dir='ltr'><strong>merito</strong></span> 
     </span>
    </p>
   </div>
   <div class='ocr_carea' id='block_1_7' title="bbox 1 2796 1231 2884">
    <p class='ocr_par' dir='ltr' id='par_1_7' title="bbox 1 2796 1231 2884">
     <span class='ocr_line' id='line_1_20' title="bbox 1 2796 1231 2884; baseline -0.004 -18"><span class='ocrx_word' id='word_1_135' title='bbox 1 2807 2 2830; x_wconf 75' lang='lat'>³</span> <span class='ocrx_word' id='word_1_136' title='bbox 91 2802 133 2868; x_wconf 90' lang='lat' dir='ltr'><strong>de</strong></span> <span class='ocrx_word' id='word_1_137' title='bbox 151 2799 260 2884; x_wconf 89' lang='lat' dir='ltr'><strong>ipsius</strong></span> <span class='ocrx_word' id='word_1_138' title='bbox 277 2798 497 2864; x_wconf 82' lang='lat' dir='ltr'><strong>subtractione</strong></span> <span class='ocrx_word' id='word_1_139' title='bbox 514 2798 668 2878; x_wconf 69' lang='lat' dir='ltr'><strong>dolemus</strong></span> <span class='ocrx_word' id='word_1_140' title='bbox 685 2796 819 2881; x_wconf 87' lang='lat' dir='ltr'><strong>tibique,</strong></span> <span class='ocrx_word' id='word_1_141' title='bbox 836 2797 884 2864; x_wconf 88' lang='lat' dir='ltr'><strong>fili</strong></span> <span class='ocrx_word' id='word_1_142' title='bbox 901 2797 1078 2880; x_wconf 86' lang='lat' dir='ltr'><strong>carissime,</strong></span> <span class='ocrx_word' id='word_1_143' title='bbox 1093 2803 1231 2880; x_wconf 83' lang='lat' dir='ltr'><strong>paterne</strong></span> 
     </span>
    </p>
   </div>
   <div class='ocr_carea' id='block_1_8' title="bbox 91 2904 1231 3096">
    <p class='ocr_par' dir='ltr' id='par_1_8' title="bbox 91 2904 1231 3096">
     <span class='ocr_line' id='line_1_21' title="bbox 91 2904 1231 2992; baseline -0.005 -16"><span class='ocrx_word' id='word_1_144' title='bbox 91 2908 316 2992; x_wconf 85' lang='lat' dir='ltr'><strong>compatimur</strong></span> <span class='ocrx_word' id='word_1_145' title='bbox 333 2905 542 2972; x_wconf 82' lang='lat' dir='ltr'><strong>dilectissime</strong></span> <span class='ocrx_word' id='word_1_146' title='bbox 559 2906 675 2972; x_wconf 87' lang='lat' dir='ltr'><strong>matris</strong></span> <span class='ocrx_word' id='word_1_147' title='bbox 692 2905 819 2986; x_wconf 87' lang='lat' dir='ltr'><strong>solatio,</strong></span> <span class='ocrx_word' id='word_1_148' title='bbox 835 2912 868 2970; x_wconf 87' lang='lat' dir='ltr'><strong>et</strong></span> <span class='ocrx_word' id='word_1_149' title='bbox 884 2904 1118 2990; x_wconf 86' lang='lat' dir='ltr'><strong>prudentisime</strong></span> <span class='ocrx_word' id='word_1_150' title='bbox 1135 2904 1231 2974; x_wconf 87' lang='lat' dir='ltr'><strong>assis·</strong></span> 
     </span>
     <span class='ocr_line' id='line_1_22' title="bbox 91 3011 1231 3096; baseline -0.004 -13"><span class='ocrx_word' id='word_1_151' title='bbox 91 3016 190 3083; x_wconf 89' lang='lat' dir='ltr'><strong>tricis</strong></span> <span class='ocrx_word' id='word_1_152' title='bbox 208 3013 331 3080; x_wconf 85' lang='lat' dir='ltr'><strong>auxilio</strong></span> <span class='ocrx_word' id='word_1_153' title='bbox 357 3013 524 3079; x_wconf 85' lang='lat' dir='ltr'><strong>destituto.</strong></span> <span class='ocrx_word' id='word_1_154' title='bbox 542 3011 665 3080; x_wconf 89' lang='lat' dir='ltr'><strong>Verum</strong></span> <span class='ocrx_word' id='word_1_155' title='bbox 683 3014 761 3096; x_wconf 92' lang='lat' dir='ltr'><strong>quia</strong></span> <span class='ocrx_word' id='word_1_156' title='bbox 786 3033 873 3078; x_wconf 91' lang='lat' dir='ltr'><strong>mors</strong></span> <span class='ocrx_word' id='word_1_157' title='bbox 899 3019 949 3076; x_wconf 87' lang='lat' dir='ltr'><strong>est</strong></span> <span class='ocrx_word' id='word_1_158' title='bbox 973 3013 1025 3076; x_wconf 82' lang='lat' dir='ltr'><strong>lex</strong></span> <span class='ocrx_word' id='word_1_159' title='bbox 1051 3012 1231 3078; x_wconf 89' lang='lat' dir='ltr'><strong>communis</strong></span> 
     </span>
    </p>
   </div>
   <div class='ocr_carea' id='block_1_9' title="bbox 1 3119 1228 3205">
    <p class='ocr_par' dir='ltr' id='par_1_9' title="bbox 1 3119 1228 3205">
     <span class='ocr_line' id='line_1_23' title="bbox 1 3119 1228 3205; baseline -0.007 -13"><span class='ocrx_word' id='word_1_160' title='bbox 1 3123 2 3126; x_wconf 50' lang='lat'>&#39;</span> <span class='ocrx_word' id='word_1_161' title='bbox 90 3121 291 3204; x_wconf 87' lang='lat' dir='ltr'><strong>hominibus,</strong></span> <span class='ocrx_word' id='word_1_162' title='bbox 308 3142 406 3204; x_wconf 91' lang='lat' dir='ltr'><strong>quam</strong></span> <span class='ocrx_word' id='word_1_163' title='bbox 421 3121 520 3186; x_wconf 86' lang='lat' dir='ltr'><strong>etiam</strong></span> <span class='ocrx_word' id='word_1_164' title='bbox 536 3121 606 3205; x_wconf 86' lang='lat' dir='ltr'><strong>ipse</strong></span> <span class='ocrx_word' id='word_1_165' title='bbox 617 3128 731 3186; x_wconf 88' lang='lat' dir='ltr'><strong>auctor</strong></span> <span class='ocrx_word' id='word_1_166' title='bbox 748 3121 823 3200; x_wconf 86' lang='lat' dir='ltr'><strong>vite,</strong></span> <span class='ocrx_word' id='word_1_167' title='bbox 833 3119 993 3186; x_wconf 88' lang='lat' dir='ltr'><strong>Dominus</strong></span> <span class='ocrx_word' id='word_1_168' title='bbox 1006 3125 1116 3185; x_wconf 90' lang='lat' dir='ltr'><strong>noster</strong></span> <span class='ocrx_word' id='word_1_169' title='bbox 1127 3120 1153 3185; x_wconf 89' lang='lat' dir='ltr'><strong>J</strong></span> <span class='ocrx_word' id='word_1_170' title='bbox 1155 3139 1228 3184; x_wconf 86' lang='lat' dir='ltr'><strong>esus</strong></span> 
     </span>
    </p>
   </div>
   <div class='ocr_carea' id='block_1_10' title="bbox 92 3225 1231 4165">
    <p class='ocr_par' dir='ltr' id='par_1_10' title="bbox 92 3225 1231 4165">
     <span class='ocr_line' id='line_1_24' title="bbox 92 3225 1230 3318; baseline -0.009 -16"><span class='ocrx_word' id='word_1_171' title='bbox 92 3235 263 3310; x_wconf 84' lang='lat' dir='ltr'><strong>Christus,</strong></span> <span class='ocrx_word' id='word_1_172' title='bbox 279 3230 454 3318; x_wconf 78' lang='lat' dir='ltr'><strong>dignanter</strong></span> <span class='ocrx_word' id='word_1_173' title='bbox 470 3236 519 3295; x_wconf 90' lang='lat' dir='ltr'><strong>est</strong></span> <span class='ocrx_word' id='word_1_174' title='bbox 528 3250 654 3313; x_wconf 87' lang='lat' dir='ltr'><strong>passus,</strong></span> <span class='ocrx_word' id='word_1_175' title='bbox 670 3230 804 3313; x_wconf 88' lang='lat' dir='ltr'><strong>ipsaque</strong></span> <span class='ocrx_word' id='word_1_176' title='bbox 821 3227 950 3312; x_wconf 86' lang='lat' dir='ltr'><strong>Regina</strong></span> <span class='ocrx_word' id='word_1_177' title='bbox 964 3225 1122 3311; x_wconf 88' lang='lat' dir='ltr'><strong>preclaris</strong></span> <span class='ocrx_word' id='word_1_178' title='bbox 1137 3227 1230 3292; x_wconf 90' lang='lat' dir='ltr'><strong>meri·</strong></span> 
     </span>
     <span class='ocr_line' id='line_1_25' title="bbox 92 3334 1230 3421; baseline -0.007 -13"><span class='ocrx_word' id='word_1_179' title='bbox 92 3343 138 3408; x_wconf 90' lang='lat' dir='ltr'><strong>tis</strong></span> <span class='ocrx_word' id='word_1_180' title='bbox 156 3339 359 3406; x_wconf 86' lang='lat' dir='ltr'><strong>communita</strong></span> <span class='ocrx_word' id='word_1_181' title='bbox 376 3337 416 3403; x_wconf 89' lang='lat' dir='ltr'><strong>de</strong></span> <span class='ocrx_word' id='word_1_182' title='bbox 433 3338 495 3403; x_wconf 90' lang='lat' dir='ltr'><strong>hac</strong></span> <span class='ocrx_word' id='word_1_183' title='bbox 510 3338 578 3403; x_wconf 89' lang='lat' dir='ltr'><strong>vita</strong></span> <span class='ocrx_word' id='word_1_184' title='bbox 597 3335 721 3419; x_wconf 87' lang='lat' dir='ltr'><strong>finibili,</strong></span> <span class='ocrx_word' id='word_1_185' title='bbox 747 3345 845 3421; x_wconf 90' lang='lat' dir='ltr'><strong>prout</strong></span> <span class='ocrx_word' id='word_1_186' title='bbox 869 3335 921 3420; x_wconf 91' lang='lat' dir='ltr'><strong>pie</strong></span> <span class='ocrx_word' id='word_1_187' title='bbox 946 3334 1144 3404; x_wconf 86' lang='lat' dir='ltr'><strong>credendum</strong></span> <span class='ocrx_word' id='word_1_188' title='bbox 1171 3341 1230 3418; x_wconf 88' lang='lat' dir='ltr'><strong>est,</strong></span> 
     </span>
     <span class='ocr_line' id='line_1_26' title="bbox 94 3443 1230 3530; baseline -0.006 -14"><span class='ocrx_word' id='word_1_189' title='bbox 94 3450 139 3516; x_wconf 92' lang='lat' dir='ltr'><strong>ad</strong></span> <span class='ocrx_word' id='word_1_190' title='bbox 157 3446 352 3514; x_wconf 89' lang='lat' dir='ltr'><strong>infinibilem</strong></span> <span class='ocrx_word' id='word_1_191' title='bbox 367 3446 594 3530; x_wconf 86' lang='lat' dir='ltr'><strong>pertransivit;</strong></span> <span class='ocrx_word' id='word_1_192' title='bbox 618 3445 712 3510; x_wconf 89' lang='lat' dir='ltr'><strong>decet</strong></span> <span class='ocrx_word' id='word_1_193' title='bbox 721 3444 931 3529; x_wconf 88' lang='lat' dir='ltr'><strong>prudenciam</strong></span> <span class='ocrx_word' id='word_1_194' title='bbox 943 3443 1091 3526; x_wconf 88' lang='lat' dir='ltr'><strong>Regiam,</strong></span> <span class='ocrx_word' id='word_1_195' title='bbox 1107 3466 1230 3510; x_wconf 86' lang='lat' dir='ltr'><strong>casum·</strong></span> 
     </span>
     <span class='ocr_line' id='line_1_27' title="bbox 93 3551 1231 3637; baseline -0.006 -15"><span class='ocrx_word' id='word_1_196' title='bbox 93 3560 210 3635; x_wconf 91' lang='lat' dir='ltr'><strong>istum,</strong></span> <span class='ocrx_word' id='word_1_197' title='bbox 225 3553 302 3619; x_wconf 87' lang='lat' dir='ltr'><strong>licet</strong></span> <span class='ocrx_word' id='word_1_198' title='bbox 323 3554 420 3637; x_wconf 81' lang='lat' dir='ltr'><strong>digne</strong></span> <span class='ocrx_word' id='word_1_199' title='bbox 445 3553 595 3635; x_wconf 83' lang='lat' dir='ltr'><strong>flebilem,</strong></span> <span class='ocrx_word' id='word_1_200' title='bbox 621 3575 693 3618; x_wconf 87' lang='lat' dir='ltr'><strong>cunr</strong></span> <span class='ocrx_word' id='word_1_201' title='bbox 719 3553 881 3636; x_wconf 83' lang='lat' dir='ltr'><strong>patientia</strong></span> <span class='ocrx_word' id='word_1_202' title='bbox 912 3552 1061 3618; x_wconf 86' lang='lat' dir='ltr'><strong>tolerare.</strong></span> <span class='ocrx_word' id='word_1_203' title='bbox 1086 3551 1231 3632; x_wconf 87' lang='lat' dir='ltr'><strong>Ideoque</strong></span> 
     </span>
     <span class='ocr_line' id='line_1_28' title="bbox 95 3661 1230 3746; baseline -0.011 -14"><span class='ocrx_word' id='word_1_204' title='bbox 95 3661 366 3746; x_wconf 83' lang='lat' dir='ltr'><strong>Magnitudinem</strong></span> <span class='ocrx_word' id='word_1_205' title='bbox 383 3661 486 3728; x_wconf 78' lang='lat' dir='ltr'><strong>Tuam</strong></span> <span class='ocrx_word' id='word_1_206' title='bbox 503 3663 673 3728; x_wconf 90' lang='lat' dir='ltr'><strong>hortamur</strong></span> <span class='ocrx_word' id='word_1_207' title='bbox 690 3668 723 3727; x_wconf 89' lang='lat' dir='ltr'><strong>et</strong></span> <span class='ocrx_word' id='word_1_208' title='bbox 738 3682 890 3745; x_wconf 84' lang='lat' dir='ltr'><strong>rogamus</strong></span> <span class='ocrx_word' id='word_1_209' title='bbox 907 3667 1042 3744; x_wconf 86' lang='lat' dir='ltr'><strong>attente,</strong></span> <span class='ocrx_word' id='word_1_210' title='bbox 1069 3665 1230 3744; x_wconf 86' lang='lat' dir='ltr'><strong>quatenus</strong></span> 
     </span>
     <span class='ocr_line' id='line_1_29' title="bbox 94 3768 1230 3858; baseline -0.006 -19"><span class='ocrx_word' id='word_1_211' title='bbox 94 3773 262 3858; x_wconf 90' lang='lat' dir='ltr'><strong>premissa</strong></span> <span class='ocrx_word' id='word_1_212' title='bbox 292 3771 470 3856; x_wconf 86' lang='lat' dir='ltr'><strong>prudenter</strong></span> <span class='ocrx_word' id='word_1_213' title='bbox 501 3771 720 3852; x_wconf 89' lang='lat' dir='ltr'><strong>considerans,</strong></span> <span class='ocrx_word' id='word_1_214' title='bbox 746 3777 802 3836; x_wconf 91' lang='lat' dir='ltr'><strong>tuo</strong></span> <span class='ocrx_word' id='word_1_215' title='bbox 828 3770 979 3852; x_wconf 87' lang='lat' dir='ltr'><strong>gementi,</strong></span> <span class='ocrx_word' id='word_1_216' title='bbox 1004 3774 1102 3852; x_wconf 86' lang='lat' dir='ltr'><strong>prout</strong></span> <span class='ocrx_word' id='word_1_217' title='bbox 1127 3768 1230 3848; x_wconf 88' lang='lat' dir='ltr'><strong>decet,</strong></span> 
     </span>
     <span class='ocr_line' id='line_1_30' title="bbox 94 3875 1231 3967; baseline -0.008 -18"><span class='ocrx_word' id='word_1_218' title='bbox 94 3881 219 3967; x_wconf 90' lang='lat' dir='ltr'><strong>populo</strong></span> <span class='ocrx_word' id='word_1_219' title='bbox 236 3879 357 3946; x_wconf 84' lang='lat' dir='ltr'><strong>fortem</strong></span> <span class='ocrx_word' id='word_1_220' title='bbox 383 3880 527 3945; x_wconf 88' lang='lat' dir='ltr'><strong>animum</strong></span> <span class='ocrx_word' id='word_1_221' title='bbox 546 3879 709 3962; x_wconf 91' lang='lat' dir='ltr'><strong>Principis</strong></span> <span class='ocrx_word' id='word_1_222' title='bbox 735 3877 917 3961; x_wconf 86' lang='lat' dir='ltr'><strong>exemplum</strong></span> <span class='ocrx_word' id='word_1_223' title='bbox 942 3875 1134 3946; x_wconf 85' lang='lat' dir='ltr'><strong>imitationis</strong></span> <span class='ocrx_word' id='word_1_224' title='bbox 1158 3898 1231 3942; x_wconf 90' lang='lat' dir='ltr'><strong>con-</strong></span> 
     </span>
     <span class='ocr_line' id='line_1_31' title="bbox 96 3983 1230 4072; baseline -0.004 -18"><span class='ocrx_word' id='word_1_225' title='bbox 96 3988 253 4056; x_wconf 79' lang='lat' dir='ltr'><strong>solatorie</strong></span> <span class='ocrx_word' id='word_1_226' title='bbox 273 3987 469 4072; x_wconf 87' lang='lat' dir='ltr'><strong>prebiturus.</strong></span> <span class='ocrx_word' id='word_1_227' title='bbox 495 3987 619 4052; x_wconf 90' lang='lat' dir='ltr'><strong>Datum</strong></span> <span class='ocrx_word' id='word_1_228' title='bbox 644 3985 807 4051; x_wconf 83' lang='lat' dir='ltr'><strong>Avinione</strong></span> <span class='ocrx_word' id='word_1_229' title='bbox 831 3983 920 4050; x_wconf 90' lang='lat' dir='ltr'><strong>IIII.</strong></span> <span class='ocrx_word' id='word_1_230' title='bbox 946 3984 1019 4050; x_wconf 88' lang='lat' dir='ltr'><strong>idus</strong></span> <span class='ocrx_word' id='word_1_231' title='bbox 1045 3984 1230 4064; x_wconf 81' lang='lat' dir='ltr'><strong>Februarii,</strong></span> 
     </span>
     <span class='ocr_line' id='line_1_32' title="bbox 96 4095 667 4165; baseline -0.012 0"><span class='ocrx_word' id='word_1_232' title='bbox 96 4097 317 4165; x_wconf 83' lang='lat' dir='ltr'><strong>Pontificatus</strong></span> <span class='ocrx_word' id='word_1_233' title='bbox 334 4095 439 4160; x_wconf 89' lang='lat' dir='ltr'><strong>nostri</strong></span> <span class='ocrx_word' id='word_1_234' title='bbox 456 4115 540 4160; x_wconf 90' lang='lat' dir='ltr'><strong>auno</strong></span> <span class='ocrx_word' id='word_1_235' title='bbox 558 4095 667 4160; x_wconf 89' lang='lat' dir='ltr'><strong>tertio.</strong></span> 
     </span>
    </p>
   </div>
   <div class='ocr_carea' id='block_1_11' title="bbox 445 4238 890 4304">
    <p class='ocr_par' dir='ltr' id='par_1_11' title="bbox 445 4238 890 4304">
     <span class='ocr_line' id='line_1_33' title="bbox 445 4238 890 4304; baseline 0 -16"><span class='ocrx_word' id='word_1_236' title='bbox 445 4239 495 4302; x_wconf 81' lang='lat' dir='ltr'><strong>(VI</strong></span> <span class='ocrx_word' id='word_1_237' title='bbox 510 4239 604 4289; x_wconf 77' lang='lat' dir='ltr'><strong>Orbdn</strong></span> <span class='ocrx_word' id='word_1_238' title='bbox 618 4239 690 4304; x_wconf 72' lang='lat' dir='ltr'><strong>ptpa</strong></span> <span class='ocrx_word' id='word_1_239' title='bbox 703 4238 890 4303; x_wconf 78' lang='lat' dir='ltr'><strong>regestaibul.)</strong></span> 
     </span>
    </p>
   </div>
   <div class='ocr_carea' id='block_1_12' title="bbox 0 0 1604 5252">
    <p class='ocr_par' dir='ltr' id='par_1_12' title="bbox 0 0 1604 5252">
     <span class='ocr_line' id='line_1_34' title="bbox 0 0 1604 5252; baseline 0 0"><span class='ocrx_word' id='word_1_240' title='bbox 0 0 1604 5252; x_wconf 95' lang='lat' dir='ltr'><strong> </strong></span> 
     </span>
    </p>
   </div>
  </div>
 </body>
</html>
