3134 5254
540 413 634 473 1379.
1090 415 1153 475 269

1 615 2 674 3
44 586 117 652 ribus
141 590 265 672 experti
290 587 421 654 fuerant
446 589 598 656 inducere
626 587 772 653 dominos
788 587 813 654 J
816 608 975 654 anuenscs
992 594 1025 654 et
1040 587 1153 654 Domi·

1 779 2 784 ι
44 717 104 760 num
127 695 239 760 Padue
263 696 308 762 ad
332 696 653 762 condescendendum
680 695 721 762 ad
747 717 871 780 pacem,
897 702 931 762 et
957 695 1046 779 quod
1062 695 1152 763 nullo

1 851 2 856 η
44 803 122 868 ιιοιι
144 803 204 870 hoc
228 811 407 888 potuerunt
431 805 589 886 obtinere,
610 805 665 872 sed
683 807 812 871 omnino
830 804 982 889 dispositi
998 812 1096 872 erant
1111 805 1155 872 ad

1 956 2 963 ι
42 909 275 978 destructionem
303 913 459 980 Civitatis
484 913 718 996 Venetiarnm;
743 921 776 980 et
801 935 859 998 pro
875 919 969 980 tanto
985 915 1078 981 nobis
1094 936 1154 998 pro

1 1027 2 1042 ³
42 1018 117 1086 finali
133 1023 333 1089 conclusione
358 1022 520 1105 dicebant,
547 1024 624 1106 quia
650 1021 791 1107 amplius
813 1044 886 1088 cum
902 1023 1008 1088 verbis
1025 1045 1090 1089 ιιοιι
1107 1025 1152 1088 in·

1 1159 2 1166 ι
42 1128 199 1195 tendebant
225 1131 299 1195 duci
326 1132 359 1196 iu
384 1129 537 1216 longum;
560 1135 593 1196 et
619 1129 707 1214 quod
731 1131 794 1215 ipsi
810 1130 971 1214 volebant,
989 1131 1079 1214 quod
1095 1151 1154 1197 uos

1 1292 2 1301 ,
42 1257 167 1302 essemus
183 1260 281 1322 super·
300 1239 452 1323 capitulis
470 1238 590 1304 domini
606 1238 719 1322 Regis,
730 1245 761 1305 et
773 1237 861 1323 quod
871 1259 1015 1306 essemus
1030 1240 1063 1304 in
1081 1261 1153 1306 con-

1 1329 2 1399 Ῐ
40 1344 136 1408 cordio
161 1367 231 1410 cum
257 1347 388 1412 domino
413 1346 523 1431 Rege3
548 1353 581 1413 et
606 1348 692 1431 quod
718 1347 781 1431 ipsi
808 1368 841 1411 se
863 1344 1052 1429 offerebant,
1070 1347 1149 1414 dare

41 1449 117 1517 nobis
139 1454 270 1536 justam,
296 1455 465 1522 honestam
491 1462 524 1522 et
548 1455 778 1523 rationabilem
805 1477 937 1540 pacem;
962 1461 995 1521 et
1020 1456 1053 1520 in
1073 1476 1152 1522 casu

1 1581 2 1635 3
41 1579 93 1640 quo
106 1561 252 1646 colligati
266 1563 392 1629 nollent
408 1565 450 1630 ad
466 1587 536 1632 eam
554 1564 823 1645 condescendere,
848 1565 956 1649 parati
972 1571 1068 1632 erant
1083 1586 1153 1633 esse

1 1669 2 1734 J
40 1669 194 1735 nobiscum
213 1679 329 1738 contra
349 1693 403 1739 eos
419 1695 525 1756 usqua
541 1675 581 1740 ad
599 1680 747 1754 mortem,
771 1672 874 1740 donec
893 1693 947 1738 eos
963 1672 1155 1740 reducerent

1 1837 2 1843 ,
37 1775 184 1862 adipeam
211 1767 324 1863 pacem
340 1781 576 1865 rationabilem,
602 1783 774 1848 honestam
799 1788 834 1846 et
855 1781 988 1865 justam.
1014 1783 1060 1847 Et
1076 1782 1154 1866 quia

39 1883 174 1952 dominus
200 1887 381 1954 Zacharias
407 1910 470 1954 non
497 1897 568 1956 ιιιιι
596 1890 773 1972 nobiscum,
805 1890 867 1972 ipsi
893 1889 1047 1956 volebant
1062 1892 1153 1972 scire,

1 1979 2 2044 ἶ
39 1999 199 2077 antequam
225 1996 362 2062 ulterius
389 1996 697 2080 procederemus,
673 2019 698 2062 ιι
719 2018 777 2062 nos
794 1997 859 2062 duo
875 2002 1063 2081 poteramus
1079 2019 1152 2064 cou-

1 2100 179 2169 lcludere
170 2126 202 2168 ιιι
220 2103 317 2170 dictis
343 2107 493 2189 capitulis
519 2105 641 2172 domini
661 2104 773 2190 Regis,
791 2106 942 2188 absque
933 2125 1003 2189 rpso
1020 2103 1152 2170 domino

1 2198 207 2276 Zacharia·
200 2215 310 2295 ,quia
334 2214 367 2278 in
392 2235 473 2280 casu
498 2237 562 2298 quo
583 2214 645 2280 hoc
660 2235 724 2279 non
741 2233 908 2297 possemus
924 2214 974 2280 vel
991 2212 1151 2278 nollemus

1 2313 182 2405 lacere,
172 2323 235 2404 ipsi
267 2344 331 2388 non
362 2321 586 2406 intendebant,
617 2323 705 2408 quod
735 2322 929 2390 haberemus
955 2323 1151 2388 intentiones

1 2435 192 2510 θοιιιιιι,ι
208 2427 272 2510 ipsi
289 2452 309 2496 a
324 2430 417 2496 nobis
434 2429 534 2495 nichil
552 2429 718 2498 habereut.
744 2429 850 2516 Super
869 2429 986 2515 quibus
1003 2431 1152 2515 aliquan

1 2511 3 2618 ι
35 2535 126 2600 tulum
150 2537 193 2604 ab
220 2537 267 2603 eis
293 2541 444 2622 separati,
472 2544 505 2604 et
530 2546 646 2624 postea
670 2539 790 2606 reversi
811 2539 1047 2623 respondimus,
1063 2539 1152 2622 quod

1 2625 193 2742 ιροειιιιιιιιι
210 2644 364 2712 dicebant
388 2645 503 2714 fecisse
529 2669 600 2714 cnm
628 2647 760 2731 reliquis
777 2669 904 2720 omnem
920 2649 1151 2732 experientiam

1 2747 66 2821 de
80 2753 260 2822 inducendo
287 2776 342 2821 eos
367 2757 409 2822 ad
429 2777 559 2841 pacem,
584 2756 839 2822 credebamus
811 2777 876 2839 e1s;
900 2763 933 2823 et
949 2757 1036 2840 quod
1051 2759 1151 2824 etiam

1 2829 173 2950 {placebat
197 2862 291 2930 nobis
317 2864 357 2930 de
383 2863 517 2930 essendo
534 2885 630 2948 super
647 2871 736 2950 caprt
711 2865 801 2930 tulis
818 2865 939 2932 domini
956 2864 1076 2950 Regis3
1100 2887 1152 2932 re·

1 2934 2 3002 l
1 2987 93 3039 rum
117 2971 204 3038 sicut
230 2970 313 3038 alias
339 2972 461 3038 eisdem
486 2972 635 3055 diximus,
651 2979 685 3038 ιι
701 2973 835 3038 ctiam
826 2973 1038 3056 rps1iuerant
1053 2974 1150 3058 hujus

1 3054 194 3162 opinionis,
221 3081 315 3146 nobis
340 3082 560 3146 necessarium
593 3079 774 3162 videbatur,
799 3080 887 3164 quod
913 3101 971 3145 nos
996 3081 1151 3147 sciremus

1 3139 3 3235 l
31 3184 131 3252 nudos
117 3235 141 3270 ,
117 3209 242 3272 quos
253 3211 317 3272 ipsi
308 3187 512 3254 volebant
498 3195 609 3254 tenere
624 3210 696 3254 cum
706 3186 869 3272 colligatrs
881 3188 923 3253 ad
933 3187 1150 3254 inducendum

1 3321 3 3415 ι
31 3312 77 3356 eos
93 3296 134 3360 ad
150 3318 284 3380 pacem,
309 3319 348 3362 ac
373 3299 471 3364 etiam
496 3297 589 3364 nobis
615 3297 833 3364 necessarium
859 3294 1039 3366 videbatur
1064 3298 1150 3381 quod

1 3438 2 3470 ι
1 3389 111 3470 nobis
128 3408 359 3490 exprimerent,
374 3429 470 3490 quam
498 3429 611 3491 pacem
628 3408 719 3474 uobis
737 3407 815 3474 dare
831 3407 984 3474 solebant
970 3413 1071 3473 tcum
1088 3407 1149 3474 col·

1 3495 2 3576 i
28 3507 67 3570 liv
49 3514 130 3592 gatis
146 3515 315 3597 predictis,
331 3520 364 3580 et
373 3535 412 3580 eo
423 3515 562 3580 maxime
577 3536 797 3581 uecessamum
807 3521 880 3581 erat
890 3521 1026 3600 propter
1042 3537 1150 3584 exces-

1 3695 2 3702 ,
29 3618 103 3685 siras
119 3627 153 3686 et
169 3642 319 3687 enormes
336 3623 508 3706 petitiones
525 3644 606 3706 quas
617 3622 770 3705 fecerunt,
787 3630 824 3689 ut
840 3624 902 3706 ipsi
919 3623 1075 3690 sciebant.
1092 3623 1149 3691 Ad

1 3717 2 3800 ι
28 3726 56 3792 id
71 3735 181 3796 antem
200 3729 288 3813 quod
304 3730 468 3813 dicebaut,
483 3731 516 3794 in
533 3751 609 3796 casu
627 3751 692 3814 qno
714 3731 861 3816 colligati
877 3731 1003 3797 nollent
1019 3731 1151 3800 condes·

27 3839 155 3904 candere
171 3840 218 3905 ad
230 3840 357 3923 justam
382 3846 414 3905 et
438 3837 663 3905 rationabilem
689 3860 810 3922 pacem,
826 3839 916 3922 quod
933 3845 1028 3906 erant
1042 3842 1151 3925 parati

26 3963 87 4011 esse
103 3954 222 4014 contra
251 3969 306 4014 eos
332 3969 404 4012 cum
430 3969 542 4012 eorum
568 3949 724 4031 potentia,
741 3945 841 4014 donec
856 3947 1091 4014 reducerentur
1107 3949 1151 4015 ad

29 4053 140 4121 dictam
158 4077 293 4139 pacem;
317 4054 469 4139 placebat
494 4055 595 4138 nobis,
620 4055 794 4122 dummodo
810 4055 904 4121 nobis
920 4057 1151 4137 declararetur,

1 4217 2 4236 ι
28 4181 117 4242 qnam
131 4185 246 4248 pacem
265 4162 356 4229 nobis
382 4162 461 4228 dare
482 4163 634 4230 volebant
650 4185 722 4229 curu
738 4162 903 4247 colligatis
918 4163 1083 4246 predictis,
1100 4163 1151 4229 rel

27 4267 163 4336 dicerent
188 4272 284 4339 nobis
309 4278 417 4338 certos
442 4274 600 4338 terminos
624 4271 713 4338 ultra
738 4293 821 4356 quos
842 4272 1074 4355 promitterent
1090 4294 1149 4341 nos

1 4427 2 4432 η
28 4381 153 4458 grarari
171 4401 238 4445 non
256 4379 376 4446 debere
392 4380 425 4446 in
437 4403 518 4465 pace
529 4379 703 4446 tractanda
715 4386 748 4446 et
765 4378 1149 4462 fiendaintercolligatos

1 4475 2 4534 Ῠ
27 4493 55 4550 ιι
70 4508 135 4554 nos.
152 4487 297 4573 Insuper
314 4490 413 4556 etiam
429 4489 663 4574 respondimus,
681 4488 768 4572 quod
784 4508 952 4570 nunquam
963 4486 1150 4554 nosfuimus

27 4617 117 4662 causa
133 4595 274 4664 ducendi
301 4595 423 4664 suctum
440 4599 474 4664 in
489 4598 639 4682 longum3
664 4598 728 4662 imo
745 4617 871 4681 semper·
896 4593 1015 4659 suimus
1031 4595 1150 4682 parati,
