3190 5252
391 337 457 396 462
748 353 1166 408 miraculorum-aunuum.

389 518 498 575 matur
523 513 717 598 immensius,
744 539 809 601 quo
834 521 1083 604 obsequentium
1110 521 1173 586 sibi
1199 519 1315 586 merita
1339 517 1520 600 gratiarum

388 621 597 702 prosequitur
613 623 820 691 exhibitione.
839 625 1012 712 Oondigna
1028 636 1078 694 est
1094 629 1179 694 enim
1189 629 1275 692 inter
1292 628 1366 708 alia,
1382 645 1448 707 que
1465 645 1520 708 per

389 725 529 810 Regiam
546 731 798 798 munificentiam
822 735 1055 818 impenduntur
1077 738 1187 819 gratia
1202 735 1447 814 retributionis;
1470 754 1521 798 ac·

388 839 525 919 ceptior,
541 860 603 921 que
620 845 713 905 tanto
730 843 840 924 potius
858 845 1085 927 recipientium
1101 851 1225 910 mentes
1241 846 1274 908 in
1291 843 1521 926 obsequiorum

386 941 552 1026 impendio
570 952 603 1009 et
618 945 693 1011 fidei
709 948 881 1016 deuotione
898 952 1097 1034 corroborat,
1112 959 1237 1036 quanto
1248 953 1391 1036 ipsorum
1401 950 1520 1015 merita

387 1050 495 1134 dignis
511 1054 674 1140 rependijs
690 1066 923 1142 recompensat.
955 1059 1176 1128 Actendentes
1194 1061 1294 1145 igitur
1311 1065 1344 1123 et
1359 1059 1391 1123 iu
1409 1064 1520 1122 nostre

387 1162 506 1226 mentis
522 1163 668 1229 examine
684 1167 891 1233 reuoluentes
917 1169 1039 1234 sincere
1060 1167 1243 1244 deuotionis
1261 1175 1293 1232 et
1309 1167 1384 1232 fidei
1401 1166 1520 1230 merita

386 1267 533 1334 Nicolosi
558 1269 721 1338 Jobannis
746 1273 874 1360 Vagarj
902 1274 1115 1361 Cubicularij‚
1142 1277 1313 1342 familiaris
1345 1280 1379 1340 et
1409 1273 1517 1339 fidelis

386 1379 491 1442 nostri
507 1379 626 1461 dilecti,
652 1389 747 1466 grata
773 1385 1048 1468 quamplurimum
1074 1386 1164 1452 vtilia
1181 1391 1212 1450 et
1230 1391 1364 1468 accepta
1381 1382 1519 1448 seruitia

385 1507 443 1569 per
469 1508 540 1553 eum
566 1489 739 1558 Maiestati
763 1500 875 1559 nostre
899 1493 1040 1560 fideliter
1066 1495 1204 1578 prestita
1229 1499 1297 1558 tam
1312 1494 1402 1557 intra
1419 1512 1516 1573 quam

383 1601 474 1660 extra
491 1597 650 1682 Regnum,
660 1599 758 1665 nullis
769 1623 906 1684 persone
918 1624 973 1667 sue
985 1602 1147 1686 parcendo
1165 1602 1328 1686 periculis
1343 1599 1513 1665 laboribus

384 1709 418 1768 et
443 1707 601 1787 expensis,
637 1730 741 1790 queue
765 1716 915 1792 prestare
942 1733 1006 1776 non
1033 1711 1160 1790 desinit,
1186 1716 1219 1776 et
1244 1729 1412 1793 speramus
1443 1729 1517 1772 eum

383 1811 519 1877 inantea
544 1812 584 1878 de
610 1814 696 1879 bono
723 1837 848 1900 semper
874 1819 908 1881 in
933 1817 1048 1883 melius
1073 1819 1305 1902 prestiturum;
1328 1838 1366 1880 ex
1393 1815 1515 1898 quibus

382 1917 468 1983 idem
493 1918 667 1988 Nicolcsus
692 1921 884 1988 beneficium
910 1925 1121 2007 gratitudinis
1147 1931 1259 1990 nostre
1284 1927 1465 2007 promeruit
1483 1931 1515 1988 et

382 2049 521 2110 congrue
540 2029 767 2096 retributionis
784 2038 895 2097 nostre
911 2033 974 2098 sibi
990 2035 1132 2116 gratiam
1149 2034 1345 2112 uendicauit,
1361 2039 1393 2095 rt
1411 2031 1514 2116 ipsius

381 2135 646 2219 obsequiositatis
662 2140 862 2223 impendium
880 2141 1012 2226 dignum
1038 2165 1251 2227 agnoscamus
1270 2143 1427 2226 rependio
1443 2163 1514 2225 pre·

381 2244 518 2310 miorum
534 2271 541 2310 :
558 2247 662 2312 eidem
679 2249 834 2314 Nicoloso
852 2270 891 2316 ac
907 2253 974 2316 suis
991 2252 1156 2335 utriusque
1173 2271 1267 2316 sexus
1283 2249 1457 2315 heredibus
1474 2272 1512 2314 er

380 2372 439 2415 suo
466 2375 601 2438 corpore
626 2355 770 2440 legitime
806 2358 1086 2441 descendentibus,
1113 2361 1198 2426 natis
1222 2361 1289 2426 iam
1315 2365 1347 2424 et
1378 2359 1512 2423 inantea

381 2462 564 2544 nascituris,
580 2463 807 2548 inperpetuum
823 2466 956 2532 feudum
983 2468 1071 2550 quod
1087 2468 1206 2534 dicitur
1222 2469 1262 2533 de
1280 2467 1411 2546 Caleno,
1428 2466 1511 2531 alias

378 2569 563 2653 Hospitalis
576 2571 688 2638 Sancti
698 2574 724 2640 J
725 2575 893 2642 ohannisJ
895 2577 1136 2662 erosolomitanj
1149 2602 1156 2659 ;
1173 2599 1212 2641 ao
1221 2575 1354 2641 iuedum
1365 2575 1510 2656 Limata,

380 2677 469 2760 quod
485 2681 567 2745 alias
584 2681 647 2746 fuit
663 2684 826 2765 quondam
853 2682 967 2748 Santie
984 2685 1023 2748 de
1040 2684 1230 2762 Madalon0,
1247 2686 1289 2749 ad
1306 2703 1419 2747 manus
1438 2703 1510 2746 nos·

380 2794 429 2854 tre
448 2785 546 2854 Ourie
562 2811 601 2854 ex
614 2792 710 2875 justis
736 2794 842 2856 causis
868 2791 1015 2875 legitime
1030 2800 1063 2857 at
1079 2793 1320 2859 rationabiliter
1336 2791 1509 2871 deuoluta;

378 2903 411 2961 et
435 2897 566 2963 seudum
594 2898 788 2984 Oasalitellj,
814 2901 901 2983 quod
925 2899 988 2966 fuit
1017 2901 1181 2985 quondam
1212 2901 1331 2967 nobilis
1362 2899 1507 2964 mulieris

378 3003 557 3070 Francisce
583 3006 622 3071 de
648 3003 770 3073 Sancto
795 3008 991 3092 Flamundo,
1016 3010 1058 3074 ad
1076 3031 1191 3074 manus
1207 3016 1317 3074 nostre
1334 3007 1431 3074 Curie
1446 3027 1508 3090 per

378 3113 481 3196 ipsius
506 3114 682 3182 Francisce
709 3115 833 3180 obitum
860 3119 928 3182 sine
953 3118 1108 3202 legitimis
1134 3117 1246 3183 liberis
1262 3117 1454 3192 decedentis,
1471 3123 1507 3180 vt
1593 3111 1594 3116 ’

377 3224 518 3304 ponitur,
528 3224 768 3290 rationabiliter
779 3225 976 3306 deuolutum,
993 3229 1089 3292 situm
1108 3233 1140 3292 et
1155 3228 1298 3310 positum
1314 3227 1348 3290 in
1363 3221 1505 3290 Ciuitate

376 3327 484 3415 Calerj
497 3332 606 3398 eteius
617 3334 822 3420 pertinentijs
833 3333 1055 3414 etDistrict-u;
1080 3333 1240 3418 siquidem
1251 3334 1382 3400 sendum
1393 3336 1500 3417 ipsum

376 3437 560 3527 Oasalitellj
577 3462 637 3526 per
653 3444 754 3526 ipsius
765 3444 941 3510 Francisce
959 3443 1084 3509 obitum
1101 3444 1224 3528 absque
1239 3444 1395 3527 legitimis
1412 3444 1503 3508 here-

376 3546 470 3615 dibus
487 3558 524 3615 ut
540 3552 712 3636 prefertur,
728 3552 782 3618 uel
799 3553 920 3621 exalia
937 3575 1034 3620 causa
1060 3573 1253 3636 quacunque
1276 3553 1318 3618 sit
1333 3554 1376 3618 ad
1390 3573 1504 3620 manus

375 3663 485 3723 nostre
502 3655 599 3722 Ourie
616 3660 859 3727 rationabiliter
876 3661 1075 3743 deuolutum,
1091 3683 1164 3727 cum
1179 3661 1330 3728 omnibus
1346 3660 1502 3742 vassallis,

372 3763 510 3850 juribus,
536 3767 718 3833 rationibus
744 3775 777 3834 et
801 3771 1005 3855 pertinentijs
1031 3772 1097 3837 suis
1123 3771 1281 3853 omnibus,
1298 3793 1335 3836 ac
1352 3769 1408 3836 sub
1428 3789 1502 3834 con·

374 3881 465 3939 sueto
490 3883 523 3940 et
547 3877 690 3959 prestari
710 3877 807 3942 solito
824 3877 946 3943 feudali
962 3879 1098 3944 seruitio
1116 3899 1173 3944 seu
1190 3878 1298 3944 adoha
1314 3885 1386 3959 etc,
1401 3883 1501 3961 prout

373 3990 444 4048 tota
460 3983 564 4050 forma
588 3985 745 4069 scripturn
771 3995 821 4052 est
847 3988 879 4051 in
906 3987 972 4052 alic
988 3993 1147 4070 quaterno
1167 3987 1411 4070 priuilegiomm
1426 4007 1501 4067 pre·

373 4093 473 4156 sentis
490 4093 568 4157 anni
592 4093 704 4176 quinte
728 4095 915 4160 indictionis
936 4116 1036 4178 vsque
1053 4094 1112 4160 sub
1129 4094 1208 4160 data
1223 4095 1364 4180 Neapolj
1381 4115 1436 4178 per
1450 4094 1499 4157 vi·

371 4221 442 4264 rum
460 4201 672 4284 Magnificum
687 4203 876 4269 iohannem
893 4203 932 4268 de
949 4203 1080 4269 Vrsinis
1107 4202 1270 4269 Comitem
1295 4201 1496 4284 Manuppellj

370 4307 589 4389 Logothetam
605 4316 637 4373 et
654 4309 945 4376 Prothonolarium
957 4311 1064 4393 Regni
1080 4312 1184 4376 nostri
1201 4309 1322 4394 Sicilie,
1338 4308 1494 4378 Consilia-

369 4417 463 4500 rimn,
481 4417 704 4482 collateralem
720 4427 867 4484 nostrum
887 4420 1049 4502 dilectum,
1076 4441 1161 4486 anno
1179 4421 1314 4488 Domini
1329 4417 1495 4486 millesimo
