3182 5252
480 327 483 336 <
532 387 534 402 1
579 307 672 370 mse.
1121 299 1182 364 505

66 484 140 544 tura
156 478 398 560 deliberacione,
414 481 611 565 degestoque
626 480 768 562 consilio,
785 501 824 544 ex
839 486 932 546 certa
948 488 1060 546 nostra
1085 481 1184 545 scien-

65 587 123 670 cia,
154 588 287 654 fecimus
318 589 466 655 eumdem
497 590 662 655 dominum
693 591 899 673 Episcopum,
929 589 1183 654 constituivimus

7 761 9 764 .
65 693 147 782 (igy)
157 703 190 762 et
204 697 391 778 creavimus,
407 720 447 763 ac
462 697 610 778 iacimus,
620 697 819 763 instituimus
836 702 869 762 et
884 719 1028 763 creamus
1038 705 1184 762 nostrum

64 825 181 886 renam,
206 811 337 888 certum,
367 791 550 889 legitimum
576 812 609 870 et
634 805 853 871 indubitatum
879 813 1121 888 procuratorem
1147 807 1192 869 ac'

65 909 240 995 syndicum
256 913 439 997 specialem,
454 913 496 980 ad
512 913 717 994 audiendum,
734 914 969 994 ascultandum,
984 919 1016 978 et
1031 915 1187 996 recipien-

64 1019 140 1084 dum
156 1022 374 1105 juramentum
398 1024 440 1088 ab
467 1023 586 1088 Inclito
612 1023 741 1088 dominc
757 1020 904 1088 Antonio
920 1021 1063 1088 Venerio
1087 1023 1187 1101 Duce,

64 1149 103 1193 ac
119 1128 293 1194 Communi
310 1129 462 1196 Civitatis
487 1129 714 1211 Veueciarum,
739 1128 826 1214 quod
841 1128 926 1194 idem
939 1130 1035 1215 juxta
1050 1129 1187 1195 sormam

63 1236 309 1320 composicionis
325 1245 360 1302 et
374 1245 542 1321 pactorum
553 1239 638 1304 inter
649 1238 726 1302 olim
737 1237 985 1304 Serenissimum
1001 1236 1187 1320 Principem

64 1342 230 1409 dominum
246 1344 444 1411 Lodovicum
460 1345 525 1411 Dei
542 1347 654 1430 gracia
669 1345 796 1428 Regem
811 1345 1034 1428 predictorum
1059 1345 1189 1427 Regno·

65 1455 145 1532 rum,
160 1452 346 1536 genitorum
355 1460 389 1517 et
399 1460 581 1520 consortem
592 1459 739 1519 nostrum
749 1455 950 1518 carissimum
959 1452 1062 1518 felicis
1071 1473 1190 1518 memo·

64 1560 109 1624 rie
118 1567 152 1625 et
161 1580 237 1624 suos
247 1581 445 1625 successores
456 1562 498 1627 ab
507 1583 582 1644 una,
591 1567 685 1646 parte
696 1581 771 1626 vero
783 1583 823 1626 ex
833 1559 939 1626 altera
948 1560 1111 1626 dominum
1121 1557 1190 1624 Du·

65 1689 131 1731 cem
148 1674 183 1732 et
200 1664 379 1734 Commune
390 1667 606 1736 Veueciarum
622 1671 778 1736 initorum
794 1675 826 1735 et
835 1675 1085 1748 contractorum,
1094 1673 1191 1752 prout

66 1776 168 1841 series
178 1781 342 1842 certarum
356 1777 541 1843 litterarum
561 1777 601 1842 de
619 1783 652 1842 et
668 1799 762 1860 super
778 1776 837 1842 hoc
854 1777 1072 1843 confectarum
1088 1775 1191 1842 decla·

65 1890 119 1948 rat
133 1891 167 1950 et
177 1885 330 1966 exprimit
345 1887 385 1950 de
401 1884 621 1966 observandis,
632 1883 840 1965 ratificaudis,
851 1893 883 1950 et
897 1884 1120 1970 approbandis
1131 1885 1190 1948 eis-

65 1991 136 2057 dem
147 1993 436 2076 composicionibus
447 2004 480 2059 et
489 1993 593 2077 pactis
605 1993 638 2056 in
648 1992 743 2058 dictis
764 1994 884 2059 litteris
895 1996 1014 2060 seriose
1026 2013 1190 2076 expressa-

67 2100 107 2164 tis
122 2107 269 2184 tempore
286 2104 461 2169 creationis
477 2103 551 2168 novi
567 2101 680 2183 Ducis,
696 2101 816 2168 Nostre
833 2103 1001 2188 Majestati
1023 2102 1131 2167 iacere
1147 2109 1192 2166 te-

67 2215 193 2291 nentur,
210 2215 244 2273 et
258 2210 452 2291 generaliter
469 2217 502 2275 et
518 2211 702 2294 specialiter
719 2212 828 2277 omnia
845 2219 878 2276 et
889 2211 1018 2294 singula
1033 2209 1191 2292 facienda,

8 2351 9 2354 ¹
68 2337 129 2399 que
140 2338 237 2383 verus
248 2323 281 2383 et
297 2317 462 2401 legitimus
479 2325 673 2404 procurator
683 2326 716 2383 et
731 2320 939 2404 negociorum
955 2327 1075 2402 gestor,
1090 2319 1192 2384 acho·

67 2445 118 2490 mo
132 2424 176 2490 ad
187 2423 251 2490 boc
260 2426 444 2509 specialiter
453 2427 630 2511 deputatus
639 2427 746 2492 facere
757 2426 854 2493 debet
870 2433 968 2510 atque
977 2432 1096 2510 potest,
1106 2426 1193 2492 circa

68 2532 243 2599 dumtaxat
265 2535 438 2618 premissa3
464 2543 497 2602 et
522 2517 585 2620 (pue
600 2558 659 2602 nos
684 2535 794 2601 iacere
820 2535 1009 2602 deberemus
1034 2543 1067 2600 et
1082 2555 1191 2619 posse-

68 2661 146 2723 mus,
164 2643 194 2708 si
218 2642 431 2726 personaliter
447 2645 693 2722 interessemus;
718 2645 946 2727 promittentes
961 2663 1017 2708 seu
1034 2641 1195 2726 sponden-

68 2756 116 2814 tes
132 2749 301 2822 bonafide
317 2751 488 2836 etabsquc
506 2753 593 2817 omui
612 2752 695 2834 dolo,
711 2759 828 2834 ratum,
853 2758 984 2836 gratum
1008 2760 1040 2816 et
1065 2751 1193 2818 firmum

68 2863 180 2924 tenere
197 2866 230 2924 et
245 2858 364 2925 babere
380 2882 466 2926 nunc
482 2868 514 2926 et
530 2881 664 2945 semper,
681 2881 744 2943 que
760 2862 831 2944 ipse
856 2860 1005 2926 dominus
1031 2857 1192 2942 Georgius

69 2965 262 3052 Episcopus,
276 2975 469 3050 procurator
485 2976 517 3033 et
533 2968 684 3053 syndicus
699 2979 811 3035 noster
830 2969 988 3052 specialis,
1004 2969 1073 3032 vice
1089 2973 1123 3032 et
1138 2988 1193 3034 no-

68 3075 142 3140 stris
157 3075 344 3144 nominibus
360 3078 554 3162 acceptabit,
570 3060 735 3144 ordinabit
749 3099 788 3143 ac
804 3076 954 3161 disponet
970 3076 1194 3159 iupremissis.

69 3179 113 3247 Et
127 3185 161 3248 in
187 3183 283 3270 hujus
307 3186 355 3250 rei
379 3187 598 3253 testimonium
623 3194 723 3270 atque
752 3184 850 3251 robur
875 3185 1003 3252 evidens
1028 3189 1194 3269 presentes

70 3299 205 3375 propter
220 3291 407 3364 absenciam
423 3295 583 3378 majorum
602 3295 781 3377 sigillorum
798 3300 982 3359 nostrorum
999 3295 1194 3377 appensione

71 3399 252 3482 sigillorum
268 3409 452 3468 nostrorum
470 3410 672 3469 secretorum
683 3403 818 3468 fecimus
844 3402 1043 3468 communiri.
1068 3399 1195 3466 Datum

71 3513 102 3571 et
115 3511 227 3573 actum
243 3506 336 3577 Bude
353 3507 470 3577 XXV.
481 3509 534 3575 die
544 3511 661 3576 mensis
671 3507 799 3594 Aprilis
810 3532 895 3576 auno
912 3509 1045 3575 Domini
1061 3508 1192 3575 millesi-

72 3634 122 3678 mo
137 3617 382 3683 tercentessimo
399 3620 618 3702 octuagesimo
633 3619 745 3684 tercio.
1194 3613 1195 3618 ’

7 3803 9 3808 .
73 3759 106 3820 (Α
121 3761 221 3811 »biber
236 3761 401 3815 Paetorum«
417 3763 506 3818 czbutt
519 3763 655 3814 veleuczei
677 3763 857 3832 allamkdnyv
871 3763 919 3820 IV.
942 3763 1086 3822 kdtetebtll
1107 3768 1148 3813 97.
1165 3763 1194 3830 l.)
