3134 5254
372 345 435 408 312
734 362 969 408 nrruouaezmr
985 341 1152 409 nauticus.

377 525 493 606 bimus,
504 523 621 592 Vestre
638 523 866 589 Dominationi
883 522 1069 588 curabimus
1088 523 1243 589 volociter
1260 523 1419 591 denotare.
1433 523 1488 589 Da

380 638 415 698 ta
431 631 553 698 Mestre
569 631 621 698 dic
637 629 722 698 XX.
739 629 893 698 Octobris
913 633 992 698 hora
1011 654 1228 718 vesperarum.

1133 739 1384 808 Ambasiatorcs
1399 746 1451 806 etc.

501 940 559 1026 50)
584 937 617 1004 A
641 939 873 1004 velenczei
897 937 1102 1023 degenelr
1126 961 1147 1004 a
1170 939 1376 1006 kdvetelr.

486 1064 700 1133 Serenissime
719 1062 858 1130 Domine
874 1069 992 1130 noster.
1023 1063 1134 1131 Hodie
1160 1065 1195 1130 in
1219 1087 1315 1132 mane
1340 1068 1488 1134 ,Iohannes

376 1177 531 1258 Vngarus
547 1172 633 1238 venit
649 1173 774 1238 Mestre
798 1193 858 1256 pro
884 1180 978 1257 parte
1003 1172 1125 1238 domini
1152 1173 1266 1258 Magni
1294 1175 1444 1256 Comitis,
1463 1185 1487 1240 et

379 1283 535 1367 expositis
552 1283 646 1349 nobis
663 1304 722 1367 per
737 1282 844 1365 ipsum
859 1281 971 1347 mrdtis
991 1282 1098 1348 verbis
1123 1305 1182 1365 pro
1209 1287 1304 1366 parte
1331 1285 1426 1367 ipsius
1447 1286 1489 1350 do-

378 1391 458 1456 mini
474 1389 624 1472 Comitis,
641 1389 778 1456 dicendo
795 1389 937 1474 qualiter
953 1389 1039 1455 idem
1060 1389 1205 1456 dominus
1222 1391 1366 1475 Magnus
1391 1392 1487 1458 Comes

379 1501 471 1566 nobis
488 1500 640 1565 mittebat
658 1499 804 1581 dicendo,
821 1499 907 1582 quod
924 1521 983 1583 pre
1009 1499 1095 1565 bono
1112 1506 1145 1565 et
1168 1502 1292 1568 honore
1319 1502 1433 1568 domiui
1449 1502 1488 1567 sui

380 1611 481 1693 Regis
499 1617 530 1674 ct
556 1610 657 1675 ctiam
680 1608 924 1674 Dominationis
951 1607 1070 1676 Vestre
1094 1607 1268 1675 videbatur
1294 1612 1354 1677 sibi
1379 1612 1487 1693 bonum,

379 1721 466 1802 quod
483 1721 661 1785 faceremus
678 1719 742 1784 cito
758 1717 841 1784 illud
858 1717 937 1801 quid
953 1740 1012 1782 nos
1024 1716 1231 1800 debebamus,
1247 1742 1320 1784 cum
1336 1721 1406 1804 alijs
1420 1722 1484 1785 mul-

379 1829 422 1894 tis
438 1829 563 1910 verbis;
588 1836 619 1894 et
634 1828 723 1893 facta
740 1829 802 1893 sibi
819 1827 1029 1910 responsione
1046 1848 1103 1910 per
1120 1850 1190 1911 nos,
1215 1829 1302 1910 quod
1319 1831 1398 1894 sieut
1413 1830 1486 1895 Deus

379 1943 413 2001 et
429 1939 490 2021 ipsi
507 1938 587 2003 bene
605 1939 718 2020 sciunt,
735 1959 800 2020 pax
817 1958 876 2019 pro
902 1935 996 2000 nobis
1012 1957 1076 2000 non
1093 1937 1266 2002 deficiebat
1293 1960 1395 2021 neque
1419 1937 1489 2002 defe-

378 2053 475 2128 cerat,
493 2052 525 2111 ct
541 2046 628 2130 quod
645 2046 701 2111 illa
718 2067 779 2130 quc
796 2045 925 2110 domino
941 2044 1069 2109 Karolo
1087 2051 1119 2109 ct
1134 2043 1324 2112 Beronibus
1339 2047 1437 2112 facere
1447 2046 1491 2110 ob

379 2155 566 2238 tuleramus
578 2160 673 2219 erant
682 2154 773 2234 talia,
784 2154 871 2238 quod
887 2175 1052 2235 nunquam
1062 2153 1170 2218 fuerat
1181 2155 1371 2236 Imperator
1381 2155 1490 2237 aliquia,

379 2265 483 2346 neque
495 2261 589 2346 Papa
600 2286 705 2345 neque
716 2264 801 2328 alius
812 2261 969 2345 Princeps
981 2261 1101 2342 mundi,
1113 2265 1244 2345 quinon
1264 2263 1425 2328 habuisset
1439 2263 1490 2326 sibi

380 2371 420 2435 ad
437 2393 590 2454 maguum
616 2371 772 2436 honorem
797 2393 891 2454 posse
917 2368 1038 2436 habere
1065 2370 1167 2434 multo
1193 2371 1329 2436 minora.
1356 2369 1416 2438 Sed
1438 2370 1489 2452 ipsi

380 2501 443 2543 non
461 2485 556 2544 erent
572 2481 726 2558 contenti,
743 2479 950 2545 ostendentes
966 2479 1053 2563 quod
1071 2501 1134 2544 non
1152 2485 1351 2563 temptarent
1375 2479 1429 2544 nisi
1446 2477 1491 2542 de·

379 2587 591 2652 structionem
602 2587 754 2653 Civitatis
765 2585 997 2666 Venetiarum;
1016 2592 1048 2652 et
1058 2586 1145 2670 quod
1156 2586 1306 2652 dominus
1317 2588 1394 2670 Rex,
1405 2609 1489 2672 qusn-

380 2696 422 2760 do
439 2696 537 2759 sciret
553 2695 633 2758 illud
651 2695 730 2778 quid
748 2717 806 2759 nos
832 2694 1039 2760 volueramus
1065 2693 1172 2759 facere
1198 2696 1245 2759 eis
1271 2717 1332 2779 pro
1358 2697 1424 2779 ipso
1447 2695 1493 2758 do·

380 2806 468 2869 mino
485 2805 586 2888 Rege,
602 2810 635 2868 et
653 2804 739 2886 quod
756 2805 818 2888 ipsi
846 2803 1025 2868 noluissent
1051 2825 1220 2870 remanere
1239 2805 1389 2884 contenti,
1419 2808 1491 2867 esset

380 2911 486 2976 adhuc
503 2913 651 2978 inimicus
668 2933 787 2992 eorum,
815 2912 870 2994 qui
890 2912 1108 2976 turbavissent
1134 2909 1196 2975 hoc
1221 2911 1362 2994 sactum,
1386 2911 1494 2976 conclu·

380 3021 501 3102 dentes
519 3021 605 3103 quod
621 3008 681 3085 boc
699 3020 777 3104 quid
794 3018 991 3098 dicebamus,
1014 3041 1077 3084 uon
1094 3018 1281 3084 dicebamus
1297 3043 1357 3103 pro
1372 3023 1436 3104 ipso
1450 3019 1493 3084 do

381 3129 467 3193 mino
484 3130 608 3212 Magno
627 3128 763 3210 Gemite,
784 3131 858 3211 quia
880 3131 966 3194 clare
992 3127 1180 3193 videbamus
1206 3149 1300 3193 suam
1316 3130 1429 3195 bonam
1444 3128 1495 3193 dis·

381 3238 573 3321 positionem
590 3243 622 3300 ct
639 3237 854 3317 affectionem,
880 3237 920 3301 de
948 3259 1012 3318 qua
1038 3236 1303 3317 regratiabamur
1328 3237 1388 3302 sibi
1411 3257 1495 3319 quan·
1554 3273 1556 3312 :

379 3353 449 3410 tum
465 3349 658 3426 peteremus.
676 3343 822 3410 Tandem
854 3344 959 3410 dictus
983 3343 1154 3410 dohanncs
1188 3344 1283 3410 nobis
1312 3344 1401 3426 disit,
1424 3341 1494 3428 quod

381 3453 541 3518 Dominus
558 3476 634 3518 suus
651 3454 800 3518 dominus
818 3451 935 3519 Oomes
952 3477 1010 3519 uos
1027 3453 1174 3536 rogabat,
1192 3461 1353 3536 quatenus
1368 3454 1494 3538 placeret

381 3561 475 3627 nobis
492 3563 620 3628 mittere
638 3562 698 3627 sibi
716 3563 842 3646 copiam
859 3563 1054 3646 petitionum
1070 3562 1235 3627 factarum
1261 3565 1355 3630 nobis
1381 3585 1434 3647 per
1449 3561 1495 3627 Ja-

381 3692 528 3752 nuenses,
545 3694 604 3754 per
626 3672 792 3737 dominum
810 3672 1038 3737 Patriarcham
1054 3671 1238 3754 Aquilegie,
1264 3679 1296 3737 et
1321 3696 1379 3756 per
1401 3669 1496 3738 Domi·

382 3800 458 3842 uum
476 3777 687 3860 Paduanum;
712 3786 747 3844 ut
763 3782 833 3862 ipse
851 3779 895 3844 ad
924 3780 1165 3844 excusationem
1181 3780 1231 3842 sui
1248 3787 1360 3863 posset
1384 3780 1439 3843 illa
1459 3798 1496 3842 os·

382 3887 522 3951 tendere.
557 3887 612 3952 Ad
644 3909 705 3971 que
732 3888 951 3968 considerate,
978 3887 1065 3970 quod
1089 3886 1262 3952 videbatur
1294 3889 1396 3968 nobis,
1426 3881 1496 3969 quod
1554 3969 1555 3972 Ἴ

383 3992 460 4057 dare
477 3993 538 4059 sibi
554 3995 678 4078 copiam
695 3995 854 4060 dictarum
872 3997 1069 4078 petitionum
1096 4017 1162 4060 non
1187 4002 1299 4078 posset
1316 4017 1385 4061 esse
1399 3998 1431 4060 in
1452 3991 1496 4058 ali·

383 4117 446 4184 quo
464 4103 620 4184 nocivum,
637 4105 693 4169 sed
710 4107 819 4190 potius
833 4107 1057 4190 jurant-irum
1083 4105 1195 4172 habito
1208 4113 1359 4190 respectu
1375 4107 1416 4171 ad
1428 4119 1495 4180 meg·

382 4231 457 4273 nam
483 4211 723 4278 inhonestatem
749 4215 944 4297 petitionum
973 4214 1128 4298 ipsarum,
1162 4213 1411 4279 deliberarinms
1435 4212 1495 4274 dam

382 4317 441 4382 sibi
459 4321 585 4402 copiam
600 4321 713 4404 ipsam,
730 4344 827 4405 quam
853 4321 995 4404 petebat.
1032 4321 1077 4385 Et
1102 4322 1150 4386 ita
1174 4321 1402 4405 respondimus
1426 4321 1494 4384 dicto

380 4425 536 4507 debeam,
548 4428 636 4509 quod
647 4429 734 4511 ipsas
745 4429 919 4512 petitiones
935 4429 1116 4493 faceremus
1133 4431 1267 4512 copiari,
1284 4439 1316 4495 ct
1335 4453 1408 4496 oras
1425 4431 1493 4513 pote·

383 4540 435 4600 rat
453 4535 560 4600 venire
570 4557 629 4623 pro
641 4538 695 4620 eis,
713 4545 744 4604 et
756 4537 909 4606 daremus
924 4539 984 4605 sibi
996 4537 1088 4622 illae,
1106 4544 1136 4604 ct
1149 4539 1199 4604 ite-
1210 4537 1374 4606 faciemus.
1386 4536 1493 4607 adino
