3134 5254
558 339 652 398 1379.
1104 341 1166 401 ‘lfi‘i

62 520 115 580 tan
129 514 224 588 nichil
240 515 281 581 de
299 517 460 581 contentis
478 517 508 579 in
525 514 617 598 quasi
635 513 783 580 omnibus
801 514 874 598 alijs
892 515 1042 599 capitulis
1058 523 1169 598 petere

60 630 171 705 poterat
188 625 256 708 ipse
272 625 434 692 Dominus
459 622 590 706 Padue;
614 629 732 705 tamen,
749 629 785 688 ut
801 623 948 690 viderent
972 623 1089 690 bonam
1106 626 1170 692 dis-

7 763 9 852 ,
60 733 245 816 positionem,
262 754 362 818 quam
386 732 589 798 habebamus
614 733 656 797 ad
681 752 793 814 pacem
810 738 945 816 propter
965 733 1120 799 honorem
1137 742 1169 798 et

7 853 10 964 p
59 842 256 906 reuerentiam
271 840 420 922 Regiam,
444 841 552 924 parati
571 859 700 904 eramus
711 837 966 905 condescendere
984 841 1027 906 ad
1043 841 1169 925 aliquas

7 967 9 1032 p
59 946 299 1014 modificationes
316 970 375 1031 per
390 968 446 1013 eos
461 947 576 1028 iactae,
594 953 628 1012 et
643 947 770 1031 aliquas
780 971 852 1014 cum
862 952 1045 1016 reverentia
1062 972 1171 1034 repro-

7 1141 9 1152 ,
58 1055 124 1121 bare
140 1078 210 1122 cum
228 1057 337 1122 causis
364 1055 615 1122 rationabilibus
631 1061 663 1120 et
679 1055 831 1138 honestis,
847 1062 881 1122 et
896 1077 959 1140 que
975 1079 1034 1140 per
1049 1079 1104 1123 eos
1120 1081 1171 1125 ra·

58 1163 245 1230 tionabiliter
276 1164 452 1249 approbari
484 1163 648 1242 deberent,
682 1184 754 1226 curn
786 1165 1021 1246 protestatione
1053 1173 1171 1250 tamen,

57 1272 131 1354 qnod
155 1273 279 1357 absque
304 1272 461 1338 mandato
486 1272 728 1338 Dominationis
754 1272 873 1340 Vestre
899 1295 994 1358 super
1019 1274 1171 1358 predictis

58 1381 144 1446 nichil
158 1381 342 1466 approbare
367 1403 422 1447 seu
448 1380 640 1446 confirmare
659 1387 854 1464 poteramus.
881 1382 926 1448 Et
942 1383 1046 1472 primo
1063 1386 1106 1450 ad
1123 1407 1171 1450 re·

7 1473 9 1556 l
57 1489 273 1559 formationem
290 1514 402 1559 eorum
419 1513 515 1575 snper
532 1491 637 1574 primo
647 1491 792 1573 capitulo
810 1492 971 1576 depactis
988 1499 1021 1560 et
1037 1515 1171 1560 conven-

7 1645 10 1720 ,
58 1601 204 1682 tionibus3
230 1624 292 1686 que
309 1601 498 1668 reformatio
515 1602 548 1664 in
565 1599 681 1666 efi'eotu
699 1599 788 1680 dicit,
805 1601 892 1684 quod
908 1603 1018 1668 omnia
1034 1604 1066 1668 in
1084 1603 1172 1668 dicto

7 1721 9 1820 p
58 1709 149 1790 primo
165 1710 309 1793 capitulo
335 1715 488 1776 contenta
514 1709 579 1774 sint
596 1715 632 1773 nt
648 1683 739 1791 priuh
759 1716 853 1774 erant
869 1731 972 1794 usque
989 1713 1172 1795 captionem

7 1881 9 1908 ,
59 1813 224 1908 'chrodep
257 1817 490 1902 respondimus
506 1817 591 1900 quod
617 1817 693 1882 lieet
719 1815 870 1882 obstante
885 1839 965 1902 pace
981 1820 1099 1887 ultima
1112 1819 1173 1886 hoc

7 1927 9 2014 p
58 1932 156 2006 petere
181 1947 244 1992 non
270 1932 382 2012 posset
406 1926 566 1991 Dominus
592 1923 723 2008 Padus,
748 1932 858 1991 tamen
886 1926 958 2010 ipsa
974 1927 1172 1995 modificatio

58 2040 178 2118 propter
196 2036 410 2100 reverentiam
426 2032 574 2118 Regiani,
591 2039 624 2097 et
640 2042 676 2098 ut
693 2033 840 2100 riderent
855 2034 974 2102 bonam
990 2035 1174 2121 dispositio·

58 2163 120 2208 nem
144 2151 298 2226 nostram,
331 2145 411 2210 satis
444 2144 536 2208 nobis
567 2142 737 2226 placebat3
761 2145 788 2209 si
814 2151 923 2209 tamen
954 2147 1174 2230 approbarent

58 2249 130 2315 alias
144 2260 273 2318 nostras
290 2250 554 2331 modificationes,
580 2273 662 2336 quas
681 2250 861 2317 faceremus
878 2251 1173 2320 modificationibus

59 2361 116 2424 suis
139 2361 170 2425 in
195 2361 272 2446 alijs
297 2361 450 2445 capitulis
476 2360 580 2426 factis.
607 2360 705 2426 Circa
730 2367 838 2426 autem
863 2361 1125 2427 reformationem
1142 2370 1174 2428 et

7 2543 9 2566 ,
58 2467 317 2535 modificationem
334 2492 425 2535 suam
443 2471 576 2535 secundi
593 2469 728 2552 capituli
746 2491 809 2552 que
825 2471 947 2554 incipit.
966 2470 1043 2538 »Ad
1062 2493 1174 2538 secun·

58 2574 125 2642 dum
147 2577 322 2662 capitulum
351 2583 416 2644 sint
441 2581 571 2644 termini
597 2585 689 2659 etc«,
704 2579 951 2662 respondimus:
980 2579 1067 2663 quod
1097 2588 1174 2648 ante

7 2671 9 2748 l
59 2689 227 2772 captionem
244 2685 411 2773 Vopvode,
427 2687 503 2752 dnm
521 2694 607 2754 esset
623 2689 750 2771 questio
773 2687 944 2754 confinium
961 2690 1048 2755 inter
1065 2710 1124 2756 nos
1141 2695 1172 2754 et

7 2775 11 2888 l
61 2793 222 2862 Dominum
252 2795 373 2877 Padue,
400 2795 589 2862 devenimus
614 2796 656 2861 ad
682 2795 898 2879 concordium,
924 2798 1012 2879 quod
1037 2819 1057 2862 a
1081 2806 1174 2882 parte

7 2891 9 2932 ¹
61 2899 161 2970 Saueti
176 2904 299 2991 Ylarij,
322 2911 352 2969 et
381 2927 401 2970 a
425 2909 518 2986 parte
535 2903 661 2986 t'lngie,
681 2903 837 2976 deberent
852 2925 922 2970 esse
938 2906 1018 2970 certi
1034 2906 1176 2972 confines

59 3009 183 3079 indicto
200 3011 375 3079 concordio
391 3010 567 3091 nominati;
592 3017 625 3076 et
641 3011 728 3094 quod
745 3033 847 3094 usque
864 3011 906 3077 ad
922 3020 1051 3078 centum
1070 3036 1174 3080 annos

60 3141 108 3202 per
126 3130 272 3188 neutram
298 3121 442 3204 partium
469 3141 565 3204 super
591 3119 686 3184 dictis
704 3118 882 3184 confinibus
900 3122 1025 3202 questio
1050 3124 1172 3188 moveri

60 3237 163 3312 posset,
178 3231 224 3296 ita
241 3231 330 3314 quod
346 3229 519 3295 secundum
546 3228 821 3294 modificationem
838 3249 949 3295 eorum
966 3230 999 3294 in
1019 3231 1106 3295 dicto
1124 3253 1175 3296 en·

60 3339 151 3418 pitulo
166 3339 288 3406 factam
305 3339 477 3421 videretur,
495 3335 583 3420 quod
600 3339 682 3403 stari
697 3337 829 3404 deberet
839 3337 1011 3403 concordio
1021 3337 1175 3422 predicto.

60 3445 99 3511 Et
112 3449 236 3514 tennini
263 3448 426 3532 eoncordij
445 3447 606 3512 dictorum
623 3445 795 3512 confinium
811 3453 904 3512 erant
920 3447 968 3512 ita
983 3447 1072 3529 clari,
1088 3447 1175 3531 quod

7 3617 11 3640 ,
61 3575 115 3621 non
130 3565 197 3623 erat
215 3577 352 3636 necesse,
371 3556 459 3639 quod
475 3577 533 3641 per
550 3555 694 3621 homines
710 3554 812 3638 Regis
829 3556 1088 3638 poneretur3sed
1099 3557 1177 3639 quin

7 3643 9 3752 l
67 3663 92 3726 in
108 3665 187 3732 dicto
204 3664 379 3732 concordio
397 3665 436 3730 de
453 3663 631 3730 confinibus
651 3662 829 3728 Taruisane
846 3684 917 3728 cum
931 3663 1091 3730 Paduano
1102 3665 1177 3730 Dis·

7 3787 9 3850 p
66 3773 151 3839 hictu
169 3774 267 3840 nichil
294 3779 367 3840 erat
391 3773 522 3855 dictum,
549 3778 684 3856 propter
708 3772 924 3837 reverentiam
940 3771 1081 3856 Regiam
1098 3775 1176 3840 satis

7 3861 9 3952 ξ
65 3879 144 3945 nohis
159 3883 331 3948 honestum
348 3881 519 3948 ridebatur
535 3880 800 3963 condescendere,
817 3880 843 3942 si
860 3878 1005 3964 placeret
1021 3880 1174 3948 Donrina

7 3983 9 4048 ἰ
63 3987 130 4054 tioni
154 3991 279 4071 Vestra,
306 3988 394 4074 quod
419 3989 629 4075 elligerentur
654 3989 717 4054 duo
735 4009 795 4072 pro
815 3995 908 4072 parte
924 3996 1047 4073 nostra,
1063 3996 1096 4055 et
1113 3991 1177 4056 dno

7 4095 9 4162 l
67 4114 114 4175 pro
130 4107 221 4181 parte
236 4099 369 4164 Domini
386 4097 509 4183 Padue,
534 4099 590 4182 qui
611 4097 773 4162 haberent
790 4116 886 4180 super
902 4097 981 4180 ipsis
998 4097 1177 4164 confinibus

7 4237 8 4296 j
64 4203 202 4286 julieare.
219 4207 325 4292 Super
341 4207 582 4274 modificatione
599 4206 692 4289 tercij
710 4204 849 4288 capituli
866 4227 949 4288 vero,
966 4227 1029 4289 que
1045 4206 1177 4290 incipit:

7 4311 8 4384 Ϊ
70 4311 179 4398 »Super
203 4319 305 4384 tercio
336 4316 483 4402 capitulo
514 4316 701 4382 observetur
734 4317 817 4381 siout
842 4315 1077 4381 observabatur
1102 4322 1178 4381 ante

7 4463 9 4518 ἰ
68 4423 233 4503 captionem
249 4427 432 4510 prefatam«
451 4433 525 4506 eto.;
548 4424 773 4509 respondimus
789 4425 954 4508 premissis
972 4424 1178 4508 supradietis,

7 4519 9 4540 '
67 4530 141 4608 quod
156 4541 286 4618 propter
300 4535 515 4600 reverentiam
544 4533 682 4614 Regiam
712 4539 772 4598 ete.
795 4537 875 4599 satis
899 4535 992 4601 nohis
1008 4534 1179 4598 honestum
