3172 5254
392 353 456 416 154
742 375 975 420 uranonnczmr
991 362 1159 420 nuutnnn.

393 566 670 579 -----
684 533 836 600 Johanne
854 575 896 582 -—
915 571 954 580 -
975 572 1016 579 -
1032 573 1074 580 -
1093 568 1145 612 -η
1163 534 1287 600 ciuibus
1305 534 1513 619 Lemburgen·

393 642 492 723 sibus,
507 647 540 707 et
556 642 686 708 domino
703 645 842 712 Nicolao
860 650 970 714 nostro
987 641 1203 724 Cancellario,
1220 646 1276 728 qui
1287 645 1450 729 presentia
1465 645 1513 709 ha-

393 751 463 817 buit
479 753 512 816 in
530 752 709 834 commisso,
725 758 758 817 et
774 754 846 818 aliis
862 753 973 818 multis
991 753 1112 817 nostris
1127 750 1276 818 fidelibus
1293 751 1470 836 fidedignia

930 861 1068 926 Lectum
1085 883 1142 944 per
1158 857 1335 926 Albertum
1348 860 1386 926 de
1396 860 1510 926 Ziehh'n

923 968 1030 1052 Regni
1048 968 1185 1033 Polonie
1204 967 1510 1033 Vicecancellarium

391 1115 530 1176 (Eredetie
544 1115 715 1179 berhatrtyan
730 1115 830 1164 Ltszlo
844 1116 1018 1180 herozegnek
1032 1114 1189 1163 u'iirds-ztild
1203 1113 1422 1177 aelyemsiuoron
1434 1115 1509 1178 ftiggd

586 1205 704 1269 peoadtje
719 1207 798 1265 elam,
815 1205 952 1267 Leuiberg
967 1205 1104 1253 varosnak
1117 1203 1330 1262 levettaraban.)

930 1494 1002 1556 132.

399 1655 418 1714 Ι.
440 1655 539 1738 Lojoa
555 1679 698 1741 mrryyur
718 1658 749 1718 e'n
766 1656 887 1740 lenqyel
905 1655 1088 1740 kirdlynak
1105 1654 1210 1720 kdoete
1230 1655 1404 1719 Romdbon.
1430 1655 1512 1718 1377.

502 1817 601 1881 Anno
613 1813 926 1880 MCOCLXXVII.
937 1815 1112 1879 indictione
1125 1812 1203 1880 XV.
1220 1815 1272 1880 die
1289 1815 1368 1882 XV.
1384 1817 1509 1882 Nouem-

394 1924 469 1988 brin.
494 1921 552 1987 Ca
564 1946 583 2005 p
595 1931 608 1987 t
618 1940 655 1986 a:
679 1921 775 2003 Quod
790 1923 914 2005 lignum
941 1923 1057 2004 riperie
1074 1922 1235 2002 tiamne,
1252 1923 1339 2006 quod
1357 1930 1405 1988 est
1420 1921 1467 1986 hic
1482 1925 1510 1982 et

394 2038 546 2116 paratum
562 2028 606 2094 ad
622 2052 791 2110 recessum,
808 2031 908 2112 possit
936 2029 1046 2094 leuare
1059 2014 1160 2094 'vnum
1179 2029 1445 2096 Ambaxiatorenr
1464 2029 1513 2092 do-

395 2140 473 2206 mini
489 2139 591 2221 Regis
608 2138 790 2222 Hungarie,
807 2141 863 2220 qui
880 2138 978 2203 rediit
989 2139 1029 2203 de
1043 2139 1158 2220 Roma,
1169 2146 1201 2204 et
1219 2139 1286 2204 vult
1303 2140 1352 2204 ira
1370 2138 1509 2222 Segniam

396 2268 454 2330 pro
470 2245 634 2310 redeundo
649 2249 681 2311 in
699 2245 914 2328 Hungariam.
925 2243 999 2330 Quo
1016 2245 1163 2330 deposito
1178 2250 1210 2311 in
1228 2246 1352 2330 Segnia
1370 2245 1461 2312 vadat
1475 2242 1511 2308 ad

396 2353 577 2420 custodiam
594 2375 684 2418 enam
698 2353 827 2436 riperie.

475 2498 488 2562 s
487 2501 510 2549 Α
526 2500 633 2549 »Mirati«
650 2498 740 2548 ezimd
752 2501 891 2550 velenezei
905 2499 1133 2564 allanrkdnyvbffl
1144 2501 1271 2550 XXXVI.
1288 2499 1346 2550 not.
1363 2505 1403 2548 al.
1417 2501 1443 2557 l.)

934 2793 1005 2852 133.

576 2951 604 3015 A
625 2953 808 3037 raquzaiole
826 2953 1022 3036 dajotdzdac
1042 2953 1221 3037 Cypruadu.
1252 2953 1344 3014 1377.

506 3113 605 3175 Anno
632 3105 947 3176 MCOCLXXVII.
977 3111 1151 3176 indictione
1179 3111 1258 3178 XV.
1276 3111 1328 3174 die
1346 3109 1444 3175 XIX.
1459 3107 1516 3173 No

399 3217 547 3283 vembrie.
573 3217 737 3302 Capta:
757 3217 839 3284 Cum
866 3218 982 3282 nobilia
1010 3220 1058 3282 vir
1084 3241 1135 3282 ser
1151 3219 1347 3285 Fredericus
1374 3215 1517 3283 t'ornario

400 3323 513 3390 Sancti
539 3327 628 3391 Luce
654 3328 734 3390 cinis
759 3336 871 3391 noster·
902 3328 1087 3410 exposuerit
1114 3327 1286 3406 Dominio;
1312 3327 1408 3410 quod,
1433 3329 1517 3408 prout

400 3433 461 3498 suit
487 3435 547 3500 sibi
575 3435 776 3500 notificatum
804 3436 843 3500 de
869 3434 974 3516 Rode,
1000 3435 1049 3500 illi
1067 3438 1122 3517 qui
1139 3442 1214 3500 uuirt
1230 3457 1290 3518 pro
1309 3457 1346 3499 eo
1364 3437 1396 3498 iu
1413 3435 1512 3514 Cypro

400 3551 576 3613 onerarunt
608 3547 748 3628 aliquem
781 3567 872 3609 sunm
904 3546 1070 3628 puluerem
1096 3544 1225 3609 zuchuri
1258 3565 1356 3626 super
1389 3539 1514 3625 «lundam

400 3652 532 3732 nauigio
559 3653 791 3735 Raguseorum,
812 3655 892 3717 etin
910 3653 1004 3717 Rodo
1031 3651 1264 3734 expectabatur
1283 3652 1388 3716 dictus
1413 3650 1518 3734 puluia

401 3761 478 3843 quia
506 3769 576 3824 erat
602 3760 645 3826 ibi
663 3761 802 3844 (predam
829 3761 929 3826 cocha
955 3759 1249 3842 Anconitanorum,
1266 3766 1298 3824 et
1315 3759 1514 3824 intendebant

402 3890 586 3954 procurare,
606 3869 694 3952 quod
720 3870 770 3933 rel
788 3891 859 3933 cum
877 3869 965 3934 dicta
983 3869 1091 3945 coelia,
1109 3869 1159 3932 rol
1177 3865 1308 3949 quando
1330 3867 1439 3932 melius
1454 3863 1515 3928 fieri

402 3999 466 4042 non
483 3985 599 4062 posset,
617 4001 687 4042 cum
706 3978 793 4042 dieto
809 3979 941 4060 nauigio
967 3977 1193 4058 Raguseorum
1210 3974 1317 4040 dietus
1334 3975 1438 4060 polius
1454 3993 1519 4038 con·

402 4084 572 4150 duceretur·
588 4088 620 4150 in
637 4087 771 4151 latriam
788 4088 848 4151 etb.
867 4084 902 4170 (a
918 4083 1122 4150 kenelemnek
1138 4085 1213 4167 hely
1229 4083 1369 4169 adatik.)

475 4233 510 4291 (A
526 4233 635 4282 ›misti‹
651 4231 740 4282 eninm
754 4233 892 4282 velenezei
908 4232 1133 4294 aliamktinyvbol
1147 4229 1277 4279 XXXVI.
1292 4230 1352 4279 kun.
1368 4233 1409 4278 81.
1424 4230 1449 4286 Ι.)
