3182 5252
624 371 720 443 leel.
1169 374 1232 438 541

95 547 373 621 Ambcxiatorem
398 554 441 622 ad
467 553 647 622 Commune
671 554 819 638 Regusii
845 550 1064 618 considerato
1089 551 1233 620 eiusdem

24 669 32 684 '
97 656 241 728 Comitis
258 658 596 748 Virtutumamore);
620 661 835 729 consideratis
853 659 955 726 eciam
967 659 1061 725 nouis
1077 665 1110 726 et
1125 659 1235 727 eondi-

94 769 242 836 tionibus
257 771 418 856 temporis
433 771 598 857 presentis
625 769 774 838 omnibus
791 770 871 837 sctis
886 769 981 852 notis,
996 768 1096 835 etism
1110 789 1171 855 pro
1187 791 1235 836 se·

93 880 237 945 ceusu
253 885 286 946 et
301 880 390 946 bono
407 885 523 946 nostro
540 886 573 945 et
588 878 795 963 nauigiorum
823 883 1009 945 nostrorum
1029 875 1233 961 (Dominium

93 987 238 1053 assentit
263 988 332 1055 eius
357 987 521 1073 petitioni,
547 1009 586 1055 ae
611 987 704 1074 eligit
729 997 762 1054 ct
776 986 881 1053 mittit
897 1007 948 1052 ser
964 985 1175 1054 Franciscum
1191 985 1233 1054 ‹le

92 1091 226 1160 Melino
243 1093 286 1160 ed
302 1092 487 1161 Commune
503 1093 644 1178 Rugusii
659 1115 754 1160 suum
770 1091 1068 1178 Ambaxiatorem.)

142 1237 179 1301 (s
196 1237 308 1289 »msc«
325 1239 419 1292 earnm
433 1221 819 1306 verenezer'suamronyvuu
831 1237 992 1290 xxxvnu
1005 1240 1063 1289 ier.
1079 1241 1139 1288 rer.
1154 1239 1185 1302 ι.)

589 1403 748 1413 --φ

94 1691 361 1780 Mayyaromdy
376 1690 633 1790 rechercekeeitce
653 1689 861 1773 Vamczoeel,
878 1713 900 1754 o
916 1689 1069 1756 velenczei
1085 1695 1228 1756 edmero·

462 1798 610 1885 beluosus
625 1799 756 1864 weriot.
781 1799 877 1864 1384.

206 1957 306 2026 Anno
321 1955 681 2026 MOOOLXXXIIII
698 1959 750 2024 die
765 1955 920 2028 XXVII.
936 1956 1090 2043 Augusti.

316 2067 432 2154 Quoad
450 2089 586 2136 ramum.

205 2176 272 2264 (De
287 2177 375 2242 omni
401 2197 493 2244 remo
520 2176 679 2245 Venutius
704 2179 774 2241 turn
791 2196 811 2241 a
826 2176 911 2240 meri
936 2195 1035 2260 quam
1050 2182 1142 2243 terra
1156 2197 1231 2242 con·

92 2286 197 2352 ducto
226 2285 368 2369 vectigal
393 2285 606 2351 constituitur
633 2283 778 2367 quinque
802 2304 863 2368 pro
889 2284 1079 2350 centenario
1110 2284 1151 2350 de
1183 2305 1231 2384 eo²

10 2449 12 2454 .
92 2392 185 2479 quod
201 2393 325 2460 valebit
349 2393 401 2459 vel
425 2415 490 2478 quo
515 2392 683 2458 vendetur.
705 2389 823 2476 Quoad
837 2413 965 2458 ramum
980 2392 1110 2460 luxiuee
1126 2411 1228 2460 novae

92 2504 162 2568 sire
178 2501 220 2567 de
236 2500 349 2585 Xolio,
366 2502 455 2586 quod
471 2501 663 2569 affinabitur
678 2501 711 2565 in
726 2507 802 2584 gete
818 2521 838 2566 e
853 2500 1112 2585 vigintiquatuor
1137 2501 1230 2567 libris

95 2611 141 2676 ad
158 2630 302 2695 grossos,
318 2611 452 2694 ponitur
468 2611 512 2676 ad
526 2609 741 2695 uigintiunam
755 2608 857 2674 libras
872 2607 916 2674 ed
930 2608 1087 2694 grossos.)

206 2825 260 2894 De
275 2829 402 2896 romine
427 2849 504 2894 vero
529 2827 664 2893 affineto
689 2831 783 2892 extre
799 2824 962 2895 Venecias
978 2828 1138 2894 existente
1153 2825 1231 2894 fino-

92 2939 144 3004 cie
161 2937 260 3020 illius,
276 2935 362 3021 quod
379 2935 423 3004 ed
438 2957 574 3021 presens
591 2941 641 3001 est
658 2934 701 3000 ad
717 2940 828 3020 gotum
853 2934 1025 3003 affinatum
1041 2937 1075 3002 in
1091 2938 1229 3022 Hungu-

90 3047 145 3111 ria
161 3083 206 3096 -
233 3081 277 3092 -
302 3079 346 3092 -
376 3083 413 3093 -
433 3045 466 3110 in
482 3048 587 3111 totum
609 3043 729 3109 habeut
745 3040 838 3110 illem
854 3043 1075 3110 condicionem
1091 3047 1176 3112 rami
1190 3044 1231 3112 (le

90 3151 210 3218 fuxine
226 3154 293 3219 sive
309 3154 350 3222 de
366 3152 468 3218 Xolio
485 3151 548 3219 stb.

204 3259 347 3326 Remum
364 3259 533 3326 alfinetum
549 3260 583 3324 in
600 3260 778 3345 Hungaria
794 3267 828 3326 et
843 3261 878 3326 in
894 3261 962 3327 illis
978 3261 1130 3346 partibus
1146 3262 1227 3327 exis·

91 3378 171 3438 tens
187 3370 231 3436 ad
246 3369 382 3438 finezam
399 3371 532 3437 solitam
547 3369 666 3437 debeat
681 3372 784 3453 recipi
802 3372 835 3436 in
851 3377 966 3437 nostro
982 3377 1058 3454 geto
1071 3370 1228 3438 soluendo

93 3479 135 3544 de
153 3478 334 3545 alfinuture
359 3485 393 3545 et
418 3478 459 3544 de
483 3479 555 3544 calo
582 3480 615 3544 in
641 3485 749 3545 totum
766 3477 902 3544 ducatos
917 3486 991 3546 octo
1006 3500 1067 3564 pro
1083 3478 1231 3564 quolibet

92 3588 233 3655 milliari
261 3586 455 3655 officialibus
482 3588 550 3671 goti
576 3593 609 3653 et
634 3587 753 3654 debeat
767 3588 899 3654 restitui
914 3589 1159 3670 mercatoribus,
1174 3589 1230 3673 qui

91 3702 218 3781 ponent
249 3696 283 3759 in
313 3701 390 3778 geto
421 3696 561 3761 milliare
587 3716 648 3779 pro
674 3693 816 3763 milliari.
848 3695 1106 3780 (Mercatoribus
1131 3695 1230 3761 liceat

92 3807 195 3871 etiam
212 3810 305 3870 extre
321 3811 431 3886 getum
447 3825 586 3888 servare,
603 3804 659 3870 sed
676 3824 753 3888 erga
764 3803 890 3870 datium
902 3807 1003 3872 trium
1018 3803 1228 3870 denariorum

94 3936 157 3999 pro
173 3913 334 4000 milliari.)

128 4060 166 4124 (Δ
182 4059 292 4109 »mnu«
308 4059 398 4110 ocimu
412 4060 550 4112 velenozei
564 4059 830 4125 Illemktinyvelrbttl
843 4060 1003 4113 XXXVIII.
1018 4062 1075 4112 hot.
1090 4063 1150 4111 80³.
1163 4059 1194 4122 l.)

586 4327 744 4344 mna-u*
