3226 5258
581 457 676 520 1372.
1146 462 1186 524 27

93 634 227 700 etdatum
252 634 285 698 iu
311 631 446 696 Czclrow
472 634 634 698 dominica
660 635 712 700 die
739 637 886 718 proxima
905 645 977 720 post
995 636 1079 702 diem
1097 637 1190 702 Beati

15 807 16 816 ,
91 741 182 807 Alexii
198 763 278 807 anno
294 742 426 806 Domini
444 739 686 807 MCOOLXX.
708 745 858 808 secundo
876 744 1084 810 Presentibus
1102 746 1191 810 nobi-

15 897 16 900 *
91 849 160 916 libus
183 851 254 914 siris
276 849 415 914 dominis
432 849 584 914 dohanne
601 848 799 931 Oastellanc,
816 853 955 918 Nicolao
972 853 997 918 J
999 852 1093 917 udice
1110 850 1191 918 Ora-

91 959 267 1023 couiensibus
284 959 453 1041 Raphaelc
464 956 648 1041 Vislicensi,
660 957 827 1044 Raphaelc
838 962 1054 1027 Zarnouiensi
1066 960 1192 1026 Castel-

15 1145 17 1150 ,
90 1064 165 1143 lanis,
178 1072 205 1130 et
221 1068 294 1131 aliis
311 1064 493 1147 fidedignis.

91 1212 206 1272 [Eredetie
219 1212 400 1276 bdrlrcirtyain,
416 1229 433 1262 a
445 1214 629 1278 kiralyne'nalr
653 1217 739 1281 tuggo
758 1217 877 1283 pecsetje
890 1219 969 1280 alutt,
983 1217 1096 1266 Krakkb
1111 1217 1193 1266 vetros

520 1307 730 1372 leveltarctban.)

603 1621 655 1680 26.

89 1772 131 1834 ll.
152 1772 279 1862 Geryely
295 1782 384 1862 pu'pa
401 1803 421 1841 c
439 1779 497 1842 IV.
525 1779 648 1864 Ka'roly
672 1783 803 1842 csdszctr
829 1805 843 1842 s
868 1780 897 1841 Ι.
927 1777 1024 1862 [κύσε
1050 1799 1192 1863 rnnqyar

15 1901 17 1910 ¹
175 1887 202 1947 eir
218 1885 341 1971 lenpyel
357 1885 471 1971 lcirctly
487 1885 571 1950 brari
587 1885 753 1950 lcibc'lcr'tlc'a
770 1887 961 1972 tetrqydban.
988 1887 1082 1949 1372.

15 2121 16 2126 γ
174 2041 351 2126 Gregorius
362 2044 544 2128 Episcopus
561 2051 621 2110 etc.
640 2045 817 2110 venerabili
836 2045 930 2110 fratri
947 2043 1093 2112 Jchanni
1111 2044 1190 2109 Pat

15 2145 17 2198 ἱ
87 2147 193 2216 riarche
218 2147 441 2217 Alexandrino
466 2149 660 2234 Apostolice
685 2151 779 2218 Sedis
805 2151 943 2234 Nuncio,
970 2152 1115 2232 salntem,
1132 2159 1192 2216 etc.

87 2253 223 2322 Lelanter
237 2257 429 2339 audivimus
454 2259 543 2342 quod
558 2260 716 2326 carissimi
733 2260 766 2322 in
784 2257 917 2324 Christo
933 2259 992 2324 lilii
1009 2261 1112 2324 nostri
1129 2258 1193 2324 Oa·

15 2349 16 2352 ¹
87 2365 158 2429 rolus
171 2368 354 2450 Imperator
369 2365 593 2430 Romanorum
611 2364 746 2449 Semper
766 2365 938 2450 Augustus
955 2375 988 2431 et
1003 2365 1193 2432 Ludoricus

15 2459 17 2474 ’
87 2471 143 2538 Rex
157 2471 298 2557 Vngarie
308 2473 456 2555 illustris,
468 2496 506 2538 ac
521 2473 666 2539 nonnulli
676 2474 897 2540 Ecclesiarum
907 2470 1042 2553 Prolati,
1056 2481 1089 2537 et
1100 2472 1194 2538 Prin·

15 2647 18 2676 ι
86 2580 155 2663 cipes
165 2583 331 2664 seculares,
343 2580 744 2664 acMaguatesAlamanie
756 2583 798 2647 ad
809 2581 1034 2666 complendum
1046 2582 1193 2664 quedam,

16 2741 17 2750 2
87 2707 136 2770 que
150 2711 168 2754 a
183 2691 353 2756 concordia
363 2688 482 2755 dudum
495 2689 584 2754 facta
600 2690 687 2753 iuter
698 2687 936 2772 Imperatorem
947 2695 979 2754 et
988 2687 1112 2773 Regem
1122 2711 1194 2772 prc-

15 2845 16 2850 ,
85 2792 165 2877 latos,
180 2817 352 2880 eorumque
369 2794 540 2879 colligatos
557 2803 590 2861 et
606 2796 758 2861 salitores
770 2793 952 2878 dependere
964 2795 1124 2878 dicuntur,
1141 2797 1194 2861 dc-

15 2917 17 2958 ῑ
85 2901 242 2972 bentcirca
256 2912 362 2970 metas
378 2903 569 2986 Regnorum
596 2903 742 2986 Vugarie
769 2910 802 2966 et
826 2902 959 2969 Boemie
985 2902 1024 2968 de
1044 2906 1194 2989 proximo

15 3001 17 3012 '
85 3012 241 3078 convenire.
267 3009 377 3096 Quare
403 3013 549 3076 volumus
566 3018 600 3077 et
615 3015 670 3076 tue
687 3011 888 3079 fraternitati
903 3011 1101 3094 mandamns,
1117 3035 1195 3095 qua·

15 3147 17 3194 ;
85 3121 163 3183 tenus
178 3141 239 3184 una
254 3141 327 3185 cum
344 3119 464 3184 dilecto
479 3118 546 3183 filio
557 3117 658 3182 Helia
675 3119 714 3183 de
731 3116 901 3186 Vodronio
914 3116 1043 3185 Clericc
1059 3118 1194 3184 (lamere

15 3233 17 3246 ¹
83 3231 185 3308 nostre,
199 3223 393 3314 Apostolico
405 3225 499 3292 Sedis
510 3225 646 3306 nuncio,
661 3228 695 3290 in
711 3227 782 3291 loco
793 3227 1014 3291 conventionis
1032 3225 1194 3310 hujusmo-

85 3329 112 3396 di
129 3355 192 3399 cum
207 3337 328 3401 eisdem
344 3335 550 3418 Imperatore
568 3357 607 3400 ac
622 3334 714 3418 Rege
725 3333 855 3399 studeas
866 3333 1080 3418 personaliter
1097 3333 1195 3398 inter·

83 3459 148 3520 esse,
169 3443 326 3528 ipsosque,
352 3467 389 3510 ac
414 3444 569 3509 ralitores
598 3450 631 3507 et
656 3441 848 3508 adherentes
875 3442 1002 3508 eosdem
1020 3443 1195 3520 adomnia,

15 3609 17 3632 ,
85 3569 135 3629 qne
161 3551 294 3618 tendunt
317 3553 360 3617 ad
385 3552 618 3636 perfectionem
646 3551 731 3616 dicto
756 3552 935 3630 concordio,
962 3551 1053 3616 etad
1078 3573 1191 3635 perpe-

15 3641 17 3714 }
84 3661 159 3722 tuam
172 3662 317 3744 ipsorum
333 3681 445 3743 pacem
457 3668 490 3724 et
507 3660 656 3741 quietem,
668 3681 706 3723 ex
724 3665 818 3742 parte
839 3665 953 3723 nostra
968 3659 1112 3742 providis
1130 3660 1194 3724 tuis

84 3769 206 3834 consiliis
217 3774 247 3834 et
258 3767 501 3833 inductionibus
518 3766 715 3846 exhorteris3
737 3768 785 3831 ita
802 3767 889 3849 quod
905 3766 991 3831 inter
1007 3788 1062 3830 eos
1073 3766 1196 3830 sedatis

15 3875 17 3946 ἶ
84 3877 190 3942 cunctis
200 3876 357 3958 dissidiis,
373 3873 558 3940 eommdem
570 3874 782 3957 Imperatoris
793 3882 825 3939 et
836 3874 947 3957 Regio,
958 3895 996 3938 ac
1006 3873 1213 3956 Principum·

15 4001 16 4058 g
84 3981 177 4049 studia
186 3991 300 4051 contra
316 3983 426 4048 hostes
442 4005 533 4048 sacre
549 3983 625 4048 fidei
642 3989 674 4048 et
691 3981 840 4048 Romane
853 3982 1009 4062 Ecclesia,
1020 3987 1053 4047 et
1064 3980 1144 4045 alias
1155 3979 1196 4044 ad

15 4111 17 4120 ²
84 4091 238 4158 utilitatem
249 4090 441 4179 reipublice,
454 4092 553 4158 dante
563 4091 715 4172 Domine,
732 4097 973 4157 convertantur.
990 4089 1144 4154 Preterea
1160 4087 1197 4150 li-

85 4203 128 4262 cet
136 4201 230 4267 dictos
248 4202 486 4286 Imperatorem
504 4208 536 4266 ct
551 4199 678 4283 Regem
688 4204 756 4264 tam
774 4219 832 4281 per
842 4199 1082 4263 fraternitatem
1097 4203 1196 4275 tuam,

87 4325 167 4385 quam
182 4332 239 4392 per
255 4315 387 4374 nostras
414 4307 560 4374 diversas
575 4308 704 4372 litteras
719 4305 759 4369 de
776 4306 902 4388 potenti
919 4303 1040 4370 auxilio
1056 4303 1149 4367 nobis
1166 4307 1198 4364 ct

85 4408 308 4482 dicteEcclesie
320 4423 435 4481 contra
447 4414 671 4480 Bernabouem
689 4411 728 4477 de
747 4410 1001 4480 Vicecomitibns
1018 4409 1057 4472 dc
1073 4407 1198 4472 Medio-

15 4523 17 4540 ³
88 4517 160 4604 lano,
169 4525 295 4608 eiusque
306 4509 482 4609 complices
499 4531 531 4589 et
547 4523 700 4603 fautores,
711 4519 822 4585 hostes
832 4525 865 4582 ct
875 4523 1101 4602 persecutores
1114 4515 1198 4581 dicte

16 4647 17 4650 ¹
87 4624 222 4714 Ecclesia,
246 4631 419 4717 magnifice
445 4631 626 4696 exhibendo
654 4627 843 4696 duxerimus
864 4622 1096 4708 requircrulcs3
1121 4625 1197 4708 quia
1299 4677 1303 4684 .
