3210 5252
1228 79 1233 88 ,
1378 9 1604 179 t,

383 362 425 420 92
738 375 969 421 nrrnouiozrnr
987 361 1156 419 suenrus.

385 533 561 600 Provincie
586 540 619 600 et
644 534 853 599 Pedemoutis
879 536 976 600 etiem
1002 555 1041 598 ex
1060 540 1117 599 tus
1133 536 1227 616 perte
1243 529 1338 595 uobis
1355 549 1515 613 exponere

385 648 589 722 curaverunt,
615 643 662 706 eis
687 641 920 724 respondimus,
944 647 1044 725 prout
1067 641 1132 725 ipsi
1155 637 1299 704 referent
1319 634 1516 702 Celsitudini

383 747 552 832 prelibute.
568 748 692 813 Datum
719 745 883 813 Ariniune
910 746 1034 814 XIIII.
1053 745 1210 812 kalendas
1226 743 1389 824 Octobris,
1404 741 1515 807 Ponti·

385 855 500 921 ficatus
515 857 622 921 nostri
639 876 725 921 enno
742 860 868 936 quarto.

711 999 769 1060 (XI.
784 1001 903 1065 Gergely
917 1001 990 1064 pepe
1001 995 1191 1065 regestrtibtl.)

927 1287 978 1348 76.

388 1449 411 1512 I.
438 1451 595 1515 Joianna
621 1447 748 1515 sicilici
773 1448 994 1535 kr'rcilpoe‘ualc
1022 1448 1078 1510 XI.
1094 1447 1231 1535 Gergcly
1243 1450 1339 1530 pulpa
1355 1403 1437 1508 acI.
1457 1443 1516 1505 La·

377 1557 433 1641 jor
449 1579 589 1645 mappas·
615 1559 646 1621 ds
672 1557 794 1643 lecpyel
811 1555 925 1642 kirutp
942 1555 1077 1618 re'sze'rdl
1102 1554 1219 1621 Sicilia
1235 1552 1409 1618 birtolrdra
1426 1550 1516 1613 neree

668 1663 837 1746 kijelentett
854 1661 1103 1726 tcvcetleekrct.
1130 1657 1235 1724 1374.

493 1822 673 1906 Gregorius
699 1819 880 1904 Episcopus
906 1826 966 1886 etc.
992 1821 1156 1886 carissime
1174 1821 1208 1884 in
1224 1816 1359 1886 Christo
1376 1817 1443 1881 filie
1459 1815 1517 1881 Jo-

388 1933 494 1996 heune
510 1930 636 2014 Regius
662 1928 772 1995 Sicilie
788 1928 910 1994 illustri
926 1928 1064 1994 sulutem
1080 1934 1140 1993 etc.
1157 1926 1215 1993 Ad
1231 1925 1430 1994 serenitatis
1447 1922 1516 1988 'l'ue

386 2039 534 2105 notitiem
551 2038 739 2104 deducimus
749 2059 809 2122 per
824 2038 995 2122 presenies,
1011 2037 1101 2120 quod
1117 2035 1311 2102 venerabilis
1327 2035 1433 2100 freter
1445 2054 1518 2100 uos-

386 2152 437 2211 ter
463 2143 647 2228 Stephanus
664 2145 846 2228 Episcopus
865 2144 1106 2228 Zegrubiensis,
1122 2151 1156 2209 et
1171 2143 1310 2212 dilectus
1324 2143 1411 2208 filius
1428 2140 1518 2208 nobi-

385 2254 426 2318 lis
451 2254 501 2318 vir
525 2253 644 2318 Petrus
669 2251 782 2318 Zuder
806 2253 919 2318 Banus
946 2250 1126 2332 Sclovonie,
1147 2249 1402 2319 Ambuxietores
1419 2251 1518 2315 ceris-

385 2361 458 2426 simi
483 2359 516 2424 in
543 2357 677 2425 Christo
701 2359 760 2424 filii
785 2361 891 2425 nostri
918 2359 1076 2425 Ludovici
1093 2357 1197 2444 Regis
1219 2359 1362 2444 Vngarie
1377 2358 1516 2424 illustris

385 2467 429 2533 ad
439 2465 557 2533 Sedem
568 2465 802 2550 Apostolicam,
818 2467 857 2532 de
868 2466 1011 2533 Francis
1022 2467 1206 2546 redeuntes,
1216 2467 1309 2532 nobis
1326 2465 1518 2544 retulerunt,

386 2575 473 2659 quod
488 2595 547 2658 per
562 2575 765 2640 carissimum
781 2575 815 2639 iu
831 2571 966 2640 Chrirto
996 2573 1099 2641 filium
1115 2585 1264 2640 nostrum
1279 2573 1440 2640 Carolum
1455 2571 1519 2639 Re·

386 2703 459 2765 gem
474 2683 614 2749 Francis
630 2681 789 2748 illustrem
806 2703 874 2765 suo,
890 2690 921 2747 et
936 2703 994 2767 per
1009 2683 1097 2767 ipsos
1113 2683 1232 2766 prelati
1248 2683 1349 2766 Regis
1366 2681 1517 2765 Vngerie

386 2789 569 2856 nominibus
596 2796 693 2856 erent
707 2789 794 2856 fecte
810 2790 1051 2873 promissiones,
1066 2797 1100 2856 et
1115 2791 1256 2874 prestita
1276 2790 1463 2855 iuramento.
1478 2790 1518 2856 de

385 2897 608 2964 contrahendo
624 2897 734 2963 debito
748 2903 894 2981 tempore
909 2899 1119 2964 matrimonio
1135 2899 1221 2964 inter
1241 2898 1396 2964 dilectum
1411 2896 1516 2964 filium

386 2989 526 3070 nobilem
553 3005 757 3072 Ludouicum
773 3006 915 3072 secundo
941 3007 1087 3090 genitum
1103 3007 1255 3089 Francis,
1272 3012 1305 3072 el
1320 3006 1460 3073 alteram
1472 3005 1519 3070 di·

385 3113 542 3180 lectarum
566 3115 601 3177 in
626 3110 757 3179 Christo
782 3113 924 3180 filiarum
940 3114 1095 3180 nubilium
1122 3123 1273 3180 ueterum
1291 3113 1439 3197 Virgarie
1455 3114 1519 3180 Re·

386 3241 461 3302 gum
486 3221 705 3304 predictorum
731 3220 922 3304 impuberes,
940 3243 1038 3306 quem
1054 3223 1124 3306 ipse
1141 3222 1215 3288 Rex
1231 3221 1382 3304 Vngerie
1398 3221 1442 3286 ad
1458 3222 1521 3287 hoc

385 3326 519 3392 duceret
549 3327 749 3410 eligendam
782 3328 838 3394 sed
863 3329 922 3396 sub
948 3330 1065 3412 quibus
1089 3329 1361 3396 convencionibus
1387 3329 1449 3395 hoc
1475 3329 1520 3394 sit

385 3438 501 3513 ectum,
527 3436 657 3518 penitus
682 3436 877 3520 ignoremus.
894 3435 1021 3502 Deinde
1050 3437 1142 3504 nobis
1158 3446 1396 3523 exposuerunt:
1422 3436 1521 3522 Quod

384 3541 463 3606 licet
478 3540 562 3606 idem
578 3541 650 3607 Rex
667 3543 811 3627 Vngerie
828 3543 949 3623 debuit,
965 3549 1002 3610 ut
1018 3545 1179 3628 dixerunt,
1194 3547 1235 3612 de
1247 3547 1322 3631 jure
1347 3545 1520 3612 succedere

385 3667 448 3742 pro
466 3669 512 3729 eo,
529 3648 616 3731 quod
633 3651 720 3715 clare
737 3653 891 3718 memorie
909 3651 1046 3719 Carolus
1062 3653 1135 3742 Rex
1151 3653 1306 3737 Vngurie,
1322 3659 1418 3738 puter
1435 3675 1512 3721 suus
1597 3661 1599 3668 ⁴

389 3763 558 3840 tamquam
590 3758 776 3840 unigenitus
809 3760 971 3841 quondam
1002 3759 1112 3827 Caroli
1142 3760 1293 3828 Mertelli
1309 3761 1521 3844 primogeniti

387 3864 475 3928 clere
500 3866 654 3930 memorie
680 3863 791 3931 Ooroli
809 3865 949 3933 Secundi
966 3867 1070 3952 Regis
1087 3867 1208 3949 Sicilie,
1224 3871 1339 3953 proeri
1354 3870 1413 3949 tui,
1429 3869 1520 3935 inde·

384 3971 451 4036 bite
477 3971 625 4036 exclusus
646 3971 818 4038 abeodem
844 3976 1015 4058 extiteret3
1040 3983 1116 4060 post
1132 3977 1254 4042 dictum
1281 3975 1408 4046 obitum
1426 3983 1519 4042 tuum

385 4077 428 4142 ud
444 4083 614 4144 extraneos
640 4078 824 4161 deveniret;
858 4089 892 4148 et
922 4091 1098 4168 propterea
1123 4083 1290 4169 petierunt
1314 4105 1448 4168 pernes
1466 4085 1520 4150 de

385 4185 516 4264 clereri,
542 4185 693 4269 Regnum
712 4187 875 4269 prefatum
891 4192 934 4256 ed
950 4192 1086 4258 eundem
1104 4193 1230 4277 Regem
1247 4191 1397 4276 Vngerie
1425 4194 1523 4276 perti-

385 4316 469 4360 nere.
502 4293 649 4378 Cumque
669 4316 727 4359 uos
744 4294 840 4363 dictis
857 4297 1149 4369 Ambexietoribus
1165 4303 1199 4367 in
1216 4303 1425 4367 continuum
1442 4303 1519 4368 alle·

385 4401 584 4485 gevissemus
625 4401 875 4470 declarationem
916 4408 1019 4476 felicis
1068 4409 1305 4476 recordationis
1355 4409 1522 4475 Bonifacii

387 4509 478 4593 Papo
496 4510 598 4579 Vm.
613 4509 854 4595 predecessoris
880 4520 993 4601 nostri,
1012 4541 1110 4605 super
1127 4519 1190 4586 hoc
1207 4519 1247 4585 de
1263 4520 1436 4587 volunt-ete
1453 4545 1524 4605 pre-
