3226 5258
561 497 563 502 .
635 435 730 508 iem.
820 416 859 534 J
1204 434 1244 504 se

12 657 14 674 2
137 601 275 692 offendere
290 623 504 691 formidantes
533 623 639 689 fucere
664 643 727 688 non
744 622 856 690 ausuri
874 621 905 686 in
921 621 1095 706 premissis.
1111 617 1153 690 Iu
1170 641 1248 703 qno·

137 755 195 798 ium
209 735 344 799 omniurn
361 732 591 816 premissorum
607 731 826 796 testimonium
852 735 1017 812 presentes
1033 728 1153 817 eisdem
1169 728 1246 794 ciui·

12 821 14 912 i
137 841 185 908 bus
199 843 312 908 nostris
328 841 543 908 concessimus
567 840 696 905 litteras
721 845 850 904 nostras
866 837 1063 926 appensione
1079 835 1175 922 sigilli
1192 859 1246 902 no·

12 939 14 970 *
134 951 186 1036 ¹stri
200 949 372 1016 authentici
388 949 563 1015 munimine
579 947 759 1012 roboratas.
780 945 905 1011 Datum
920 945 954 1009 in
969 944 1089 1010 Wiuar
1104 943 1185 1011 feria
1200 964 1245 1008 sc·

12 1035 14 1046 ’
136 1055 226 1122 cunda
239 1059 388 1140 proxima
403 1059 478 1119 ante
495 1061 629 1120 octauus
642 1053 739 1119 Beati
750 1051 923 1118 Michaelis
940 1049 1143 1134 Archangeli
1159 1072 1244 1116 anno

135 1161 248 1228 Domini
265 1163 434 1228 millesimo
451 1160 668 1226 trecentisimo
685 1161 924 1243 septuagesimo
942 1156 1092 1224 secundo.

12 1329 14 1350 ι
135 1307 438 1373 ‹1.zsiguionulsngysl
452 1308 604 1374 kirtlynak
620 1311 696 1357 1⁵21.
713 1308 758 1356 »in
773 1307 891 1357 ciuitate
901 1311 999 1356 nostra
1009 1305 1183 1356 'l'horuusnci
1198 1306 1245 1357 do·

12 1411 14 1454 :
135 1399 223 1448 minico
235 1400 277 1448 dis
291 1398 388 1448 Oculi«
405 1399 464 1448 helt
477 1397 644 1462 megerositd
659 1395 915 1461 privilegiurmtbol,
927 1409 944 1445 c
958 1395 1049 1446 rtrsdi
1064 1396 1118 1448 hir.
1133 1396 1244 1461 isngysl

532 1497 534 1502 ·
582 1485 775 1546 leutitia-ban.)

656 1827 706 1888 33.

12 2031 14 2046 1
134 1985 160 2048 Ι.
174 1987 266 2074 lujos
280 2011 419 2076 mappas
435 1991 466 2054 ds
481 1985 603 2076 leupycl
619 1986 800 2074 lcircilyculc
818 1985 875 2052 XI.
894 1985 1031 2074 Gcrpely
1046 1992 1148 2074 pcipe,
1163 1988 1244 2072 ἦσαν

135 2095 242 2176 rotam
259 2097 357 2160 uthai
371 2095 533 2160 &erasmi
544 2094 661 2161 Hubert
670 2095 816 2180 acopos
832 2094 1061 2180 cddssdpdcck
1077 2094 1244 2178 kificcitstt

530 2200 709 2285 eccchtiljs.
736 2202 831 2265 1372.

227 2359 404 2444 Gregorius
429 2361 614 2446 Episcopus
638 2366 697 2426 etc.
714 2361 881 2426 carissimo
898 2361 931 2424 in
948 2357 1081 2427 Ohrisic
1097 2361 1163 2427 filio
1179 2361 1244 2428 Lu·

131 2465 229 2546 dorico
246 2468 329 2553 Regi
345 2467 490 2552 Ungerie
505 2466 625 2534 illustri
641 2467 778 2534 salutem
794 2474 852 2533 etc.
870 2467 925 2533 Ad
941 2467 999 2533 illa
1015 2477 1056 2550 te,
1076 2470 1243 2535 carissime

12 2581 17 2612 i
130 2574 177 2656 fili,
192 2576 329 2641 libenter
345 2575 526 2641 inducimus
552 2597 590 2641 ac
617 2575 767 2659 precibus
784 2574 1001 2657 exhortemur,
1018 2595 1080 2658 que
1096 2575 1244 2642 honestu-

130 2690 185 2746 tem
202 2684 341 2767 sapiunt,
357 2691 452 2766 teque
469 2684 503 2748 in
521 2687 696 2765 conspectu
711 2680 813 2765 Regis
829 2681 945 2746 Eterni
961 2680 1097 2748 reddere
1113 2683 1244 2750 valeant

129 2791 307 2866 gratiosum.
324 2788 410 2856 Sane
426 2810 529 2873 nuper
556 2787 692 2856 dilectus
712 2786 797 2854 filius
814 2789 1064 2856 Bartholomeus
1081 2789 1244 2875 Spiefams

130 2895 164 2958 de
179 2896 267 2962 Luca
289 2904 451 2964 mercator
476 2905 508 2962 ei
533 2897 612 2962 ciris
638 2896 835 2962 Parisiensis
861 2896 955 2963 nobis
981 2899 1139 2981 exposuit,
1156 2897 1243 2981 quod

128 3001 189 3083 ipse
204 3003 321 3069 dudum
348 3003 508 3088 quondam
537 3003 684 3070 Roberto
701 3001 741 3068 de
756 3001 897 3070 Duratio
914 3005 947 3068 in
962 3005 1031 3071 suis
1048 3005 1243 3070 necessitati·

130 3107 181 3172 irus
196 3118 313 3178 ceriam
329 3119 361 3178 et
378 3132 529 3196 magnam
556 3111 690 3196 pecunie
715 3111 932 3194 quantitatem
949 3131 1103 3194 generose
1119 3117 1243 3178 mutua·

128 3215 185 3296 rit3
214 3218 360 3303 idemque
384 3217 549 3285 Robertus
565 3218 673 3285 ridens
698 3217 839 3284 eiusdem
865 3218 1089 3285 Bartholomei
1112 3225 1242 3302 gratum

128 3326 295 3406 servicium,
311 3327 430 3393 dictam
448 3327 582 3412 pecunie
599 3347 755 3392 summum
775 3325 879 3391 eidem
895 3325 1129 3395 Bartholomeo
1145 3328 1242 3393 etiam

130 3428 186 3494 hoc
199 3454 261 3498 non
276 3416 399 3518 petenti
414 3434 503 3501 infra
517 3435 645 3500 brevem
662 3435 835 3500 terminum
848 3434 969 3500 solvere
978 3435 1140 3519 promisit,
1149 3443 1245 3519 prout

130 3546 270 3606 constare
284 3548 394 3627 potest
409 3564 466 3627 per
482 3543 629 3625 legitima
645 3541 857 3624 documenta;
881 3550 913 3609 et
929 3542 1044 3608 deinde
1060 3541 1244 3609 huiusmodi

127 3645 276 3714 solucione
300 3671 366 3715 non
391 3650 488 3733 facta,
513 3651 601 3715 viam
626 3649 689 3715 fuit
713 3650 860 3715 universe
885 3651 993 3716 carnis
1018 3653 1195 3735 ingressus,
1211 3659 1244 3718 et

127 3749 255 3820 dilectus
280 3755 366 3823 iilius
391 3757 509 3824 nobilis
533 3757 583 3821 vir
609 3754 748 3823 Carolus
774 3756 814 3821 de
841 3753 993 3840 Duratio,
1009 3759 1088 3826 dicti
1104 3757 1244 3824 Roberti

127 3878 229 3941 nepos,
249 3864 351 3929 eidem
377 3863 524 3929 Boberto
548 3865 591 3930 ab
614 3865 771 3930 intestato
786 3863 905 3930 dicitur
920 3867 1119 3932 successisse.
1135 3863 1244 3950 Quare

127 3964 226 4031 dictus
239 3969 491 4038 Bartholomeus
508 3971 603 4038 nobis
619 3971 785 4037 humihter
801 3971 1006 4056 supplicarit,
1022 3978 1058 4038 ut
1073 3992 1169 4056 penes
1180 3971 1244 4039 Ex·

127 4073 298 4145 callentium
323 4079 460 4163 Regiam
486 4100 547 4164 pro
563 4099 599 4145 eo
616 4099 712 4163 super
727 4079 789 4145 hoc
803 4079 1000 4145 intercedere
1025 4079 1245 4163 dignaremur.

128 4178 194 4247 Nos
210 4185 303 4268 igitur
319 4187 455 4252 eundem
470 4185 737 4253 Bartholomeum
755 4189 821 4253 suis
837 4189 1040 4272 exigentibus
1049 4188 1174 4274 meritis
1190 4209 1245 4253 no·

129 4285 174 4352 bie
190 4313 292 4382 carum
316 4303 466 4379 gerentes
491 4297 525 4360 in
549 4295 723 4361 visceribus
749 4298 899 4362 caritatis
920 4297 1004 4362 siout
1019 4295 1122 4362 filiurn
1137 4295 1244 4380 predi-

129 4395 249 4482 lectum‚
265 4401 478 4469 Serenitatem
496 4402 599 4469 Tuam
618 4424 771 4488 rogamus
787 4412 822 4471 et
838 4403 1007 4470 hortamur
1017 4409 1150 4486 uttentc,
1167 4425 1245 4488 que·
1295 4429 1300 4435 ·

130 4511 222 4572 tenus
235 4532 291 4594 pro
307 4517 423 4577 nostra
437 4517 470 4577 et
485 4507 676 4594 Apostolice
702 4511 797 4577 Sedis
818 4513 1010 4594 reverencia,
1025 4534 1064 4578 ec
1080 4511 1180 4579 eciem
1197 4513 1245 4578 tui

130 4613 253 4683 honoris
276 4627 307 4685 et
333 4621 460 4686 iusticie
486 4620 606 4686 intuitu
632 4619 733 4684 eidem
754 4619 987 4687 Bartholomeo
1005 4621 1044 4687 de
1060 4615 1246 4688 huiusmodi

1099 4731 1138 4802 3*
