3226 5254
635 394 727 456 1380.
1179 396 1241 457 363

1 536 2 600 l
117 571 1241 654 turumterrebit,predictairrpresenticapitulocontentacontrapre-

1 671 2 744 ἶ
118 678 219 743 dictos
237 680 428 745 exbaunitos
445 687 477 744 et
492 678 633 744 rebelles
652 677 750 742 etiam
772 687 979 762 exequentur.
1006 681 1161 763 Exceptis
1178 680 1242 746 illis

117 807 151 849 ex
169 787 225 869 eis,
238 789 298 870 'qui
314 791 347 851 in
364 787 442 870 ipsis
458 788 578 854 talibus
593 787 690 850 torris
707 793 740 851 ot
755 786 836 850 locis
852 786 1058 852 satisdabunt
1068 809 1164 870 penes
1175 787 1244 854 offi-

1 875 2 937 Ῠ
117 894 214 958 ciales
239 894 341 978 ipsius
360 895 481 960 domini
506 893 645 974 Karoli;
670 901 702 960 et
718 892 892 959 secundum
910 894 1082 959 arbitrium
1098 895 1243 978 ipsorum
1304 947 1307 952 r

1 1047 2 1094 3
115 999 298 1067 officialium
317 1003 367 1068 vel
384 1003 519 1068 alicuius
537 1024 658 1083 eorum,
686 1002 726 1068 de
751 1026 816 1068 uon
834 1001 1026 1082 offendendo
1052 1003 1120 1067 ullo
1145 1003 1240 1069 modo

1 1143 2 1174 r
116 1107 292 1175 Commune
309 1111 487 1191 Florentio,
512 1133 570 1176 uec
586 1111 626 1177 de
653 1111 827 1176 tractando
844 1117 901 1176 aut
926 1110 1051 1194 aliquid
1076 1111 1238 1176 moliendo

1 1233 2 1278 t
113 1225 225 1284 contra
243 1220 347 1302 ipsum
375 1218 554 1284 Commune
582 1226 640 1285 aut
668 1218 799 1285 Statum
817 1219 969 1285 Civitatis
999 1219 1172 1285 Florentio.
1196 1219 1243 1284 Et

111 1328 346 1394 mnuasaciens
363 1351 383 1394 a
399 1329 547 1414 predicto
573 1329 730 1395 beneficio
748 1331 945 1414 exceptionis
961 1331 1003 1395 sit
1022 1331 1178 1395 exclusus.
1196 1331 1241 1395 Et

1 1510 2 1536 ¹
112 1435 197 1516 quod
216 1436 364 1518 predicta
381 1439 414 1501 in
430 1437 573 1520 presenti
596 1437 739 1520 capitulo
766 1444 921 1504 contenta
946 1438 1175 1522 intelligantur
1200 1437 1241 1503 de

1 1572 2 1614 1
110 1541 206 1608 dictis
223 1543 413 1626 exbannitis⁷
430 1545 605 1612 rebellibus
623 1553 655 1610 et
671 1546 918 1629 condempnatis
946 1545 988 1612 ad
1013 1569 1145 1631 presens
1162 1547 1240 1611 dicti

110 1647 310 1731 Communia,
339 1653 425 1718 infra
443 1654 475 1718 in
494 1655 636 1736 presenti
663 1661 842 1736 contractu,
860 1660 892 1720 et
908 1676 965 1720 seu
991 1657 1024 1721 in
1049 1655 1112 1720 fine
1137 1655 1240 1737 ipsius

108 1765 167 1823 aut
199 1760 416 1840 capitulorum
448 1761 652 1827 nominandis
679 1769 711 1827 et
738 1783 797 1846 per
823 1784 933 1828 eorum
960 1763 1089 1827 nomina
1121 1762 1240 1827 descri-

106 1865 232 1931 bendis
258 1868 304 1932 Et
329 1866 368 1932 de
396 1867 459 1932 hiis
485 1869 641 1934 hactenus
666 1869 843 1935 rebellibus
861 1877 894 1936 et
909 1869 1101 1948 exbannitis‚
1127 1875 1159 1933 et
1184 1870 1239 1950 qui

107 1974 184 2038 hinc
199 1973 242 2038 ad
260 1994 316 2038 sex
337 1995 463 2041 menses
479 1978 623 2060 proxime
639 1983 800 2060 venturos,
816 1979 864 2042 vol
880 1976 967 2042 iufra
982 1979 1087 2061 ipsum
1112 1985 1240 2061 tempus

106 2083 369 2162 nominabuntur,
386 2106 443 2150 seu
459 2087 682 2169 exprimentur
704 2086 766 2169 ipsi
787 2087 917 2152 domino
944 2085 1071 2152 Karolo
1090 2094 1147 2152 aut
1171 2085 1240 2150 eius

104 2190 228 2254 vicario
246 2189 398 2257 Civitatis
413 2192 524 2258 Aretii
550 2196 598 2258 rel
626 2193 769 2279 Eugubii
794 2217 853 2279 per
878 2195 1007 2260 litteras
1033 2195 1237 2261 dominorum

106 2297 260 2363 Priorum
275 2304 307 2364 ct
324 2300 506 2368 Vexillileri
523 2300 658 2366 Justitie
671 2301 787 2386 Populi
805 2309 838 2367 et
855 2303 1043 2369 Communis
1062 2304 1240 2370 Florentio.

216 2407 302 2473 Item
319 2408 405 2492 quod
422 2410 527 2474 dietus
545 2408 694 2474 domiuus
711 2409 865 2491 Karqus,
882 2417 939 2476 aut
956 2411 1024 2476 eius
1051 2418 1172 2495 gentse,
1190 2412 1239 2476 rel

104 2515 240 2595 subditi,
257 2516 306 2579 rel
323 2516 447 2597 vasalli,
466 2519 497 2579 in
518 2522 622 2582 totum
639 2516 689 2581 vel
706 2517 738 2581 in
755 2524 882 2601 partem
899 2539 963 2583 non
991 2517 1156 2584 offendent
1182 2529 1240 2584 aut

105 2620 335 2703 molestabunt,
361 2643 512 2704 guerram
529 2623 677 2689 faciendo
702 2627 754 2690 vel
780 2625 943 2692 hostiliter
968 2626 1155 2708 equitando,
1181 2633 1239 2692 aut

1 2713 3 2750 ²
105 2738 286 2796 tractatum
303 2731 350 2795 rel
370 2732 562 2796 seditionem
580 2732 729 2798 faciendo
740 2733 815 2799 binc
831 2733 873 2799 ad
891 2740 1031 2817 quatuor
1048 2757 1149 2801 annos
1165 2757 1239 2818 pro·

104 2842 192 2906 xime
210 2845 388 2920 secuturos,
404 2841 455 2906 vel
472 2840 560 2904 infra
584 2841 689 2924 ipsum
717 2847 854 2926 tempus,
879 2843 1024 2925 aliquem
1039 2843 1090 2908 vel
1109 2845 1235 2926 aliquos

105 2949 146 3014 ad
164 2969 298 3032 presens
316 2949 488 3014 existentes
508 2949 649 3014 exititios
667 2947 822 3015 Civitatis
839 2949 947 3016 Aretii
966 2973 1149 3016 sensorum
1175 2950 1238 3016 col·

102 3056 234 3141 ligatos,
251 3063 307 3121 aut
322 3076 432 3121 eorum
450 3055 605 3137 subditos,
623 3059 809 3124 censuarios
820 3058 868 3123 vel
885 3058 1034 3141 vasallos,
1051 3057 1099 3122 vel
1119 3066 1237 3139 terrae,

103 3171 223 3243 castra,
239 3164 312 3229 loca
327 3165 379 3228 rel
396 3165 481 3228 bona
497 3169 621 3228 autres
638 3165 780 3247 ipsorum
797 3165 847 3230 vel
858 3165 995 3230 alicuius
1012 3167 1164 3247 ipsorum,
1180 3188 1236 3230 seu

104 3294 167 3354 que
184 3293 247 3355 per
263 3271 350 3354 ipsos
371 3272 419 3336 uel
445 3270 585 3354 aliquem
611 3273 756 3356 ipsorum
782 3272 826 3339 ad
851 3294 984 3357 presens
1011 3279 1162 3337 tenentur
1187 3274 1236 3338 vel

103 3379 332 3461 possidentur;
347 3380 395 3444 ita
412 3385 519 3444 tamen
537 3381 622 3461 qnod
640 3380 779 3462 quilibet
795 3381 942 3464 ipsorum
954 3381 1163 3461 exititiorum,
1181 3381 1235 3462 qui

1 3460 2 3495 ³
103 3486 290 3570 incipiendo
307 3487 430 3552 faceret
445 3508 597 3570 guerram
615 3487 665 3551 rol
681 3488 897 3554 hostititatenr
923 3497 1038 3554 contra
1064 3489 1235 3553 Civitatem

104 3594 212 3658 Aretii
238 3601 297 3660 aut
321 3595 390 3660 eius
415 3596 500 3660 ciues
524 3596 574 3661 rel
600 3596 814 3677 comitatinos
841 3618 897 3663 seu
923 3595 1036 3680 aliqua
1060 3595 1141 3678 loca,
1175 3618 1236 3678 que

1 3686 2 3760 l
103 3704 281 3768 oocaxione
294 3704 395 3786 ipsius
413 3703 563 3771 Civitatis
580 3711 734 3769 tenentur
754 3705 796 3768 ad
821 3725 954 3788 presens
974 3727 1034 3789 per
1060 3708 1165 3789 ipsum
1182 3704 1236 3769 do-

1 3843 2 3878 ÷
104 3809 227 3873 minum
244 3809 416 3888 Karoinm,
432 3817 490 3875 aut
507 3813 589 3878 alias
605 3819 710 3878 terras
728 3835 808 3895 quas
826 3819 914 3878 tenet
939 3812 989 3876 vel
1015 3813 1142 3879 tenebit
1153 3814 1235 3895 ipse

1 3953 2 3990 3
104 3915 255 3982 dominus
282 3917 429 3983 Karolus
447 3925 479 3982 et
495 3938 551 3984 seu
577 3926 689 4003 gentes
714 3919 816 4004 ipsius
843 3920 963 3986 domiui
982 3921 1109 4002 Karoli,
1135 3921 1236 4004 possit

1 4017 2 4056 l
104 4025 234 4106 offendi,
251 4047 308 4092 nec
325 4025 392 4091 tale
415 4027 599 4093 benefitium
630 4030 789 4112 presentis
806 4029 942 4113 capituli
958 4030 1068 4112 prosit.
1086 4029 1132 4093 Et
1148 4030 1235 4112 quod

1 4172 2 4213 3
102 4129 201 4198 bceat
218 4129 389 4197 Communi
415 4133 585 4200 Florentia
607 4136 722 4220 juvare
739 4136 917 4222 quemlibet
934 4136 1161 4219 predictorum,
1178 4137 1234 4219 qui

103 4249 219 4306 contra
234 4241 372 4307 formam
387 4244 548 4326 presentis
561 4244 696 4327 capituli
708 4245 926 4310 offenderetur
937 4243 986 4309 rel
996 4245 1234 4325 molestaretur,
1336 4292 1338 4296 -

103 4354 133 4412 et
150 4347 286 4416 cuilibet
302 4351 364 4416 tali
380 4348 458 4416 dare
475 4354 643 4436 auxilium,
653 4353 819 4419 eonsilium
836 4360 869 4417 et
885 4351 1035 4417 savorem.
1050 4352 1174 4434 Elapso
1184 4374 1232 4417 ve·

104 4481 139 4525 ro
157 4460 247 4526 dicto
269 4469 415 4546 tempore
441 4471 601 4547 quantuor
627 4484 788 4529 annorum
815 4485 877 4528 nou
904 4461 1003 4526 liceat
1028 4460 1113 4525 dicto
1140 4460 1235 4526 Com·

1 4643 2 4647 ¹
102 4574 191 4635 muni
207 4571 375 4638 Florentio
393 4574 505 4658 juvare
521 4573 685 4657 predictos
702 4574 847 4639 exititios
857 4576 914 4637 aut
925 4593 1036 4637 eorum
1047 4570 1235 4660 colligatos,
