3226 5258
379 416 420 476 22
720 433 954 478 urruousomm
970 421 1138 480 surtinus.

376 612 458 670 mur,
489 589 602 656 cadem
627 590 849 657 vicissitudine
874 592 1084 658 consolemur.
1116 591 1242 658 Datum
1273 590 1387 657 Padue
1420 591 1501 656 XII.

377 697 503 781 Aprilis
519 697 649 783 (1372.)

377 843 412 904 (A
428 842 532 908 »Copia
556 843 590 892 de
613 843 852 895 Commemorialit
874 844 965 894 czimd
979 843 1117 894 velenczei
1131 842 1362 908 sillanrkbnyvbol
1375 843 1440 892 VII.
1454 843 1506 893 bot.

853 940 876 984 2.
891 949 912 985 r.
930 937 990 984 555.
1004 934 1033 994 l.)

864 1095 1022 1104 ..-.-.—-

918 1238 970 1301 20.

1601 621 1605 772 1

1603 781 1605 868 l

1602 969 1605 1070 ι

1602 1137 1605 1264 ι

378 1400 508 1478 Boline,
533 1400 564 1462 1.
583 1400 682 1483 Lajos
698 1421 839 1485 mogyor
855 1400 887 1462 e's
904 1398 1028 1485 lengycl
1059 1399 1240 1483 bircilgnale
1258 1400 1373 1479 Μυσία,
1392 1402 1504 1465 aiassa-
1603 1391 1605 1462 ἶ

742 1508 790 1570 a'e·
814 1505 1021 1570 Velencze‘bb'l.
1048 1509 1144 1596 1372.

487 1662 588 1730 Anno
613 1662 898 1733 uoconxxu.
930 1665 982 1731 ce
1013 1663 1046 1734 v
1076 1665 1168 1731 nan
1211 1664 1374 1750 capsa:
1411 1665 1505 1751 Quos
1603 1615 1605 1686 ²

378 1775 439 1838 iste
455 1772 606 1839 domiuus
623 1773 818 1840 Valentinus
834 1771 1052 1839 Ambaxistor
1069 1773 1191 1838 domini
1207 1773 1309 1856 Regis
1335 1773 1503 1857 Hungarie

378 1882 481 1964 possit
504 1880 604 1945 levari
630 1886 663 1945 et
688 1881 823 1946 conduci
848 1902 942 1964 super
967 1881 1057 1965 ligno
1081 1881 1204 1964 riperie
1219 1881 1320 1947 Istrie
1336 1902 1438 1963 vsque
1452 1880 1505 1948 Se·
1604 1929 1605 1934 η

380 1987 493 2071 gnism
509 2008 581 2053 cum
598 1988 665 2054 eius
685 1987 809 2054 familia
826 1994 858 2053 et
873 1987 996 2054 levibus
1012 1988 1157 2053 sruesiis.

452 2131 488 2192 (A
503 2133 614 2184 ›uicti‹
629 2133 719 2184 czimtl
732 2134 872 2186 veleuozai
888 2134 1114 2198 dllamkdnyvbol
1128 2135 1258 2184 XXXIV.
1273 2136 1337 2185 ket.
1352 2135 1389 2184 11.
1402 2135 1433 2195 l.)

865 2293 1025 2303 ——n-m-

919 2442 971 2502 21·

273 2575 278 2580 ¹
383 2601 434 2662 XI.
463 2601 604 2686 Gergely.
611 2605 706 2688 pdpc
723 2627 744 2666 a
762 2601 852 2666 torok
868 2603 1030 2666 bdborurc
1046 2602 1192 2685 bnzditjc
1208 2601 1238 2663 Ι.
1260 2603 1357 2685 lajas
1374 2623 1511 2689 magycr

725 2711 756 2772 e'o
772 2709 897 2795 lengyel
912 2708 1046 2794 kirolyr.
1066 2708 1160 2772 1372.

490 2864 669 2950 Gregorius
684 2868 868 2951 Episcopus
896 2873 955 2932 etc.
971 2866 1140 2933 carissimo
1156 2867 1189 2930 iu
1206 2865 1337 2934 Christo
1364 2869 1433 2934 filio
1450 2869 1511 2933 Lu·

381 2971 494 3038 dorico
510 2973 595 3056 Regi
612 2971 756 3057 Vngarie
776 2975 905 3056 illustri,
923 2974 1059 3040 salutem
1077 2981 1137 3055 etc,
1153 2974 1252 3054 Audi,
1272 2975 1318 3039 fili
1335 2975 1513 3052 carissime,

379 3078 479 3146 verbs
503 3080 607 3165 patris
633 3079 787 3162 salubria,
812 3080 927 3146 audito
953 3089 1079 3146 mature
1104 3081 1298 3164 consideres,
1315 3088 1350 3146 et
1366 3083 1512 3149 conside-

379 3195 453 3255 rata
468 3187 599 3254 studeas
616 3188 804 3273 adimplere,
821 3210 894 3261 cum
909 3189 968 3255 illo
984 3189 1044 3255 tibi
1060 3187 1216 3254 studeant
1231 3189 1391 3271 quicquid
1409 3189 1510 3256 hono·

380 3297 435 3378 ris,
452 3295 610 3379 quicquid
626 3297 812 3364 securitatis
829 3303 863 3363 et
878 3295 1048 3380 commodi,
1068 3295 1262 3380 quioquidve
1273 3300 1423 3382 perpetui
1441 3320 1512 3382 pre-

380 3403 437 3470 mii
451 3402 561 3468 valeas
577 3402 721 3489 adipisci.
732 3402 859 3471 Diebus
876 3405 1035 3488 siquidem
1052 3425 1117 3470 non
1133 3403 1230 3488 longe
1245 3406 1413 3488 preteritis
1430 3406 1513 3472 mul·

380 3511 520 3597 tiplicati
545 3531 690 3578 rumores
706 3513 745 3579 da
762 3510 898 3579 diversis
917 3511 1065 3596 partibus
1081 3511 1124 3576 ad
1143 3509 1260 3577 Sedem
1284 3509 1514 3596 Apostoliosm

380 3619 609 3702 perduxerunt,
626 3619 713 3702 quod
730 3620 822 3704 impii
839 3619 972 3699 Turchi,
988 3625 1117 3684 atroces
1133 3618 1242 3685 hostes
1260 3617 1440 3688 Christiani
1456 3643 1517 3688 no·

380 3726 485 3808 minis
509 3746 605 3810 super
630 3727 803 3793 nonnullas
833 3732 945 3810 partes
977 3724 1093 3793 Gracia
1118 3727 1152 3792 in
1177 3727 1270 3811 gravi
1301 3728 1515 3794 multitudiue

379 3835 557 3914 irruenteS,
591 3834 736 3901 subactis
767 3835 963 3920 quibusdam
996 3834 1209 3918 Magnetibus
1249 3835 1358 3918 Regni
1393 3836 1520 3902 Rsscie

380 3937 449 4008 tum
465 3943 499 4006 in
515 3940 561 4005 eis
578 3941 831 4026 dominantibus,
848 3943 882 4007 iu
900 3943 1074 4009 earundem
1086 3941 1231 4026 partium
1247 3945 1377 4027 populis
1393 3945 1523 4027 profes·

380 4051 469 4115 sione
494 4048 702 4132 Christianis,
729 4050 787 4116 sed
804 4051 994 4118 scismatum
1014 4059 1046 4115 ct.
1064 4050 1215 4116 heresum
1233 4050 1452 4117 maculatione
1471 4053 1523 4117 fe-

381 4156 477 4239 datis,
494 4163 527 4222 et
542 4159 720 4243 impietatis
737 4159 903 4226 erroribus
915 4159 1111 4244 depravatis,
1127 4161 1197 4224 lata
1213 4164 1378 4224 terrarum
1398 4161 1524 4241 spacia

381 4271 590 4350 occuparunt,
607 4273 641 4332 et
656 4289 759 4352 usque
775 4268 818 4335 ad
833 4275 889 4335 tue
900 4268 1048 4352 Vngarie
1065 4275 1098 4332 et
1114 4265 1241 4353 prelato
1253 4266 1370 4332 Roscio
1382 4266 1525 4350 Regno-

380 4395 462 4456 rum,
486 4396 627 4442 necnon
652 4373 796 4442 Albanie
822 4382 855 4442 et
871 4375 1042 4444 Sclavonie
1068 4375 1209 4442 confinia
1234 4381 1464 4458 pervenerunt,
1486 4383 1525 4442 et

314 4562 315 4565 Ἴ
380 4483 489 4549 venire
515 4483 558 4549 ad
574 4484 779 4566 mstitimam,
797 4492 829 4550 et
844 4491 959 4568 portus
981 4487 1128 4553 obtinere
1144 4484 1246 4550 maris
1263 4481 1429 4549 Adriatici
1449 4483 1528 4548 for-

381 4587 564 4672 midantur3
589 4597 723 4674 propter
740 4613 802 4676 que
818 4593 915 4659 timor
940 4592 1090 4660 fidelibus
1105 4593 1250 4678 partium
1272 4591 1450 4656 vicinarum
1474 4591 1531 4657 in·
