3134 5254
584 479 679 544 1379.
1134 481 1197 546 255

78 661 204 728 dificatis
229 683 288 744 per
314 682 373 726 nos
398 663 432 726 in
459 662 555 726 dictis
581 659 734 742 capitulis
760 681 816 725 seu
843 661 953 742 aliquo
973 658 1198 742 predictorum

1 807 2 842 3
78 771 255 835 Dominatio
272 769 397 836 Vestro
413 791 477 835 non
494 775 544 834 est
561 769 707 847 astricta,
724 767 786 831 nisi
803 768 836 832 in
854 773 1013 850 quantum
1030 766 1091 834 sibi
1109 768 1196 832 ride-

1 871 2 878 *
76 879 154 944 bitur
168 879 275 944 facere
292 899 352 960 pro
370 878 456 943 bono
473 898 538 942 suo.
555 877 621 942 Per
637 877 818 960 predictam
836 877 983 942 ultimam
1001 875 1200 942 commissio·

1 993 2 1046 ἶ
76 1009 140 1052 nem
165 987 341 1069 diligenter
366 987 584 1051 examinatam
609 1007 667 1070 per
692 1008 752 1050 nos
778 1007 841 1050 non
866 985 1020 1066 videmus,
1042 982 1128 1068 quod
1143 984 1199 1049 ha·

1 1177 2 1180 ¹
77 1093 200 1160 beamus
216 1094 391 1160 arbitrium
409 1095 624 1160 concludendi
640 1096 674 1158 in
692 1116 780 1178 pace,
805 1096 867 1158 nisi
883 1093 1111 1159 concludamus
1127 1113 1200 1158 cum

1 1207 2 1260 ὴ
78 1201 199 1267 domino
215 1203 306 1286 Rege
324 1209 357 1266 et
372 1202 522 1268 omnibus
545 1203 705 1285 colligatis
721 1204 787 1267 suis
805 1223 878 1267 cum
894 1202 960 1267 illis
976 1201 1090 1282 modis,
1107 1202 1200 1265 stric-

1 1347 2 1366 i
75 1310 148 1374 turis
171 1317 204 1375 et
229 1309 471 1374 condicionibus
488 1310 521 1373 in
541 1311 629 1375 dieta
644 1309 869 1374 commissione
886 1310 1006 1376 seriose
1023 1309 1199 1374 denotatis.

1 1450 2 1460 κ
76 1413 133 1481 Sed
157 1421 233 1502 quia
259 1420 447 1502 contingere
475 1425 591 1502 posset,
619 1418 707 1501 quod
732 1439 900 1500 possemus
917 1415 1111 1482 concludere
1128 1437 1200 1482 cum

76 1525 195 1592 domiuo
211 1527 303 1611 Rege
330 1534 362 1592 ct
387 1525 496 1610 aliquo
523 1527 571 1590 vel
598 1527 761 1610 aliquibus
778 1547 816 1590 ex
833 1526 997 1609 colligatis
1024 1526 1100 1607 suis,
1118 1527 1200 1590 etin

1 1643 2 1688 3
76 1633 162 1699 dietis
179 1636 309 1700 casibus
327 1636 448 1700 nullam
465 1633 622 1701 habemus
638 1635 833 1715 libertatem,
844 1635 921 1718 quia
931 1635 1100 1699 libertates
1118 1633 1201 1699 alias

1 1763 2 1814 5
76 1742 160 1806 nobis
177 1742 254 1806 date
281 1744 314 1805 in
341 1741 437 1807 dictis
460 1742 588 1807 casibus
607 1749 640 1807 et
656 1743 801 1826 quolibet
814 1717 1041 1825 'predictorum
1058 1749 1135 1806 sunt
1150 1763 1200 1806 re-

78 1857 181 1914 vocate
208 1871 245 1914 ex
272 1855 342 1914 toto
367 1872 424 1934 per
450 1851 547 1934 istam
573 1851 720 1914 ultimam
747 1851 1027 1916 commissionem:
1046 1849 1201 1931 dignetur

1 1979 2 2022 3
77 1955 258 2023 Dominatio
284 1957 408 2024 Vestra
433 1958 524 2024 nobis
550 1958 713 2040 mandare,
741 1959 819 2043 quid
851 1981 910 2024 nos
942 1959 1047 2024 lacere
1074 1957 1143 2022 uult
1167 1958 1200 2022 in

77 2065 211 2145 quolibet
251 2087 383 2131 casuum
414 2066 653 2150 predictorum3
694 2073 727 2132 et
757 2069 790 2132 in
825 2068 922 2132 dictis
954 2065 1092 2146 casibus,
1123 2087 1201 2148 qua·

1 2188 2 2256 ᾗ
76 2173 144 2237 liter
174 2183 332 2238 summani
364 2176 499 2256 pecunie
532 2175 625 2240 nobis
653 2195 840 2239 concessam
866 2176 953 2255 dare,
980 2170 1200 2238 concludendo

77 2283 104 2343 in
132 2303 210 2363 pace
241 2303 314 2346 cum
346 2282 502 2362 omnibus,
528 2283 625 2348 uultis
657 2303 717 2346 nos
748 2283 891 2347 dividere
917 2288 949 2346 et
973 2283 1099 2366 partire
1129 2301 1199 2344 cum

77 2386 198 2453 domino
234 2389 327 2472 Rege
359 2411 419 2472 pro
446 2411 479 2454 se
506 2391 584 2473 solu,
611 2397 644 2454 et
670 2390 880 2474 cumtaliquo
906 2391 955 2454 vel
981 2389 1145 2474 aliquibus
1162 2409 1201 2452 ex

1 2524 2 2579 j
77 2495 240 2577 colligatis,
269 2519 343 2560 cum
368 2517 432 2578 quo
458 2495 507 2561 vel
534 2498 652 2579 quibus
678 2519 749 2562 eum
775 2499 847 2580 ipso
873 2496 1004 2563 domino
1031 2497 1123 2579 Rege
1154 2499 1202 2559 in-

1 2605 2 2652 t
78 2601 164 2666 simul
202 2603 244 2668 ad
287 2625 401 2686 pacem
441 2607 611 2688 pervenire
641 2625 825 2688 possemne,
865 2605 914 2671 ita
939 2612 975 2670 ut
1000 2606 1087 2671 clare
1119 2605 1201 2670 scia-

1 2781 2 2804 ,
77 2730 151 2792 mus,
175 2718 332 2794 quantum
359 2711 398 2776 de
425 2712 514 2777 diota
541 2735 666 2778 summa
692 2715 828 2797 pecunie
859 2713 1048 2780 Dominatio
1081 2711 1202 2780 Vestra

1 2829 2 2904 ᾗ
78 2818 139 2882 uult
164 2827 301 2903 tangere
332 2841 590 2903 unumquemque
616 2823 837 2904 predictorum
854 2843 913 2906 per
931 2845 965 2887 se
982 2823 1013 2886 iu
1031 2843 1118 2900 casu,
1136 2843 1200 2904 quo

1 2992 2 3011 ,
79 2945 144 2989 cum
169 2927 317 2992 omnibus
342 2928 375 2991 in
402 2948 481 3008 pace
507 2925 697 2992 concludere
722 2950 787 2993 non
803 2950 976 3012 possemus,
989 2931 1085 3014 juxta
1101 2929 1201 2993 conti·

79 3036 214 3100 nentium
239 3036 334 3100 istius
358 3035 470 3099 ultime
496 3036 730 3100 commissionis
748 3036 840 3102 nobis
857 3038 961 3102 misse.
991 3037 1129 3120 Insuper
1146 3036 1199 3100 ubi

1 3199 2 3228 ,
82 3143 220 3224 tangitur
246 3144 278 3206 in
305 3141 394 3207 dicta
420 3144 651 3224 commissione,
673 3142 758 3226 quod
776 3150 941 3208 teneamus
957 3141 1097 3221 modum,
1115 3141 1201 3225 quod

81 3247 219 3315 dominus
237 3250 382 3315 Karolus
400 3271 458 3314 neo
475 3250 530 3334 alij
549 3251 696 3316 Berones
721 3273 784 3316 non
804 3253 935 3316 veniant
951 3248 1124 3332 Venetiam
1148 3253 1201 3317 dc-

1 3379 2 3446 3
83 3363 219 3422 notamus
237 3359 337 3437 vobis,
354 3358 440 3441 quod
457 3360 490 3422 in
508 3381 663 3442 casuque
680 3367 838 3442 sequatur
857 3358 1083 3440 concordium,
1106 3361 1201 3426 nobis

1 3453 2 3482 ³
80 3464 205 3546 uidetur,
223 3465 311 3550 quod
326 3468 456 3531 omniuo
473 3468 583 3532 volent
600 3469 740 3551 aliquem
758 3470 807 3534 vel
824 3471 953 3550 aliquos
970 3470 1077 3534 uenire
1095 3469 1200 3537 Vene-

1 3597 3 3656 t
79 3573 137 3636 tias
157 3581 432 3658 representantem
459 3575 626 3641 dominum
651 3575 775 3660 Regem
802 3577 844 3642 ad
861 3577 1081 3661 aticipiendum
1099 3599 1118 3642 a
1134 3578 1201 3643 Do·

2 3679 3 3750 t
82 3681 169 3747 minio
185 3683 305 3751 Vestro
322 3691 562 3748 sacramentum
579 3684 755 3765 fidelitatis,
772 3691 803 3749 et
820 3707 840 3750 a
857 3686 954 3750 certis
972 3685 1104 3750 Civibus
1120 3684 1202 3752 Ves-

81 3789 149 3868 tris,
171 3790 209 3855 de
237 3813 302 3873 quo
328 3799 437 3856 tamen
464 3799 667 3858 sacramento
695 3791 861 3857 fidelitatis
879 3793 1106 3876 prestandum
1124 3815 1200 3858 casu

2 3905 3 3956 ὲ
83 3897 234 3981 coneordij
259 3899 350 3964 nulla
374 3899 412 3964 fit
437 3902 558 3964 mentio
576 3901 609 3964 in
626 3899 715 3965 dicta
740 3907 849 3964 vestra
875 3902 1102 3966 commissione
1118 3921 1202 3966 nora

2 3997 3 4030 ³
84 4001 167 4070 nobis
182 4007 286 4070 missa.
304 4005 461 4072 Preterea
477 4029 573 4090 super
589 4007 676 4073 facto
695 4008 826 4089 Tenedi,
842 4009 875 4072 in
892 4031 968 4074 casu
985 4029 1048 4092 quo
1066 4008 1200 4073 daretur

2 4172 3 4180 ,
86 4108 278 4179 inmanibus
304 4114 404 4179 tercie
429 4135 574 4198 persone,
600 4137 664 4181 non
691 4116 850 4182 credimus
876 4117 962 4199 quod
987 4138 1130 4200 unquam
1146 4118 1199 4181 isti

2 4224 4 4292 ᾖ
86 4227 301 4288 contestentur
317 4224 443 4288 solvere.
458 4245 519 4305 res,
536 4227 732 4290 munitiones
749 4232 780 4290 et
798 4225 863 4289 alia
879 4232 987 4289 restra
1007 4223 1141 4290 mobilia
1155 4224 1200 4288 ibi

88 4327 262 4410 existentia;
287 4351 345 4394 nec
368 4351 426 4413 per
452 4352 658 4414 consequens,
684 4332 771 4414 quod
796 4334 887 4397 valor
912 4333 1055 4416 ipsarum
1081 4352 1199 4413 rerum,

2 4463 3 4466 ¹
90 4435 286 4502 munitionum
305 4445 337 4502 et
354 4439 488 4504 aliorum
507 4441 673 4506 mobilium
690 4439 869 4506 defuloetur
886 4441 936 4505 vel
952 4439 1144 4504 detrahetur
1161 4442 1201 4506 dc

89 4538 199 4608 summa
214 4549 346 4627 pecunie
374 4550 418 4612 eis
435 4548 656 4632 persolvenda.
685 4549 737 4613 Ac
754 4551 854 4614 etiam
871 4546 960 4614 nulla
978 4547 1014 4612 fit
1030 4549 1151 4612 mentio
1168 4550 1201 4613 in

90 4645 168 4715 dicta
182 4657 409 4738 commissione,
420 4658 452 4721 in
470 4657 555 4722 dicto
572 4679 648 4722 casu
668 4679 731 4740 quo
749 4658 856 4722 dictus
872 4660 960 4725 loeus
971 4656 1092 4721 Tenedi
1111 4657 1201 4723 dare·
