3214 5250
617 373 712 442 1388.
1164 378 1226 445 655

97 557 234 639 operari,
251 581 323 626 cum
340 559 516 625 securitate
532 556 721 639 rescribite3
746 563 881 640 paratos
899 578 956 622 nos
974 555 1157 639 offerentes
1173 580 1227 623 vo-

94 664 144 728 bis
171 687 298 730 omnem
323 666 469 732 favorem
495 666 529 728 in
554 664 603 728 his
622 669 654 728 et
671 665 704 728 in
721 664 794 729 aliis
810 663 970 731 exhibere.
988 663 1141 731 Ceterum
1158 667 1226 753 pla-

95 779 169 837 ccat
185 773 309 838 dictum
326 774 507 840 Zenobiam
523 775 612 838 circa
629 773 752 838 dictam
769 774 940 838 materiam
961 775 1125 858 suscipere
1143 795 1228 839 com·

93 880 291 964 mendatum,
308 889 340 948 et
366 884 447 950 alios
464 887 593 949 nostros
609 889 808 947 mercatores
826 889 859 948 et
876 883 968 965 cives,
985 885 1041 966 qui
1057 882 1226 965 negocian-

91 995 146 1053 tur
171 991 204 1054 in
231 991 297 1054 illis
323 992 483 1074 partibus,
506 1011 618 1056 amore
633 990 738 1055 nostri
754 995 934 1074 protegere,
951 999 984 1055 et
1000 1013 1020 1056 a
1036 997 1225 1056 cunctorum

92 1097 233 1183 injuriis,
250 1100 335 1164 sicut
352 1098 391 1164 de
407 1098 498 1164 robis
516 1119 607 1182 spem
623 1097 774 1180 gerimus,
791 1097 954 1162 adiuvare.
980 1095 1073 1162 Data
1089 1097 1225 1162 Floren-

90 1206 136 1270 tie
154 1204 208 1271 die
224 1203 322 1273 XVL
339 1205 453 1290 Martij
472 1205 557 1270 XII.
574 1205 749 1270 indictione
765 1201 1139 1272 MOOCLXXXVIII.

89 1353 217 1414 (Eredeti
231 1355 444 1420 fogslmazvstny
457 1369 474 1403 a
490 1355 627 1418 »Signort
641 1355 795 1419 Carteggle,
808 1355 936 1404 Missive«
952 1355 1004 1404 stb.
1019 1355 1096 1405 XXI.
1111 1354 1224 1419 kdtege·

308 1446 363 1495 ben
378 1451 420 1496 90.
435 1461 471 1495 sz.
485 1461 530 1509 s.;
550 1460 567 1494 a
579 1446 711 1494 florenczi
724 1460 798 1510 nagy
811 1445 1004 1504 levtlttrban.)

577 1606 738 1615 ..-.—-.-—

618 1773 694 1832 380.

85 1927 118 1994 Α
139 1929 288 1994 velenezei
303 1931 391 1995 kduet
407 1931 566 1995 Morosioi
584 1931 646 1995 Pol
663 1930 973 2016 Mcpyororszo'qddl
1000 1931 1137 1996 viszotdr
1159 1930 1216 1996 Ve-

530 2039 677 2103 lcncze'bc.
698 2041 792 2104 1388.
1220 2039 1225 2048 '

202 2197 300 2262 Anno
317 2196 695 2265 MCCOLXXXVIII.
711 2198 889 2263 indictione
905 2196 972 2262 XI.
989 2197 1040 2262 die
1057 2196 1102 2261 X.
1122 2198 1222 2280 Apri-

86 2305 142 2370 lis.
167 2303 316 2389 Oapta
333 2329 339 2369 :
367 2303 463 2389 Quod
489 2307 607 2372 nobilis
624 2306 674 2371 vir
689 2328 742 2371 ser
757 2306 880 2371 Paulus
897 2306 1096 2372 Mauroceno
1112 2307 1220 2386 Miles,

87 2412 150 2496 qui
166 2433 269 2496 nuper
283 2413 385 2477 rediit
401 2412 621 2480 Ambaxiator
637 2437 658 2479 a
674 2414 825 2498 partibus
851 2413 1032 2496 Hungarie,
1048 2419 1080 2478 et
1106 2419 1155 2478 est
1180 2414 1220 2478 de

86 2521 173 2604 ipsis
189 2521 284 2586 lactis
300 2521 394 2605 plene
409 2521 614 2605 informatus,
629 2523 709 2588 licet
725 2543 790 2586 non
807 2523 850 2586 sit
866 2522 905 2586 de
933 2521 1084 2586 ('onsiliis
1108 2520 1220 2606 Roga-

82 2636 206 2710 torum,
222 2632 325 2713 possit
343 2630 450 2696 venire
468 2630 634 2715 adipsum
654 2628 835 2696 Consilium
852 2632 1006 2713 quociens
1022 2629 1220 2696 tractabitur

82 2737 127 2801 de
144 2736 216 2801 istis
233 2735 337 2818 factis,
354 2745 386 2804 et
403 2739 511 2804 dicere
527 2740 709 2822 opinionem
727 2761 829 2819 suam,
841 2761 905 2804 non
916 2739 1212 2821 capiendopartem

153 2881 188 2943 (A
205 2883 316 2932 »misti«
333 2884 425 2933 czimtt
438 2883 577 2934 velenczei
591 2884 818 2948 ellamlrdnyvbdl
833 2883 890 2932 XL.
905 2882 1045 2932 kotetebol
1061 2885 1121 2933 246.
1136 2882 1166 2944 l.)

614 3175 688 3236 381.

82 3335 234 3418 Mopyar
250 3333 337 3398 kdoet
358 3332 565 3398 Veleocze‘ben
581 3357 602 3398 a
620 3329 887 3419 lrdztdrsosdppol
905 3333 1039 3398 lorado
1065 3333 1218 3418 szductsdp

518 3443 666 3528 r'r'pydbeo.
687 3444 780 3505 1388.

103 3631 104 3634 “
194 3601 294 3666 Anno
313 3599 687 3670 MOOOLXXXVHI.
703 3602 879 3667 indictione
896 3601 960 3666 XI.
980 3601 1032 3666 die
1049 3601 1094 3666 X.
1120 3599 1216 3684 Apri·

80 3710 133 3777 lis.
157 3705 325 3792 Capta:
345 3707 428 3774 Cum
445 3711 511 3774 iam
527 3711 637 3776 multis
655 3710 768 3775 diebus
785 3711 828 3773 sit
848 3709 900 3774 hic
926 3706 1133 3774 Ambaxator
1159 3709 1215 3773 Se-

79 3817 246 3883 renissimi
263 3817 385 3881 domini
401 3817 504 3900 Regis
522 3818 695 3902 Hungaric
712 3818 755 3882 ad
772 3815 896 3881 factum
915 3818 980 3899 lige
1006 3839 1078 3881 cum
1106 3816 1215 3881 Domi-

78 3924 216 3990 natione
233 3930 355 4005 nostra,
372 3931 405 3988 ct
422 3945 482 4007 pro
499 3923 622 3989 honore
639 3931 750 3989 nostro
767 3922 871 3989 faciat
897 3923 1068 4006 providere
1095 3932 1127 3987 et
1152 3924 1215 3988 dis-

79 4052 204 4117 ponere
221 4032 310 4096 circa
325 4032 567 4115 cxpeditionem
583 4054 691 4111 sumn3
708 4040 742 4097 et
758 4033 843 4097 sicut
860 4039 910 4096 est
927 4029 1133 4095 manifestum
1151 4053 1216 4095 mo·

79 4140 175 4206 doio
192 4139 323 4220 ultimis,
341 4141 473 4222 quando
488 4143 711 4206 revocavimus
738 4143 867 4206 demum
896 4147 1024 4205 nostros
1050 4137 1213 4204 Ambaxo-

77 4257 171 4314 tores
188 4248 228 4311 de
245 4249 394 4331 partibus
413 4250 592 4332 Hungarie,
610 4251 672 4316 suit-
699 4257 830 4334 captum
855 4251 889 4314 in
915 4250 1033 4314 nostris
1059 4246 1214 4313 Consiliis

85 4359 294 4437 Rogatorum
313 4363 346 4422 et
361 4355 553 4423 Addilionis
570 4360 732 4442 quoddam
750 4359 936 4444 capitulum,
952 4357 1039 4438 quod
1056 4363 1105 4421 est
1121 4356 1215 4421 valdo

76 4465 162 4528 utile
190 4472 222 4528 et
239 4465 368 4546 bonum,
384 4474 417 4531 et
434 4467 534 4532 servit
550 4473 583 4531 et
599 4469 732 4550 respicit
748 4470 780 4532 in
797 4489 925 4532 omnem
941 4473 1088 4548 partem3
1114 4471 1148 4528 et
1164 4466 1210 4530 fa·

78 4572 199 4639 ciendo
217 4594 275 4656 per
292 4574 383 4638 illum
400 4575 542 4659 modum,
558 4577 738 4641 veniremus
750 4598 819 4640 esse
830 4584 1055 4641 extrsomnenr
1068 4575 1213 4640 laborem
