3226 5254
626 307 721 367 1380.
1175 314 1237 372 367

1 465 11 536 s
111 483 303 561 censuarios,
320 481 475 561 civitates,
492 488 598 546 terras
614 486 647 546 et
663 482 743 560 loea,
760 503 822 565 que
839 504 896 566 per
921 485 1043 549 dictum
1060 483 1237 551 Commune

1 675 2 682 ἵ
111 597 142 654 et
156 590 332 672 colligatos
348 590 397 653 vel
415 588 560 672 aliquem
584 589 728 672 ipsorum
746 589 789 654 ad
814 611 946 673 presens
963 600 1124 674 tenentur,
1140 594 1190 658 rel
1205 595 1238 658 in

1 699 2 775 l
111 698 227 781 quibus
248 697 373 763 habent
399 699 461 781 ipsi
489 697 538 762 rel
563 698 683 780 uliquis
707 699 851 782 ipsorum
878 701 1167 783 preheminentiam
1189 701 1239 766 vel

1 832 2 872 1
110 805 302 887 custodiam,
318 807 424 871 necin
442 805 537 871 dietis
554 803 784 889 Comitatibus,
808 808 981 874 territoriis
1008 809 1057 874 vel
1083 808 1237 874 districti·

1 903 2 977 Ῐ
109 913 167 979 bus
183 915 315 978 venient
331 918 388 978 aut
404 914 577 978 intrabunt
594 914 666 978 sine
677 912 881 996 beneplacito
898 921 931 980 et
947 915 1112 981 voluntate
1137 915 1237 981 domi-

1 1073 2 1092 ,
109 1043 223 1088 norum
247 1023 400 1088 Priorum
416 1029 449 1087 et
466 1022 653 1092 Vexilliferi
680 1021 815 1088 Justitie
841 1023 961 1107 Populi
989 1032 1021 1090 et
1048 1024 1237 1091 Communis

1 1202 3 1212 ¹
108 1129 288 1214 Florentio,
307 1130 417 1212 quoad
434 1125 613 1197 Commune
630 1129 798 1196 Florentia
818 1133 935 1197 eteius
960 1138 1068 1198 terras
1093 1140 1125 1198 et
1141 1135 1236 1198 terri-

1 1319 2 1324 *
108 1239 200 1303 toria.
218 1237 302 1303 Cum
318 1238 381 1305 boo
396 1239 495 1304 etiam
512 1245 608 1321 paeto
624 1259 773 1322 expresse
790 1261 847 1322 per
857 1238 961 1307 dictos
976 1239 1234 1308 Ambaxiatores

1 1327 2 1340 ¹
107 1353 138 1412 et
154 1344 324 1412 Sindinum
341 1346 523 1413 nominibus
539 1367 639 1430 supra
657 1348 691 1411 in
706 1347 917 1431 promissione
929 1349 1099 1416 solutionis
1116 1357 1148 1414 et
1164 1371 1238 1415 oon-

1 1504 3 1528 ,
106 1461 231 1521 tractus
247 1477 306 1540 per
322 1477 377 1522 eos
393 1456 490 1522 dietis
506 1453 689 1522 nominibus
714 1455 864 1522 ineundis
888 1457 1061 1524 inserendo
1077 1462 1111 1522 et
1136 1479 1237 1540 appo-

1 1616 2 1636 ,
106 1566 223 1649 nendo,
254 1566 341 1650 quod
367 1566 472 1631 diulus
489 1564 638 1631 dominus
665 1565 820 1646 Karolus,
844 1566 878 1631 in
904 1572 1060 1650 quantum
1086 1566 1236 1632 videlicet

1 1757 2 1770 χ
105 1674 194 1738 dioto
221 1672 350 1738 domino
376 1673 503 1739 Karolo
520 1671 674 1757 possibile
691 1674 742 1754 sit,
759 1680 792 1738 et
808 1673 912 1738 dietus
938 1672 1086 1739 dominus
1110 1674 1236 1741 Johan-

105 1802 162 1844 nes
179 1781 292 1847 Banus
309 1779 512 1866 Capitoneus
529 1781 719 1864 prelibatus,
733 1780 856 1846 iaciant
865 1787 898 1846 et
908 1788 1022 1847 curent
1038 1805 1109 1847 oum
1120 1781 1235 1848 effectu

104 1887 194 1953 infra
209 1885 291 1954 duos
309 1889 377 1954 dies
394 1888 578 1954 immediate
598 1896 770 1972 sequentes
786 1895 862 1972 post
888 1890 1026 1972 primam
1042 1889 1234 1956 solutionem

1 2031 2 2034 π
105 1995 245 2062 fiendam
264 1997 303 2062 de
318 1997 483 2082 predictis,
501 1997 589 2080 quod
605 2019 716 2064 omnes
733 1997 891 2081 Unghari,
908 2005 940 2063 et
956 2019 1067 2064 omues
1078 1999 1142 2063 alie
1160 2021 1235 2083 gen-

13 2110 15 2116 '
103 2112 153 2170 tes
171 2107 347 2171 existentes
362 2129 434 2172 eum
451 2106 539 2172 dieto
557 2107 687 2172 domino
705 2106 831 2172 Karolo
848 2107 990 2172 debeant
1006 2105 1132 2173 elevare
1149 2129 1233 2172 eam·

1 2239 2 2251 ¹
103 2236 191 2297 pum,
208 2215 297 2280 etde
315 2213 481 2281 Comitatu
497 2222 531 2279 et
547 2215 713 2280 territorio
733 2215 903 2281 Florentie
920 2216 1017 2281 exire.
1041 2214 1100 2281 Ita
1116 2222 1235 2297 tamen,

104 2322 193 2403 quod
225 2321 274 2386 illi
299 2343 339 2386 ex
363 2324 450 2405 ipsis,
477 2323 533 2405 qui
550 2344 610 2405 pro
636 2322 741 2386 eundo
766 2323 832 2386 alio
861 2321 980 2388 vellent
1010 2323 1151 2389 transire
1177 2344 1234 2406 per

1 2461 2 2474 ¹
103 2429 310 2494 territorium
326 2429 502 2510 Florentie,
534 2428 721 2494 debeant'et
737 2435 910 2494 teneantur
935 2429 984 2495 ire
1009 2437 1101 2495 reato
1118 2430 1232 2496 itinere

54 2602 56 2608 ,
102 2559 164 2620 per
180 2539 261 2620 vias,
278 2558 341 2621 que
358 2538 403 2602 eis
419 2560 478 2621 pro
498 2543 592 2620 parte
616 2536 804 2603 Communis
829 2537 995 2602 Florentia
1021 2537 1232 2621 assignabun-

1 2625 2 2666 ³
101 2651 167 2726 tur,
184 2645 385 2712 continuatis
402 2645 542 2711 dietiset
553 2643 676 2726 absque
688 2665 789 2723 mora,
801 2665 864 2709 nou
875 2644 1023 2711 faciendo
1034 2646 1188 2712 damnum
1200 2650 1234 2710 et

1 2737 2 2788 i
101 2751 214 2818 debite
231 2752 383 2819 solvendo
398 2773 460 2835 pro
475 2749 573 2817 rebus
590 2771 672 2834 quas
691 2754 893 2835 acciperent,
910 2759 943 2817 et
959 2774 1018 2836 pro
1043 2760 1138 2838 parte
1154 2752 1234 2817 dicti

1 2876 2 2914 1
102 2859 296 2927 Communis
312 2861 391 2944 ipsis
423 2859 565 2926 debeant
580 2882 640 2943 pro
657 2858 774 2924 debitis
791 2860 903 2943 pretiis
930 2862 1085 2928 victualia
1105 2860 1234 2944 expedi·

101 2971 193 3035 entia
225 2969 418 3034 ministrari.
448 2969 495 3033 Et
520 2968 672 3032 similiter
700 2966 905 3050 intelligatur
930 2972 962 3033 et
987 2969 1177 3035 observetur
1202 2977 1233 3034 et

1 3065 2 3160 l
100 3077 272 3144 observari
289 3076 406 3142 debeat
424 3075 458 3140 iu
483 3073 659 3140 territoriis
685 3081 717 3140 et
743 3095 840 3157 super
862 3074 1038 3140 territoriis
1063 3075 1232 3160 colligato-

100 3209 176 3253 rum
192 3185 274 3250 clieti
290 3183 487 3264 Communis,
504 3204 563 3268 per
579 3202 641 3266 que
657 3181 797 3247 transire
807 3181 935 3246 vellent.
953 3183 1008 3247 Ita
1018 3183 1127 3264 etiam,
1145 3184 1233 3265 quod

1 3371 3 3389 ³
100 3299 127 3360 si
145 3295 267 3360 vellent
282 3293 421 3360 transire
436 3313 496 3376 per
511 3291 712 3358 territorium
729 3291 864 3356 alieuius
881 3313 919 3355 ex
936 3291 1032 3356 dietis
1059 3292 1232 3384 colligatis,

1 3401 2 3466 3
99 3403 330 3470 ministrentur
346 3402 392 3469 eis
409 3399 576 3472 vietulalio
592 3399 776 3465 necessaria
792 3420 851 3481 pro
863 3399 968 3481 pretio
985 3403 1189 3484 competenti,
1200 3409 1232 3466 et

1 3560 2 3564 ,
99 3514 163 3597 ipsi
190 3511 331 3578 debeant
354 3511 496 3576 transire
522 3507 721 3576 continuatis
748 3505 853 3589 dietis,
881 3515 914 3572 et
938 3508 1059 3592 absque
1084 3508 1232 3575 illatione

100 3622 223 3702 damni,
240 3627 274 3684 et
289 3619 477 3703 aeeipieudu
493 3617 719 3700 victualiapro
731 3616 844 3697 pretiis
856 3614 993 3697 debitis,
1010 3623 1043 3681 et
1060 3617 1147 3702 quod
1163 3618 1231 3701 ipse

98 3737 215 3813 gentes
232 3749 295 3792 non
307 3727 448 3793 debeant
458 3724 576 3792 offendi
592 3747 651 3809 per
665 3731 778 3807 gentes
790 3723 979 3790 Communis
991 3725 1165 3808 Florentie,
1182 3727 1229 3793 vel

99 3839 262 3904 dictorum
279 3837 517 3920 colligatorum,
533 3833 732 3900 transeundo
749 3841 786 3899 ut
796 3834 988 3917 predicitur.
998 3835 1047 3900 Et
1064 3834 1151 3918 quod
1162 3856 1229 3919 pre·

98 3949 185 4012 dicte
202 3951 316 4029 gentes
333 3945 379 4009 sie
395 3949 603 4009 transeuntes
620 3961 685 4006 non
704 3940 932 4024 intelligantur
958 3941 1055 4008 fidem
1081 3963 1231 4025 rumpere

99 4051 292 4138 accipiendo
312 4050 536 4131 comestibilia,
563 4069 625 4132 que
650 4054 745 4112 extra
770 4047 948 4113 fortalitias
972 4048 1172 4130 invenireut3
1198 4057 1231 4115 et

100 4165 188 4247 quod
205 4164 354 4247 predicta
369 4163 479 4229 omnia
496 4159 724 4243 intelligantur
741 4158 827 4225 bona
851 4158 913 4224 fide
939 4167 971 4224 et
997 4160 1039 4226 ad
1055 4181 1170 4226 sanum
1185 4160 1230 4223 in-

91 4272 275 4339 tellectum.
292 4271 339 4336 Et
355 4271 398 4336 ad
413 4270 633 4353 recipiendum
650 4267 778 4332 nomine
795 4267 874 4331 dieti
891 4265 1087 4333 Communis
1103 4290 1123 4332 a
1142 4267 1230 4333 dioto

97 4379 231 4446 domino
258 4377 358 4464 Rege,
383 4387 416 4445 et
432 4400 489 4443 seu
505 4377 546 4443 ab
575 4377 677 4460 ipsius
703 4375 825 4441 domini
849 4373 950 4459 Regis
967 4381 1179 4458 procuratore
1197 4382 1230 4441 et

97 4489 313 4572 mandatario,
330 4495 362 4553 et
377 4511 397 4553 a
413 4488 501 4553 dieto
518 4485 648 4550 domino
674 4485 803 4550 Karolo
820 4489 853 4547 et
868 4484 999 4548 domino
1016 4483 1041 4549 J
1043 4485 1179 4570 ohanne,
1195 4490 1228 4549 et
