3226 5258
617 331 711 410 lert.
943 441 947 446 Δ
1185 347 1225 412 15

1 527 2 610 ᾗ
92 513 333 591 fraternitatem
348 528 442 591 tuam
457 523 551 590 nobis
567 544 677 589 caram
703 523 884 610 rogandam
899 522 1050 593 duximus
1066 526 1228 594 attencius

1 648 2 688 l
93 632 348 717 ethcrtandam,
375 633 529 716 quatinus
554 653 616 716 pro
642 633 748 700 nostri
763 639 796 700 et
810 631 1002 718 Apostolice
1029 631 1125 702 Sedis
1141 656 1229 702 reve-

1 800 2 807 ,
94 742 210 824 rentia
226 762 267 807 ac
282 741 384 807 etiam
400 747 456 808 tue
472 740 588 807 salutis
603 746 637 807 et
651 741 780 825 publice
808 743 963 810 utilitatis
979 745 1108 826 intuitu,
1125 744 1228 829 ipsum

1 873 2 885 ¹
96 849 224 934 Regem
249 848 400 934 Vngarie
425 849 468 915 ad
492 848 612 916 bonam
626 869 742 933 pacem
757 856 791 916 et
806 851 1013 918 concordiam
1029 873 1101 918 cum
1117 853 1230 919 eodem

97 957 302 1043 Imperatore
326 954 511 1023 habendam
536 957 686 1023 omnibus
712 958 771 1024 viis
787 964 821 1025 et
835 960 949 1043 modis,
965 960 1083 1045 quihus
1098 961 1231 1044 poteris,

1 1090 2 1098 ¹
98 1066 244 1148 inducas,
269 1087 308 1133 ao
332 1064 551 1132 venerabilem
575 1063 712 1132 fratrem
727 1074 876 1134 nostrum
891 1066 1079 1136 Johannsm
1094 1067 1231 1152 Episco-

99 1197 174 1260 pum
199 1175 453 1260 Augustensem,
477 1178 511 1240 et
533 1173 719 1243 Johannem
744 1176 786 1243 de
812 1174 1015 1262 Caprespino
1031 1177 1232 1245 canonicum

1 1366 2 1372 ἵ
101 1284 359 1365 Narbonensem,
375 1306 458 1370 quos
481 1305 543 1368 pro
569 1286 667 1353 certis
688 1285 800 1353 arduis
815 1288 955 1372 negotiis
971 1289 1013 1354 ad
1029 1295 1141 1372 partes
1157 1289 1234 1354 illas

103 1392 254 1461 duximus
280 1391 500 1474 destinandos,
525 1413 564 1458 ac
589 1399 703 1459 nostra
717 1399 751 1459 et
766 1394 915 1462 Ecclesia
935 1395 1085 1462 Romane
1101 1397 1232 1479 negotia

102 1501 223 1568 habeas
248 1499 473 1568 favorabiliter
498 1500 746 1584 commendata,
770 1502 851 1586 ipsis
865 1500 1013 1588 Nnnciis,
1038 1501 1115 1570 dum
1140 1502 1183 1570 ad
1199 1507 1232 1568 te

106 1610 263 1691 venerint,
278 1614 313 1674 et
328 1627 442 1674 eorum
466 1607 561 1673 alteri
587 1628 685 1692 super
709 1608 782 1689 hiis,
798 1629 861 1692 que
877 1631 916 1676 ex
931 1616 1027 1694 parte
1043 1616 1156 1676 nostra
1172 1609 1233 1676 tibi

1 1752 2 1793 ς
105 1717 222 1800 dicent,
247 1713 405 1781 adhibeas
430 1715 561 1798 plenam
585 1713 691 1782 fidem.
716 1713 764 1780 Et
788 1717 921 1802 insuper
944 1739 1017 1782 eum
1041 1716 1160 1786 nobilis
1185 1722 1234 1786 vir

1 1811 2 1857 ³
105 1825 294 1892 Bernarbos
309 1823 351 1888 de
365 1822 624 1892 vicecomitibus
640 1822 740 1890 Miles
754 1824 1018 1910 Mediolanensis,
1028 1827 1154 1894 abiecto
1171 1826 1234 1894 Dei

1 1967 2 1972 κ
106 1935 227 2016 timore,
241 1931 389 1997 Ecclesia
413 1931 561 1999 Romane
585 1932 692 1998 Matri
707 1953 762 1999 sue
779 1932 914 2000 cottidie
938 1934 1074 2000 iniurias
1089 1936 1236 2020 irrogare

1 2097 2 2108 ,
108 2063 168 2110 non
192 2045 305 2123 cesset,
330 2045 362 2106 et
386 2040 417 2105 ei
440 2059 595 2122 guerram
620 2039 727 2106 facere
753 2044 986 2122 comminetur,
1009 2039 1184 2108 affectuose
1203 2049 1236 2110 te

109 2169 258 2234 rogamus
273 2153 308 2213 et
323 2169 363 2212 ex
382 2145 491 2228 corde,
506 2148 662 2231 quatinus
679 2147 768 2232 apud
783 2148 922 2215 eundem
937 2150 1063 2234 Regem
1079 2148 1236 2234 Vngarie,

110 2267 204 2344 prout
228 2259 325 2343 plene
350 2255 549 2338 confidimus,
575 2262 610 2322 et
635 2259 733 2322 etiam
758 2257 848 2342 apud
861 2257 945 2343 illos,
961 2260 1017 2343 qui
1033 2261 1068 2324 in
1084 2258 1145 2326 hoc
1162 2281 1236 2344 pro·

1 2384 2 2414 ³
112 2367 198 2436 desse
214 2370 379 2450 poterunt,
395 2365 572 2448 diligenter
596 2364 739 2448 insistas,
755 2372 792 2431 ut
807 2365 901 2438 nobis
918 2374 951 2432 et
966 2366 1070 2436 eidem
1086 2367 1237 2436 Romane

11 2496 14 2504 ’
111 2475 262 2556 Ecclesie,
288 2475 317 2539 si
342 2471 517 2558 expediens
533 2471 640 2554 fuerit,
655 2475 698 2540 sd
714 2473 931 2542 resistendum
950 2474 1095 2541 eiusdem
1111 2476 1237 2543 Barna·

112 2583 203 2650 bonis
218 2581 380 2667 perversis
396 2579 568 2647 conatibus
584 2581 741 2647 auxilium
757 2579 915 2665 prebeant
924 2588 957 2648 et
966 2582 1123 2649 levamen.
1139 2585 1185 2650 Et
1201 2592 1238 2652 ut

111 2712 174 2756 non
190 2691 295 2757 solum
322 2688 457 2772 terreni,
481 2687 537 2752 sed
563 2693 597 2753 et
622 2685 766 2773 Superni
789 2689 901 2774 Regis,
916 2697 951 2755 et
965 2711 1024 2775 per
1039 2711 1238 2777 consequens

1 2801 2 2804 ’
112 2799 300 2885 Apostolice
327 2795 422 2863 Sedis
447 2797 590 2882 gratiam
616 2803 650 2862 et
675 2803 823 2864 nostram
848 2797 985 2864 ulterius
1010 2801 1175 2884 merearis,
1192 2803 1240 2866 sic

1 2981 2 2990 ,
113 2909 277 2993 premissa,
302 2907 343 2973 de
369 2906 488 2990 quibus
513 2910 546 2970 te
571 2905 768 2990 rogavimus,
802 2905 989 2990 adimplere,
1014 2929 1053 2974 ac
1076 2907 1240 2992 prefatum

111 3019 247 3104 Regem,
261 3024 299 3083 ut
313 3018 348 3083 in
362 3015 532 3082 devotione
548 3016 645 3082 solita
660 3019 836 3101 persistens
853 3016 1020 3084 Ecclesiae
1036 3023 1070 3084 et
1084 3039 1240 3102 personas

1 3134 2 3138 ’
113 3127 351 3194 ecclesiasticas
368 3146 496 3210 semper
513 3123 635 3190 habeat
648 3123 683 3190 in
702 3123 834 3209 honore,
852 3145 1027 3210 eorumque
1044 3124 1117 3191 iura
1131 3133 1241 3210 prote·

1 3281 2 3290 η
112 3243 170 3320 gat
187 3242 219 3301 et
234 3233 398 3316 defendat,
423 3232 574 3299 inducere
601 3232 743 3317 studeas,
758 3241 791 3299 et
807 3234 896 3317 quod
912 3234 988 3300 inde
1002 3232 1065 3300 tibi
1081 3235 1241 3317 premium

112 3349 339 3428 compensetur
363 3365 384 3409 a
409 3343 560 3424 Domino,
586 3363 711 3428 nosque
738 3345 804 3409 tuis
829 3342 1006 3409 honoribus
1029 3341 1241 3410 favorabilius

1 3485 2 3488 =
111 3451 279 3517 intendere
304 3456 486 3531 teneamur,
510 3457 544 3515 et
562 3448 791 3516 nichilominus
808 3451 938 3535 prelato
953 3447 1104 3516 Galvano
1119 3451 1154 3517 in
1168 3450 1242 3533 hiis,

111 3581 177 3644 qne
196 3580 234 3625 ex
248 3568 343 3645 parte
357 3565 471 3626 nostra
485 3559 545 3626 tibi
560 3559 658 3645 dicet,
673 3559 832 3626 adhibeas
848 3559 979 3644 plenam
994 3556 1102 3624 fidem.
1117 3557 1242 3625 Datum

1 3745 2 3749 Ἰ
112 3666 206 3751 apud
219 3665 461 3736 villamnovam
487 3665 717 3736 avinionensis
741 3665 892 3734 Diocesis
909 3667 990 3739 VII.
1006 3666 1081 3733 idus
1097 3665 1242 3753 Septem·

1 3762 2 3774 ³
111 3777 195 3855 bris,
211 3775 423 3844 Pontificatus
438 3775 543 3841 nostri
559 3797 645 3843 anno
660 3778 773 3862 primo.

111 3917 177 3988 (XL
192 3917 308 3986 Gergely
321 3924 396 3986 papa
408 3921 585 3989 regeretibtl.
607 3923 648 3973 An
662 3924 699 3973 itt
712 3923 834 3976 emlitett
846 3921 988 3974 Galvanus
1008 3931 1172 3984 ugyansron
1185 3915 1243 3970 Ma·

1 4089 2 4092 ¹
110 4013 206 4076 cister
220 4015 356 4065 dalvanus
368 4013 492 4079 Bethini,
505 4014 535 4064 hi
547 4029 581 4064 az
591 4014 691 4065 akkori
703 4015 779 4079 paesi
792 4018 951 4080 egyetemes
965 4011 1038 4062 mint
1051 4023 1068 4058 e
1081 4009 1185 4059 tanoni
1195 4010 1244 4074 jug

539 4105 640 4156 tantra
652 4105 819 4169 mukudeu.)

601 4279 763 4294 ...ιι-υ*
