3182 5252
779 415 1013 482 nieuouaezrar
1032 403 1196 482 nuntiauit.

956 727 1030 787 3111.

425 885 613 950 Bernorrioi
631 885 832 949 Ferencznek
849 884 944 948 lerele
961 887 1049 950 Zeno
1068 885 1193 971 Kuroiy
1209 886 1242 950 e'e
1257 886 1444 949 idrsar'nok.
1462 885 1542 952 1384.

531 1043 727 1127 Exemplum
752 1043 938 1110 litterarum
963 1045 1005 1110 de
1031 1045 1180 1129 partibus
1196 1045 1370 1129 Hungarie
1384 1049 1541 1112 missarum

427 1175 486 1236 per
502 1152 714 1218 Frenoiscum
732 1150 772 1214 de
789 1151 964 1218 Bernerdo
980 1151 1166 1218 ser'Carolo
1177 1151 1274 1218 Geno
1291 1160 1325 1217 et
1341 1155 1455 1234 sociis3
1477 1154 1543 1217 data

424 1260 476 1324 die
494 1259 577 1324 XX.
594 1261 714 1325 mensis
731 1257 933 1324 Decembris.

423 1511 466 1522 —
513 1476 542 1539 E
568 1476 623 1558 piir
647 1477 681 1539 ui
707 1473 812 1554 dicho,
837 1473 896 1538 ohe
922 1475 1037 1540 siando
1061 1475 1095 1538 in
1120 1481 1352 1540 resonamento
1367 1477 1408 1540 de
1424 1476 1539 1540 diverse

420 1605 497 1648 eose
513 1603 575 1647 eun
601 1582 633 1646 lo
659 1603 741 1664 gran
768 1579 885 1660 Conte,
903 1581 935 1644 io
951 1580 976 1644 li
991 1579 1068 1646 haui
1084 1583 1104 1645 a
1121 1581 1208 1660 dire3
1232 1602 1249 1644 e
1265 1582 1314 1645 zio
1331 1602 1421 1660 uene,
1437 1582 1540 1666 perche

422 1691 615 1778 parlauamo
641 1683 680 1754 de¹
705 1689 765 1754 sati
792 1689 832 1754 de
859 1710 947 1754 mare
974 1710 991 1754 e
1017 1689 1057 1754 <le
1083 1689 1179 1772 galie,
1194 1688 1275 1753 diesi
1292 1690 1382 1754 :sul
1399 1711 1448 1755 ure
1463 1709 1540 1772 pere,

423 1799 494 1863 chel
511 1798 670 1865 Commun
687 1797 727 1863 de
744 1795 892 1866 Venexia
917 1817 1018 1862 norea
1034 1817 1113 1860 ouer
1128 1795 1197 1862 fato
1214 1796 1323 1879 quello
1340 1797 1380 1862 de
1395 1797 1452 1862 ohe
1467 1798 1541 1863 aitn

423 1910 515 1974 uuita
532 1908 565 1973 lo
580 1908 791 1987 recheristi‹;
815 1906 893 1972 dissi
912 1931 917 1970 :
944 1927 1035 1972 como
1052 1906 1082 1971 el
1098 1929 1165 1991 say,
1183 1929 1200 1972 e
1216 1908 1275 1973 ohe
1291 1929 1333 1973 ne
1349 1909 1450 1990 senti,
1473 1907 1539 1972 dissi

421 2039 480 2100 per
505 2017 624 2100 algune
650 2037 748 2096 nosse,
774 2016 833 2080 che
858 2036 908 2078 me
935 2037 995 2098 par
1021 2017 1322 2099 sentirepermare
1339 2039 1356 2080 e
1373 2025 1538 2101 perterre,

422 2127 456 2191 di
480 2127 540 2190 ohe
566 2126 620 2208 luy
646 2146 696 2188 nie
722 2124 816 2203 disse,
833 2145 851 2188 e
867 2125 977 2206 pregri,
993 2122 1052 2188 ohe
1067 2124 1100 2188 io
1116 2144 1157 2188 ne
1175 2123 1309 2189 danesse
1326 2127 1455 2206 seriuer,
1468 2147 1485 2190 e
1500 2122 1537 2186 sel

422 2234 513 2299 uoler
530 2255 569 2298 ue
586 2254 653 2316 era,
669 2232 728 2298 che
744 2236 764 2296 rt
780 2232 824 2295 lui
842 2230 976 2314 plaseua
1001 2230 1110 2310 molto,
1128 2253 1145 2296 e
1162 2232 1220 2296 ohe
1238 2253 1272 2296 se
1289 2255 1355 2316 uuy
1381 2233 1483 2300 uoleui
1498 2239 1536 2296 ut

421 2343 547 2423 tendor,
572 2341 631 2405 ohe
656 2339 820 2405 mandasti
844 2359 984 2422 persona
1010 2338 1053 2402 da
1077 2339 1125 2402 zio
1152 2359 1222 2404 oum
1245 2339 1356 2423 quella
1372 2341 1535 2405 intentione

422 2450 483 2514 che
499 2450 654 2528 bastasse,
671 2448 730 2512 che
746 2447 788 2510 de
805 2449 870 2530 quit
880 2453 972 2511 troue
982 2453 1069 2510 reste
1079 2453 1190 2511 nostro
1201 2445 1535 2529 intendimento,houel

422 2560 537 2622 scritto
554 2557 662 2640 quello
680 2556 738 2620 ohe
755 2577 795 2620 ue
812 2577 880 2638 par,
896 2576 936 2620 ne
951 2553 1029 2636 fate,
1046 2560 1080 2619 et
1095 2557 1114 2618 ir
1130 2557 1174 2618 nri
1190 2576 1229 2620 ne
1248 2557 1442 2638 respondete
1457 2576 1488 2618 se
1503 2575 1534 2616 ue

422 2688 509 2749 pare,
527 2666 614 2730 siche
632 2686 728 2747 possa
745 2663 903 2728 renderue
919 2662 1040 2744 alguna
1055 2668 1203 2746 resposta
1220 2663 1283 2727 stb.

494 2811 529 2870 (A
545 2810 654 2859 »Mirati«
671 2809 759 2858 czinnt
774 2808 912 2858 veienezei
926 2807 1156 2870 allamkonyvbol
1169 2807 1298 2856 xxxlx.
1314 2808 1372 2858 kot.
1389 2815 1429 2858 76.
1442 2811 1467 2869 1,)

947 3098 1021 3159 302.

422 3259 567 3326 Tearrko
584 3257 635 3324 ΙΙ.
656 3261 764 3324 latoria
782 3259 870 3322 azert
886 3260 918 3321 ese
928 3259 1073 3323 boazrrioi
1083 3259 1266 3344 kirdlynak
1283 3286 1303 3324 α
1316 3261 1463 3324 veterani
1471 3259 1532 3320 kor-

814 3372 1039 3452 nrrinytono‘ce.
1054 3367 1154 3431 1384.

528 3528 626 3592 Anno
644 3525 1004 3592 MOCCLXXXIIH.
1021 3527 1074 3591 die
1090 3525 1218 3593 XXII.
1230 3527 1428 3594 Decembris
1444 3527 1529 3606 Cap

419 3643 462 3700 ta
480 3661 486 3698 :
504 3635 599 3718 Quod
619 3635 783 3700 scribatur
809 3635 940 3700 domino
966 3633 1052 3716 Regi
1077 3631 1195 3702 Rassie
1220 3637 1253 3699 in
1279 3635 1341 3702 hae
1366 3637 1472 3716 forma,
1495 3633 1527 3695 ri-

418 3743 536 3806 delioet
552 3768 559 3807 :

528 3849 620 3914 Siout
637 3849 741 3930 Regia
758 3851 917 3915 Maiestas
934 3849 1059 3918 Vestra
1074 3851 1174 3931 norit,
1192 3852 1265 3934 ipsa
1289 3858 1418 3917 tenetur
1443 3846 1523 3915 nobili

416 3959 484 4022 riro
501 3981 553 4022 ser
570 3957 708 4023 Nicolao
726 3958 832 4024 Basso
850 3959 1034 4042 capitaneo
1052 3980 1119 4038 suo,
1136 3960 1198 4022 oiri
1225 3965 1346 4042 nostro,
1372 3962 1404 4024 in
1428 3973 1522 4039 magun

416 4069 551 4148 pecunie
568 4089 701 4149 sumnia,
718 4070 823 4132 causis
840 4067 957 4132 Eidem
975 4067 1147 4133 Maiestuti
1167 4069 1262 4132 notis.
1288 4069 1335 4133 Et
1362 4071 1438 4153 quis
1463 4067 1521 4132 alus

416 4175 621 4240 Excellentio
635 4175 755 4241 Vestra
772 4177 909 4258 scripsit,
926 4185 958 4240 et
975 4175 1209 4257 subsequenter
1218 4177 1521 4258 perAmbaxatorrn

417 4305 507 4348 suurn
526 4286 620 4349 uobis
639 4284 714 4348 seeit
730 4287 856 4367 exponi,
881 4286 967 4369 quod
985 4285 1139 4351 redderet
1164 4287 1268 4368 ipsum
1295 4307 1347 4352 ser
1373 4287 1520 4351 Nicolaum

417 4390 496 4455 beno
514 4401 722 4472 contentum
746 4393 966 4475 sperabamus,
983 4394 1070 4476 quod
1096 4393 1157 4458 hoo
1186 4395 1281 4459 modo
1306 4396 1425 4459 sartum
1450 4400 1522 4460 essu

417 4499 627 4565 consideratis
644 4501 736 4564 iustis
753 4502 858 4564 causis
876 4509 907 4564 et
925 4503 1021 4584 longo
1038 4509 1193 4584 tempore,
1210 4523 1274 4584 qno
1292 4503 1518 4566 satisfactionem

417 4627 507 4669 suurn
525 4609 686 4690 patienter
702 4607 900 4688 prestolatus
918 4617 974 4672 est.
992 4609 1037 4672 Et
1064 4609 1141 4690 quia
1167 4609 1235 4690 ipse
1252 4630 1304 4674 ser
1331 4608 1474 4674 Niconis
1487 4597 1518 4662 ob
