3222 5250
431 289 496 350 660
783 307 1017 352 nnnnuuczmr
1034 295 1202 354 nunsunn.

431 467 517 532 dicto
533 465 634 550 prode
650 466 843 533 ducatorum
858 468 960 533 millia
975 465 1008 532 V
1023 473 1162 548 centum,
1188 475 1222 534 et
1247 470 1312 534 alia
1332 469 1386 535 111
1403 466 1538 534 miltiai'

431 580 558 641 centum
575 573 776 658 ducatorum,
803 597 866 661 que
892 583 969 642 sunt
994 577 1158 642 residuum
1175 576 1263 644 dicte
1280 580 1412 663 pecunie
1430 577 1540 642 scilicet

430 683 552 766 prodis,
567 685 751 752 scribantur
761 684 824 750 sibi
835 687 868 750 in
879 685 1076 768 capitalibus
1086 686 1129 752 ad
1139 687 1313 754 Cameram
1322 687 1486 753 Frumenti
1496 687 1544 764 its,

430 791 518 876 quod
534 791 573 856 de
590 794 688 860 dictis
704 793 809 858 tribus
835 793 965 862 milibus
991 800 1024 858 ct
1051 797 1237 878 quingentis
1263 797 1388 862 ‹iucatis
1414 797 1542 878 recipere

430 901 550 968 debeat
566 903 667 985 prode
683 923 742 985 pro
759 901 823 968 isto
840 924 949 969 mense
966 901 1145 970 Novembri
1162 906 1307 988 proxime
1323 905 1440 985 futuro,
1459 909 1544 987 prout

429 1009 571 1076 faciebat
587 1011 627 1076 dc
642 1010 739 1076 dictis
752 1009 786 1077 V
801 1010 904 1076 millia
920 1011 1045 1078 ducatis
1058 1037 1066 1093 ;
1082 1018 1115 1077 et
1140 1013 1186 1078 sic
1210 1016 1388 1080 successive
1413 1011 1454 1077 de
1476 1017 1543 1075 tem-

430 1138 509 1202 pora
525 1117 559 1182 in
575 1125 712 1201 tempus.
738 1117 824 1183 Item
840 1118 881 1183 de
896 1117 999 1202 prode
1025 1119 1083 1184 ΠΙ
1103 1120 1241 1186 millium
1258 1121 1289 1186 V
1315 1129 1443 1185 centum
1459 1119 1544 1183 duca·

428 1231 546 1307 torum,
571 1226 658 1309 quod
683 1225 829 1309 recipere
854 1226 953 1292 debet
978 1229 1041 1292 isto
1067 1249 1177 1294 mense
1202 1228 1379 1295 Novembri
1405 1229 1540 1313 proxime

428 1340 575 1416 uenturo,
591 1334 831 1416 complaceatur
847 1335 907 1400 sibi
933 1337 966 1400 in
992 1340 1129 1420 tantum,
1156 1337 1243 1420 qnod
1269 1337 1332 1402 sibi
1357 1336 1474 1402 dentur
1497 1355 1545 1418 pro
1595 1355 1597 1406 i

429 1443 572 1526 presenti
589 1441 699 1508 ducati
714 1441 845 1506 ducenti
861 1443 1100 1527 quinquaginta
1115 1447 1196 1509 auri.
1596 1433 1597 1438 ἵ

534 1589 569 1650 (Α
585 1589 695 1638 ›Misti‹
711 1589 801 1638 czimtt
815 1589 953 1638 vetenczei
968 1589 1196 1653 altamkonysbol
1208 1589 1266 1639 XL.
1281 1590 1338 1639 kot.
1354 1593 1414 1638 260.
1428 1589 1457 1648 l.)

916 1787 1075 1799 ..————--

959 1955 1031 2016 389.

431 2111 629 2201 Szbvetsiya
654 2115 808 2179 ocleacaei
833 2114 865 2179 c'a
890 2137 911 2180 a
935 2115 1058 2201 paciaci
1082 2113 1334 2200 kitztcirsusripolr
1359 2113 1437 2178 boza
1463 2115 1544 2176 1388.
1596 2163 1597 2168 ,

537 2271 636 2340 Anno
652 2273 1025 2342 MOCOLXXXVIII.
1042 2275 1095 2340 die
1111 2273 1211 2342 VIII.
1236 2276 1262 2342 J
1264 2275 1340 2339 unii.
1367 2273 1424 2356 (lu
1440 2275 1545 2338 tracta·

430 2383 518 2448 tione
534 2384 620 2467 ligae
635 2384 721 2449 inter
747 2384 909 2452 Venetam
926 2390 959 2449 et
974 2382 1000 2448 J
1001 2404 1174 2450 anuenscm
1200 2383 1420 2467 Respublicas
1445 2384 1475 2445 in
1499 2377 1544 2442 Se

430 2497 510 2556 natu
529 2490 657 2558 Veneto
673 2492 874 2576 propositum
890 2492 972 2558 fuit:
991 2492 1079 2574 quod
1095 2497 1214 2556 neutra
1228 2492 1372 2574 partium
1388 2491 1489 2574 possit
1501 2507 1542 2552 ac-

432 2599 559 2680 quirere
575 2607 681 2665 terras
697 2598 748 2664 nel
765 2601 837 2666 loca
852 2601 886 2664 in
903 2601 1018 2683 Regno
1034 2599 1226 2682 Hungariae
1242 2621 1298 2664 seu
1314 2598 1397 2663 iocis
1414 2595 1543 2681 supposi-

430 2707 472 2770 tis
504 2705 631 2772 Corone
655 2708 764 2792 Regni
790 2708 981 2792 Hungarie;
1012 2707 1108 2792 item)
1144 2707 1231 2789 quod
1256 2708 1440 2772 Januenscs
1466 2703 1541 2770 nullo

431 2814 526 2880 modo
542 2818 668 2900 possint
692 2817 753 2880 sibi
771 2817 942 2899 acquirere
957 2821 1065 2882 terras
1082 2815 1131 2879 vel
1147 2815 1220 2879 loca
1235 2816 1270 2878 in
1287 2813 1386 2879 Culio
1404 2811 1542 2880 Venetia·

430 2946 511 3004 rum,
528 2933 561 2990 ct
578 2924 664 3008 quod
681 2946 745 2990 non
771 2926 973 3010 impendiant
998 2924 1142 2992 Venetos
1158 2946 1178 2988 a
1195 2923 1259 3007 Syo
1278 2925 1362 2988 citra
1388 2943 1487 3007 usque
1508 2917 1541 2982 nd

431 3030 561 3097 Cultum
577 3033 803 3103 Venetiarum.

430 3179 466 3241 (Α
481 3179 608 3230 »Secreta
622 3181 738 3230 Consilii
763 3183 953 3246 Rogatorum«
980 3183 1070 3232 czimtt
1085 3179 1222 3231 velenczci
1245 3179 1419 3229 rillamsktrtk
1434 3176 1540 3228 Erote

878 3273 954 3322 te'tutl
968 3277 1009 3323 ⁶23.
1023 3288 1058 3323 az.
1074 3273 1112 3334 a)

914 3469 1072 3479 --—---.-——

954 3636 1027 3696 390.

429 3792 458 3858 A
476 3793 628 3857 celeuma·
643 3793 802 3879 keramiay
817 3794 900 3858 kiu'd
916 3816 972 3881 epp
982 3795 1161 3860 dulrrrnitiui
1177 3791 1431 3858 ornantia-elma
1448 3782 1539 3859 rer-teir

794 3925 810 3963 c
827 3901 952 3988 elfopmt
969 3903 1069 3987 bajrit.
1093 3903 1187 3994 1338.

536 4061 780 4146 (Deliteratunr,
794 4063 880 4145 quod
891 4061 1023 4128 Domini
1035 4063 1075 4126 de
1085 4061 1192 4129 Nocte
1202 4063 1382 4128 restituant
1394 4060 1538 4147 navigium

427 4192 498 4235 cum
531 4171 784 4236 mercationibus
816 4169 1010 4237 conductum
1042 4169 1272 4254 Venetiasper
1299 4171 1428 4253 galeam
1454 4166 1538 4233 Ducis

427 4277 708 4364 Andagaviensis)
732 4284 899 4362 acceptum
917 4278 957 4344 ds
973 4281 1122 4344 nruuibus
1147 4277 1432 4344 Anconitanorum
1458 4283 1489 4342 et
1501 4296 1539 4339 cs·

427 4389 568 4453 ricatum
584 4387 744 4452 mercibus
762 4384 1030 4470 Tragurinorurn,
1049 4387 1301 4471 Spalatinorum,
1328 4385 1536 4470 Raguseorurn

428 4503 461 4562 ot
477 4494 613 4562 aliarum
629 4497 775 4577 gentium
793 4497 832 4560 de
849 4499 936 4560 intra
953 4497 1125 4582 Culpbunr‚
1146 4503 1183 4560 ut
1207 4516 1434 4560 conservemus
1459 4489 1538 4559 nobis
