3172 5254
384 389 448 451 lea
551 452 553 458 ,
747 403 981 450 nranouacmar
1000 391 1166 447 surdiores.

382 565 532 648 dispositi
560 571 636 632 sunt
651 564 694 630 ad
709 585 837 631 omnem
855 565 1008 630 damnum
1026 569 1178 646 restrum,
1195 570 1227 627 et
1242 567 1397 628 notanter
1405 583 1509 646 propo·
1576 551 1578 562 ⁴

386 678 522 739 suerunt
545 695 675 739 armare
702 681 824 757 septem
851 694 900 766 ex,
916 671 1108 757 corporibus
1139 672 1309 756 galearum
1341 677 1508 737 vestrarum

387 781 427 846 de
446 779 596 865 gentibus
611 782 756 866 ipsarum
781 782 933 864 partium.
958 779 1099 865 Insuper
1125 780 1245 865 adjecit
1269 780 1358 845 dicta
1373 799 1509 862 persona,

384 889 478 972 quod
504 910 563 973 per
589 889 768 955 Paduanos
794 894 826 953 et
852 887 1036 954 Januenses
1062 887 1142 954 data
1168 894 1217 953 est
1233 888 1373 952 intentio
1390 886 1509 952 domiuo

387 997 484 1080 Regi,
502 1004 535 1062 et
550 997 689 1064 eredunt
704 999 802 1063 istam
828 997 1043 1063 intentionem
1065 997 1112 1062 sio
1128 995 1288 1061 deducere
1303 996 1347 1061 ad
1364 993 1509 1074 effectum,

385 1104 479 1188 quod
493 1106 561 1190 jam
579 1114 797 1190 conceperunt
822 1107 929 1172 facere
943 1108 977 1171 in
998 1106 1107 1171 lnsula
1124 1103 1238 1170 Sancti
1253 1104 1361 1170 Marci
1377 1103 1510 1168 fortilici-

387 1235 441 1278 am
467 1213 650 1297 quamdam,
677 1223 709 1280 et
734 1216 768 1280 in
794 1214 1004 1296 Kanarregio
1031 1219 1173 1280 castrum
1197 1211 1362 1296 quiddam,
1387 1221 1420 1276 et
1436 1212 1509 1275 riam

388 1343 447 1404 per
474 1341 570 1404 quam
597 1322 637 1387 de
661 1321 872 1405 Kanarregio
889 1324 993 1407 possit
1017 1321 1058 1386 iri
1084 1322 1117 1386 in
1139 1326 1259 1387 terram
1278 1318 1416 1400 firmam,
1432 1317 1509 1383 etde

385 1435 474 1495 terra
489 1429 583 1494 firma
599 1431 708 1496 rediri.
727 1431 865 1516 insuper
881 1431 1054 1498 habuimus
1073 1429 1234 1497 adomino
1251 1427 1418 1510 Generali,
1435 1426 1507 1510 quod

386 1536 428 1601 ad
444 1538 619 1604 instantias
645 1545 678 1604 et
703 1560 815 1622 preces
830 1539 959 1606 domine
975 1539 1103 1623 Regiue
1124 1539 1260 1603 senioris
1282 1536 1432 1602 dominus
1447 1535 1507 1600 Rex

387 1645 600 1726 congregavit
627 1645 806 1712 Consilium
838 1647 989 1714 suumin
1016 1644 1208 1729 Visegrado,
1235 1645 1361 1730 inquo
1391 1641 1510 1707 fuerumt

390 1753 415 1819 J
417 1773 577 1820 anuenses
593 1760 626 1818 et
642 1755 812 1836 Padnani;
837 1777 857 1820 a
873 1756 991 1839 quibus
1008 1755 1130 1821 auditis
1145 1754 1196 1818 bis
1213 1775 1276 1837 que
1293 1752 1401 1818 dicere
1416 1751 1509 1815 volus·

387 1866 474 1942 runt,
491 1862 682 1927 exeuntibus
707 1863 748 1928 de
774 1861 932 1947 Consilio,
957 1863 1107 1930 domiuus
1132 1862 1204 1928 Rex
1229 1861 1309 1928 fecit
1323 1863 1388 1944 legi
1404 1861 1509 1925 instru-

388 1974 497 2036 menta
521 1976 555 2035 et
578 1971 709 2036 litteras
735 1971 811 2053 lige,
836 1994 895 2056 per
921 1993 1059 2057 quorum
1084 1970 1319 2036 continentiam
1346 1968 1468 2033 Prolati
1482 1972 1509 2032 et

389 2077 515 2143 Baroni
540 2078 821 2145 concordaverunt
845 2082 878 2145 in
904 2081 974 2161 boo,
1001 2079 1089 2164 quod
1116 2079 1170 2145 ubi
1185 2100 1249 2163 pax
1267 2079 1412 2162 placeret
1425 2076 1510 2160 Regi,

390 2185 538 2271 colligati
555 2207 666 2252 omnes
682 2193 771 2253 stare
798 2188 960 2256 debebant
984 2189 1068 2254 dicte
1084 2191 1166 2273 paci.
1182 2188 1228 2254 Et
1243 2195 1354 2254 tamen
1372 2188 1510 2253 domiuus
1526 2268 1532 2276 Ι

388 2295 461 2360 Rex
476 2295 568 2360 stetit
577 2296 612 2360 in
622 2297 790 2381 proposito
801 2299 916 2380 primo,
926 2297 1053 2364 volendi
1065 2297 1153 2379 quod
1169 2319 1234 2382 pax
1249 2303 1409 2363 tractetur
1419 2301 1452 2360 et
1461 2293 1510 2359 fiat

389 2404 423 2467 in
439 2399 547 2468 Sacilo
564 2424 624 2487 per
639 2403 770 2469 modum
788 2407 1053 2490 suprascriptum.
1073 2405 1236 2488 Equidem
1251 2407 1419 2489 premissa,
1439 2406 1510 2469 sicut

389 2509 573 2594 habuimus,
590 2510 793 2579 notificamus
819 2512 1048 2579 Dominatioui
1064 2512 1201 2596 Vestro,
1218 2513 1424 2580 declarantes
1434 2511 1511 2597 quod

389 2619 466 2684 licet
481 2618 608 2685 domine
627 2621 764 2705 Regina,
775 2621 902 2687 Prolati
913 2628 946 2688 et
962 2619 1086 2688 Baroni
1096 2621 1268 2689 videantur
1285 2643 1355 2689 esse
1371 2621 1510 2705 dispositi

389 2726 433 2793 ad
443 2747 565 2810 pacem,
582 2734 690 2794 tamen
706 2728 853 2811 quotidie
870 2751 928 2814 per
945 2751 984 2796 ea
1000 2753 1061 2816 que
1077 2731 1223 2796 videmus
1239 2737 1273 2796 et
1289 2730 1445 2812 scivimus,
1455 2729 1510 2795 Pa·

394 2833 494 2899 duani
514 2838 548 2899 et
563 2834 749 2902 Januenses
770 2838 893 2902 laniunt
916 2838 957 2903 de
972 2838 1065 2920 Rege
1082 2836 1236 2922 quioquid
1251 2838 1374 2918 volunt,
1388 2843 1511 2922 propter

390 2943 517 3025 amplas
528 2949 561 3008 et
577 2943 687 3028 largas
703 2944 949 3012 informationes
960 2953 992 3012 et
1002 2967 1076 3030 spes
1087 2945 1148 3011 sibi
1165 2947 1261 3016 datas
1277 2970 1336 3030 per
1352 2946 1511 3030 predictos.

389 3051 437 3116 Et
454 3051 537 3115 enim
554 3053 706 3117 sumusin
718 3053 858 3136 quodam
869 3054 940 3120 loco
951 3055 1119 3120 nominato
1133 3052 1284 3137 Oresvar,
1301 3058 1357 3137 qui
1373 3055 1513 3120 locusest

389 3158 476 3223 cirea
492 3158 632 3224 confinia
647 3159 755 3244 Regni
772 3160 920 3246 Vngarie
937 3163 1065 3230 distans
1082 3185 1102 3228 a
1120 3162 1299 3229 confinibus
1319 3163 1511 3228 dominorum

390 3263 520 3332 Ducum
531 3267 669 3334 Austris
680 3291 738 3353 per
748 3270 889 3336 miliaria
899 3272 970 3340 XV
980 3272 1111 3354 Latina,
1122 3277 1156 3338 et
1166 3293 1186 3336 a
1196 3271 1327 3338 Vienna
1343 3294 1402 3357 per
1416 3272 1512 3336 milia-

388 3376 440 3440 ria
454 3373 535 3455 LV;
552 3375 608 3441 ubi
623 3379 852 3460 proposuimus
863 3388 1035 3463 expectare
1054 3403 1202 3446 securum
1213 3380 1407 3447 conductum
1423 3380 1512 3446 dorni·

389 3503 504 3548 norum
519 3481 649 3549 Ducum
660 3484 808 3567 Austrie,
823 3507 883 3571 pro
901 3509 963 3571 quo
979 3489 1125 3554 misimus
1135 3489 1307 3572 providum
1316 3491 1420 3554 sirum
1430 3487 1514 3552 Desi-

390 3588 544 3656 deratum
560 3589 736 3658 Notarium
753 3601 895 3661 vestrum
906 3596 949 3661 ad
960 3595 1064 3661 dictos
1081 3596 1237 3676 dominoS,
1247 3598 1318 3680 ipso
1329 3605 1439 3662 autern
1449 3617 1514 3661 con·

391 3695 492 3762 ductu
517 3697 630 3765 habito
655 3703 880 3785 prosequimur
895 3705 978 3769 viam
997 3711 1143 3772 nostram
1159 3727 1271 3770 versus
1289 3687 1460 3783 Viennam,
1486 3711 1516 3766 ct

391 3803 508 3869 deinde
533 3828 645 3874 versus
668 3804 827 3876 Venetias
855 3833 955 3895 quam
974 3812 1110 3878 celerius
1127 3819 1248 3878 etcum
1263 3813 1380 3900 majori
1405 3813 1516 3878 securi·

392 3917 428 3978 ta
443 3918 560 3980 nostra
584 3918 772 3999 poterimus.
804 3917 893 3987 Data
918 3920 953 3985 in
977 3917 1122 3987 Oresvar
1144 3919 1298 3990 XXVII.
1323 3920 1415 4007 Junij
1441 3919 1516 3986 hora

391 4027 511 4105 quarta
526 4024 640 4089 noctis.

392 4259 394 4264 -
523 4219 581 4306 11)
605 4218 639 4285 A
664 4222 894 4289 relenozei
919 4223 1122 4310 degenelr
1145 4248 1166 4293 a
1189 4225 1394 4294 kbvetek.

499 4343 676 4429 Replicata
691 4346 753 4413 fuit
769 4352 994 4434 suprascripta
1015 4351 1160 4420 addictio
1175 4356 1209 4419 iu
1227 4352 1358 4421 Vienna
1373 4375 1446 4420 cum
1461 4352 1518 4419 bac

390 4451 521 4518 cauda:
539 4451 603 4518 Dic
618 4454 773 4542 Mercurij
792 4459 970 4542 penultimo
987 4461 1012 4526 J
1013 4463 1080 4546 unij
1098 4462 1209 4529 habito
1224 4462 1385 4530 conductu
1394 4471 1428 4529 et
1438 4483 1518 4528 scor·

390 4563 427 4623 ta
448 4557 625 4626 adominis
650 4562 805 4645 Ducibus,
831 4570 1022 4635 recessimus
1048 4570 1088 4634 de
1114 4569 1202 4638 dioto
1226 4573 1297 4640 loco
1322 4570 1475 4652 Oresvan
1489 4581 1516 4640 et
