3134 5254
566 440 659 502 1379.
1112 447 1174 508 297

4 633 5 636 ’
63 611 298 681 Communitatis
332 613 534 682 Excellentie
565 615 630 682 Sue
665 617 900 685 instantissime
936 621 1175 706 supplicabant,

4 771 6 800 ;
63 729 205 807 quatenns
231 745 292 808 pro
316 723 401 789 bono
428 720 691 791 Christianitatis
715 726 908 810 dignaretur
933 751 1046 813 pacem
1071 731 1176 815 ipsam

54 831 165 897 ducere
180 831 221 896 ad
237 831 395 913 effectum,
412 853 483 897 cum
499 833 564 916 ipsi
579 839 687 899 essent
711 835 822 917 parati
852 836 1060 920 interponere
1091 838 1176 904 vires

4 947 5 1002 ἶ
63 960 143 1020 suas;
165 941 370 1022 postulantes
396 940 538 1006 finaliter
563 939 605 1006 ab
632 942 754 1024 eodem,
772 949 932 1026 qnatenus
958 967 1029 1010 cum
1055 947 1117 1029 ipsi
1134 947 1175 1013 ob

62 1049 171 1116 dictam
186 1070 318 1118 causam
334 1048 457 1115 vellent
471 1049 581 1116 venire
598 1048 755 1117 Venetiae
782 1051 823 1117 ad
841 1059 1048 1138 conspectum
1064 1054 1177 1119 Domi·

4 1141 5 1148 ἵ
63 1159 190 1224 nationis
205 1157 336 1240 Vestra,
351 1157 421 1241 ipse
438 1156 535 1224 vellet
559 1157 639 1222 dare
658 1161 706 1224 eis
721 1159 852 1226 litteras
879 1161 959 1226 salvi
985 1161 1172 1243 conductus,

4 1299 6 1302 ·
63 1273 91 1330 et
103 1263 274 1349 licentiam,
285 1263 372 1350 qnod
388 1265 496 1330 venire
512 1271 545 1330 et
560 1265 667 1332 redire
683 1272 824 1350 possent.
842 1265 948 1351 Quam
965 1267 1130 1336 licentiam
1147 1276 1181 1336 et

59 1372 176 1440 litteras
190 1375 261 1458 ipse
277 1373 426 1439 dominus
443 1370 590 1439 Karolns
606 1379 638 1438 et
655 1371 804 1440 Berones
815 1374 906 1440 nullo
922 1376 1018 1442 modo
1036 1377 1082 1445 eis
1098 1398 1177 1443 con·

4 1483 6 1532 3
61 1483 162 1549 cedere
177 1481 358 1562 voluerunt,
374 1482 439 1548 imo
454 1469 664 1548 inhibuerunt
681 1481 727 1549 eis
748 1503 908 1566 expresse,
924 1483 1011 1567 qnod
1021 1485 1084 1567 ipsi
1097 1484 1178 1551 Am-

4 1579 6 1668 Ξ
61 1591 228 1656 basiatores
244 1590 388 1657 volentes
404 1587 498 1654 nobis
514 1588 614 1672 loqui,
630 1588 719 1656 nullo
736 1590 831 1657 modo
848 1590 1058 1674 loquerentur
1075 1593 1176 1659 nobis.

4 1721 6 1746 ·
61 1697 99 1763 m
112 1700 158 1764 ita
173 1702 376 1765 recesserunt
390 1719 410 1763 a
426 1718 549 1782 campo,
566 1703 600 1763 et
615 1697 745 1764 iverunt
775 1719 885 1764 versus
910 1697 1071 1783 Paduam,
1103 1723 1172 1785 spe·

4 1843 5 1884 3
61 1813 158 1872 rantes
173 1828 233 1891 per
248 1807 340 1873 illam
356 1807 442 1873 riam
458 1806 579 1873 habere
596 1805 721 1873 salvum
737 1805 940 1873 conductum.
951 1808 1094 1873 Tantum
1110 1808 1176 1875 dic-

4 1897 6 1970 i
61 1920 104 1980 tus
119 1914 265 1981 dominus
280 1913 477 1982 Thomasius
488 1915 528 1982 de
544 1913 682 1999 Strocijs
692 1913 790 1980 Miles
800 1914 834 1981 in
844 1935 891 1996 eo,
907 1916 993 1998 qnod
1006 1918 1178 1983 ascendere

4 2019 6 2098 j
61 2022 197 2088 volebant
207 2043 318 2108 equos,
328 2022 537 2090 veuitadncs
548 2021 869 2105 subunafraschata‚
886 2023 945 2092 sub
962 2045 1027 2107 qna
1042 2045 1180 2109 eramus,

60 2129 199 2197 dicendo:
213 2129 661 2216 ›Parcatisncbisquodnon
671 2129 1045 2219 possimusvobisloqui;
1063 2115 1180 2198 et'tan·

4 2221 6 2260 ¹
60 2239 152 2320 gendo
169 2239 262 2306 nobis
278 2259 418 2305 manum.
436 2237 562 2304 Ultimo
582 2237 785 2304 notificamus
809 2238 908 2321 robis,
925 2239 1014 2323 qnod
1030 2261 1090 2323 pro
1107 2262 1171 2307 non

4 2379 6 2432 5
60 2345 249 2414 loutanando
265 2368 324 2414 nos
340 2346 448 2413 adhuc
472 2369 494 2412 a
519 2351 667 2412 tractatu
694 2345 840 2431 predicto
856 2347 1020 2414 tenuimus
1037 2347 1176 2432 modum,

4 2435 6 2512 ἶ
61 2455 137 2537 quod
161 2454 312 2521 dominns
336 2452 512 2522 Generalis
539 2453 635 2520 bodie
659 2454 749 2520 misit
774 2453 985 2521 caballarium
1012 2479 1110 2522 unum
1136 2458 1180 2522 ad

4 2527 10 2670 i
60 2584 207 2647 campum,
232 2569 266 2630 et
291 2560 467 2646 petendum
493 2561 638 2630 litteram
655 2563 737 2629 salvi
754 2563 949 2646 eouductns;
972 2565 1126 2648 fingendo
1141 2566 1177 2630 il-

58 2669 116 2736 lam
129 2672 260 2738 mittere
286 2676 453 2755 acceptum
481 2693 541 2755 pro
558 2671 724 2756 aliquibus
740 2671 835 2738 lactis
851 2673 926 2739 suis.
947 2673 1037 2738 Data
1052 2673 1176 2740 Mestre

4 2747 7 2876 ἔ
59 2776 103 2845 die
118 2780 158 2850 V.
175 2777 330 2846 Octobris
346 2779 522 2846 indictione
539 2779 605 2846 III.
621 2779 703 2847 hora
719 2779 805 2846 IHI.
820 2780 894 2847 diei.

870 2888 1132 2957 Ambasiatores.

4 2969 7 3018 l

4 3053 7 3190 Ξ
176 3087 236 3173 41)
263 3085 294 3152 Α
320 3084 555 3152 velenczei
578 3085 780 3168 degenek
803 3109 824 3152 a
847 3084 1049 3152 kdvetek.

4 3193 8 3242 l

4 3247 6 3292 l

154 3213 367 3282 Serenissime
400 3214 541 3279 Domine
572 3218 691 3278 noster.
738 3213 881 3298 Propter
912 3212 1180 3280 deliberationem

4 3295 10 3384 i
56 3319 118 3388 heri
132 3345 191 3407 per
206 3344 265 3389 nos
280 3321 404 3388 lactem
420 3319 461 3387 de
477 3320 618 3387 tenendo
643 3319 783 3402 modum,
807 3319 894 3405 quod
910 3321 1057 3387 dominus
1074 3319 1179 3388 Gene-

4 3453 8 3543 q
57 3431 127 3496 ralis
142 3434 289 3498 mitteret
303 3428 501 3515 postulando
518 3451 539 3494 a
554 3429 684 3496 domino
699 3429 829 3495 Karclo
846 3428 992 3496 litteram
1009 3428 1090 3493 salvi
1106 3451 1181 3494 con·

4 3543 7 3642 j
56 3537 175 3624 ductus,
192 3538 395 3606 ostendendo
411 3538 501 3604 illam
518 3537 600 3604 vellc
617 3560 677 3622 pro
695 3537 859 3622 aliquibus
875 3537 971 3603 factis
982 3537 1059 3618 suis,
1070 3559 1180 3603 secun·

4 3643 7 3780 j
55 3643 123 3711 dnm
138 3648 225 3732 quod
250 3649 321 3714 heri
353 3669 413 3730 per
437 3653 567 3712 nostras
591 3646 722 3713 litteras
749 3647 938 3729 scripsimus
955 3644 1179 3711 Dominaticni

56 3749 187 3838 Vestrc;
210 3755 307 3821 hodie
323 3754 358 3819 in
374 3773 468 3820 mane
485 3759 643 3820 venerunt
660 3753 723 3820 dno
740 3751 869 3838 Vngari
885 3775 944 3838 pro
961 3753 1031 3837 ipso
1049 3751 1178 3817 domino

4 3867 6 3900 ⁵
57 3857 210 3945 Generali,
227 3862 283 3948 qui
300 3861 446 3947 presenti
471 3861 552 3926 hora
561 3861 687 3926 recedit
702 3861 743 3926 de
758 3860 893 3940 Mestre,
910 3871 942 3925 et
958 3859 1050 3924 vadit
1066 3878 1179 3924 versus

4 3959 6 4060 ζ
55 3989 206 4054 campum,
221 3969 418 4036 informatus
434 3968 529 4051 plene
545 3991 566 4034 a
582 3968 674 4034 nobis
685 3969 724 4034 de
735 3967 882 4035 omnibus
893 3966 1070 4050 oportunis.
1090 3966 1179 4032 Data

55 4073 171 4144 Mestre
187 4078 241 4145 die
257 4076 319 4147 VI.
337 4074 492 4146 Octobris
510 4075 595 4143 hora
609 4075 657 4142 II.
675 4076 740 4142 diei
754 4076 930 4142 indictione
946 4074 1012 4140 III.

4 4197 6 4240 ἒ
872 4184 1136 4253 Ambasiatores.

175 4385 234 4470 42)
257 4383 290 4451 A
316 4383 548 4452 velenczci
572 4383 777 4470 degenek
800 4405 821 4448 a
843 4380 1048 4447 klivetelr.

154 4500 366 4579 Serenissime
391 4512 533 4578 Domine
558 4519 673 4579 noster.
699 4511 809 4578 Hodie
834 4509 947 4593 elapsa
973 4508 1055 4575 bora
1082 4510 1179 4581 VIII.

4 4613 5 4620 '
58 4617 115 4688 dici
129 4624 307 4708 recepimus
323 4622 453 4693 litteras
478 4619 723 4691 Dominaticnis
740 4617 860 4690 Vestre
877 4621 970 4688 nobis
987 4619 1102 4688 missas
1118 4643 1179 4709 per

4 4851 16 4995 l

32 5114 44 5147 l.
