3248 5242
637 375 729 437 1392.
1179 378 1241 438 713

111 553 225 621 eedem
250 557 358 639 gratia
383 554 512 637 Regina
538 554 719 636 Hungarie,
743 553 918 634 Dalmatio,
940 550 1075 618 Croatie
1091 560 1151 619 etc.
1169 575 1242 638 pre-

114 663 256 728 sentium
274 670 387 730 tenore
412 663 554 728 fatemur
570 668 603 725 et
618 667 733 725 uotum
759 658 895 724 iacimus
914 660 1071 726 universis
1088 667 1121 726 et
1136 663 1245 746 singu-

115 770 159 835 lis
185 769 246 834 has
272 776 402 836 nostras
427 770 557 836 litteras
581 768 777 852 inspecturis
794 792 801 833 :
818 765 905 852 quod
930 767 1069 833 Inclitus
1095 769 1245 834 domiuus

113 877 306 944 Anthonius
322 879 465 948 Venerio
491 877 554 944 Dei
579 877 688 964 gratia
703 875 780 940 Dux
799 875 1016 944 Venetici-um
1032 883 1091 942 etc.
1108 898 1166 942 uec
1181 899 1245 942 non

114 985 295 1053 Commune
312 987 397 1053 dicte
414 984 567 1052 Civitatis
594 985 819 1065 Venetiarum,
846 983 940 1049 amici
958 986 1062 1050 nostri
1078 986 1246 1068 carissimi,

115 1103 242 1180 sepiem
266 1096 372 1162 millia
397 1095 588 1160 ducatorum
605 1091 681 1157 houi
698 1093 771 1157 auri
787 1098 820 1156 et
835 1092 912 1156 iusti
936 1091 1099 1177 ponderis,
1123 1092 1166 1158 ad
1183 1114 1246 1176 que

113 1207 271 1268 tenentur
296 1200 407 1270 danda
433 1209 532 1286 atque
559 1200 714 1266 solvenda
740 1200 833 1266 nobis
853 1200 982 1265 nomine
1000 1198 1099 1266 Sacro
1115 1199 1244 1267 Corone

115 1319 230 1376 nostre
245 1311 427 1396 Hungarie,
442 1317 475 1376 et
491 1308 665 1376 heredibus
682 1315 713 1373 et
730 1308 969 1376 successoribus
995 1311 1116 1375 nostris
1131 1309 1247 1394 imper-

115 1425 260 1504 petuum,
276 1420 365 1485 omni
380 1425 414 1484 et
430 1418 578 1501 quolibet
602 1438 687 1482 anno
712 1415 845 1482 infesto
863 1415 977 1482 Sancti
993 1417 1093 1501 Regis
1110 1415 1247 1503 Stepha-

116 1527 152 1592 ni
169 1526 209 1592 de
225 1547 334 1593 mense
352 1525 505 1611 Augusti,
521 1527 613 1593 iuxta
639 1526 776 1592 formam
802 1531 1000 1606 contractus,
1025 1533 1195 1611 pactorum
1212 1533 1246 1592 et

1 1665 2 1670 ¹
116 1638 215 1721 pacis
228 1636 316 1702 inter
332 1633 516 1721 predictam
534 1633 670 1702 Sacram
696 1633 859 1700 Coronam
877 1639 1024 1700 nostram
1041 1641 1075 1699 et
1090 1634 1175 1718 ipsos
1191 1634 1248 1700 ha-

116 1744 181 1812 biti
198 1750 232 1808 et
246 1743 368 1810 firmati
383 1744 554 1838 dederunt
568 1743 664 1809 nohis
680 1744 884 1825 numeratim,
909 1749 942 1807 et
966 1742 1160 1808 manualiter
1177 1763 1248 1825 per·

118 1853 288 1918 solverunt
305 1852 338 1916 in
355 1874 394 1918 ac
408 1872 468 1935 pro
485 1852 622 1917 instanti
638 1851 778 1916 termino
794 1853 955 1934 presentis
966 1853 1043 1916 anni
1055 1849 1248 1916 Nativitatis

116 1960 255 2028 Domini
281 1960 446 2026 millesimi
469 1960 705 2026 trecentessimi
739 1959 959 2044 nonagessimi
983 1959 1114 2025 secundi
1138 1960 1173 2024 in
1197 1959 1249 2024 die

108 2067 235 2158 ¹Sancti
252 2067 355 2150 Regis
372 2065 536 2150 Stephani
552 2067 773 2152 predistinati;
801 2085 883 2149 quos
900 2072 1025 2150 septem
1045 2068 1134 2133 mille
1152 2067 1249 2132 duca-

117 2183 173 2240 tos
190 2175 266 2240 boni
283 2177 355 2240 auri
372 2182 406 2240 et
422 2175 500 2240 iusti
526 2175 681 2259 ponderis
706 2175 809 2256 nobis,
825 2181 861 2239 ut
876 2175 1085 2257 premittitur,
1111 2174 1249 2257 debitos,

118 2289 223 2366 atque
239 2281 342 2363 nobis,
358 2291 396 2348 ut
412 2283 559 2366 superius
584 2282 780 2362 declaratur,
806 2281 931 2348 solutos
950 2283 1129 2367 recepimus
1146 2290 1179 2349 et
1194 2284 1250 2350 ha-

119 2391 253 2473 bemus,
277 2397 375 2476 atque
398 2392 487 2475 ipsos
514 2391 661 2456 inclitum
683 2392 852 2456 domiuum
877 2389 1004 2456 Ducem
1021 2396 1054 2454 et
1071 2390 1250 2458 Commune

121 2501 339 2568 Venetiarum
356 2501 479 2564 amicos
495 2506 625 2566 nostros
643 2499 683 2564 de
699 2500 861 2565 solutione
881 2499 1025 2582 ipsorum
1042 2505 1164 2583 septem
1180 2501 1250 2566 mil-

121 2609 204 2674 lium
220 2608 413 2674 ducatorum
429 2608 500 2674 auri
517 2607 622 2673 Nohis
639 2629 698 2691 pro
715 2608 853 2674 instanti
874 2630 968 2688 anno,
985 2613 1021 2673 ut
1037 2610 1250 2691 premittitur,

119 2714 211 2781 sacta
226 2713 391 2780 reddimus
417 2715 595 2800 expeditos.
621 2714 693 2779 Has
718 2721 828 2780 autem
844 2715 1013 2800 utriusque
1030 2721 1175 2781 nostrum
1192 2738 1249 2800 pa-

121 2829 229 2889 tentes
245 2823 374 2889 litteras
391 2822 491 2908 sigilli
507 2823 675 2909 utriusque
701 2830 850 2889 nostrum
870 2824 1003 2889 maioris
1020 2846 1077 2889 seu
1098 2823 1251 2907 simplicis

125 2931 329 3016 appensione
370 2932 512 2997 munitas
553 2931 599 2997 eis
635 2931 781 2998 dedimus
815 2933 850 2996 in
871 2933 1091 2997 testimonium
1122 2931 1254 3016 premis·

123 3061 246 3121 sorum,
278 3061 363 3106 anno
390 3061 410 3104 a
434 3037 618 3105 Nativitate
643 3039 777 3105 Domini
809 3041 955 3126 predicto
981 3045 1014 3105 et
1034 3040 1179 3122 instanti,
1195 3059 1253 3106 seu

121 3145 297 3212 millesimo
314 3149 558 3214 trecentessimo
575 3148 715 3214 secundo
733 3150 766 3214 in
783 3146 835 3215 die
852 3148 983 3214 termini
1000 3149 1176 3232 prenotati.

124 3291 163 3352 (A
183 3293 282 3344 ›Liber
295 3293 461 3344 Paetorum«
485 3295 576 3345 czimtt
589 3295 728 3346 velenczei
743 3295 922 3360 illamkdnyr
931 3291 1136 3346 VI.kotecebo1
1151 3296 1210 3345 344.
1225 3293 1254 3354 l.)

611 3457 772 3469 m

651 3601 725 3665 440.

125 3764 261 3850 Jepyzoi
289 3763 509 3852 eliameroe'cy,
528 3767 609 3851 hopy
634 3787 655 3829 o
681 3765 770 3830 7000
795 3788 906 3850 areop
931 3765 1130 3850 hifizattetett.
1157 3765 1253 3828 1392.

235 3922 277 3987 Iu
303 3922 426 3991 Christi
458 3926 586 3991 nomine
617 3922 734 3991 Amen.
766 3923 865 3992 Auno
891 3925 1087 3991 Natiuitatis
1111 3924 1254 3989 eiusdem

126 4031 315 4100 millessimo
354 4034 597 4100 trecentessimo
636 4034 861 4117 nonagensimo
892 4034 1043 4116 secundo,
1080 4032 1255 4098 indictione

126 4143 243 4227 quinta
276 4139 410 4222 decima,
441 4140 495 4207 die
522 4142 692 4224 vigessimo
718 4143 819 4209 tercio
845 4145 963 4209 mensis
991 4143 1145 4227 Augusti.
1171 4140 1255 4210 Cum

128 4248 361 4315 Serenissimus
397 4250 553 4315 Dominus
578 4250 727 4317 dominus
760 4252 831 4317 Rex
856 4251 1028 4335 Hungarie
1059 4260 1094 4318 et
1125 4251 1255 4318 Corona

128 4357 302 4440 Hungarie
320 4357 494 4423 secundum
510 4356 650 4424 formam
666 4366 699 4425 et
715 4367 861 4425 tenorem
871 4362 963 4444 pacis
974 4359 1150 4426 cellehrate
1167 4360 1254 4426 Tau·

128 4467 194 4534 riui
208 4467 243 4531 iu
259 4463 402 4532 MCCC.
428 4469 665 4548 octuagessimo
692 4471 806 4551 prime,
832 4468 884 4533 dei
909 4474 1021 4534 octavo
1047 4471 1167 4534 mensis
1187 4466 1255 4533 Au·

127 4576 226 4660 gusti,
251 4573 368 4640 dehcat
392 4574 537 4658 recipere
564 4575 690 4658 singulo
719 4597 803 4642 anno
829 4577 869 4641 de
894 4596 1002 4641 mense
1027 4575 1169 4660 Augusti
1209 4577 1252 4642 ab
