3248 5242
386 385 451 450 734
741 401 977 472 niencuncurnr
994 383 1163 446 ructuas.

496 561 565 624 Nos
583 561 764 626 Lodouisus
780 560 821 625 D.
838 583 885 643 gr.
903 561 974 624 Rex
986 561 1168 643 Hungarie‚
1186 559 1338 642 Polonie,
1354 561 1521 625 Dalmatie

387 671 448 736 stb.
467 667 827 750 (lovetkezik1.Laj0s
854 689 990 751 magyar
1006 673 1040 732 ts
1065 667 1194 749 lengyel
1220 667 1394 749 lriralyuak
1423 671 1520 732 1381.

384 777 554 860 olmanya,
570 777 653 840 mint
669 776 822 859 Fejernel
839 773 922 840 Ood.
938 774 1027 858 Dipl.
1045 773 1110 839 [Χ.
1128 775 1193 840 kat.
1210 779 1238 839 fr
1255 798 1280 838 r.
1296 779 1372 840 483.
1388 775 1425 860 l.)

491 885 562 950 Not
577 884 691 965 itaque
707 883 922 967 peticionibus
938 881 1060 966 prefati
1076 882 1174 947 Pauli
1185 882 1314 946 Prioris
1329 883 1515 948 misericor·

383 992 470 1058 diter
485 991 633 1057 inclinati
650 991 778 1056 literam
789 991 1005 1074 prescriptam
1022 996 1127 1055 ratam
1147 997 1180 1054 et
1195 995 1324 1074 gratam
1344 990 1518 1067 habentes,

383 1102 487 1186 ipsam
504 1102 537 1164 in
554 1099 702 1164 omnibus
727 1099 794 1165 suis
820 1101 957 1182 punctis,
982 1099 1138 1164 clausulis
1155 1105 1188 1163 et
1214 1098 1457 1165 condicionibus
1472 1101 1520 1163 in-

384 1231 552 1290 muamus,
568 1207 768 1273 ratificamus
794 1213 827 1271 et
858 1206 1092 1290 approbamus3
1119 1207 1261 1272 volentes
1286 1207 1390 1289 ipsam
1417 1206 1521 1272 robur

385 1317 534 1383 obtinere
550 1322 708 1400 perpetue
725 1315 897 1380 firmitatis.
915 1314 1074 1382 Volumus
1098 1313 1240 1397 insuper,
1256 1319 1289 1378 et
1315 1314 1355 1379 de
1383 1313 1521 1398 speciali

388 1433 499 1491 nostra
520 1423 669 1507 Reginali
686 1425 800 1507 gracia
815 1421 1007 1487 mandamus
1023 1423 1207 1487 districcius
1224 1422 1435 1504 iniungentes
1453 1445 1522 1488 om·

386 1535 482 1600 nibus
499 1531 696 1612 Tenutariis‚
713 1529 908 1612 Burgrabiis
926 1536 959 1594 et
975 1526 1181 1593 Officialibus
1198 1529 1277 1593 dicti
1302 1531 1407 1593 nostri
1436 1529 1519 1594 (las-

384 1644 428 1707 tri
445 1641 635 1719 Ozornstim,
651 1640 706 1723 qui
721 1660 781 1722 pro
797 1643 943 1720 tempore
959 1635 1093 1716 fuerint,
1110 1643 1270 1720 quatenus
1281 1637 1404 1701 dictum
1424 1637 1521 1702 Prio-

385 1772 453 1814 rem
480 1755 512 1814 et
537 1769 611 1813 suos
627 1767 838 1827 successoros,
854 1767 919 1810 una
936 1766 1008 1810 cum
1025 1746 1169 1828 ipsorum
1186 1743 1367 1826 Conuentu,
1391 1747 1426 1810 in
1453 1767 1522 1811 mo·

385 1855 526 1938 leudino,
543 1855 632 1940 quod
647 1853 770 1920 habent
786 1855 820 1918 in
837 1853 985 1935 predicto
1002 1851 1101 1917 fluuio
1118 1851 1303 1936 Dunayeca
1329 1854 1521 1934 molestare,
1601 1891 1604 1900 ·

387 1973 419 2030 et
435 1964 477 2030 ab
493 1965 572 2048 ipsis
588 1968 738 2048 pretextu
754 1960 913 2026 obstaculi
930 1983 951 2026 a
966 1960 1113 2044 predicto
1125 1961 1311 2025 molendino
1322 1961 1364 2024 ad
1380 1961 1516 2045 rippam

386 2076 479 2140 istius
496 2072 598 2156 partis
616 2070 759 2154 protensi
776 2076 870 2135 trans
886 2068 1029 2148 fluuium,
1048 2068 1176 2152 aliquas
1197 2069 1450 2133 exoneraciones
1460 2076 1521 2134 aut

387 2183 572 2248 exacciones
588 2182 717 2263 ineptas
733 2179 864 2260 exigere
879 2183 913 2242 et
930 2177 1096 2261 postulare
1114 2199 1177 2243 non
1194 2183 1368 2261 presumat
1386 2175 1521 2260 Siquis

387 2296 496 2356 autem
507 2311 546 2353 ex
556 2289 635 2371 ipsis
645 2285 789 2369 (contra)
805 2286 889 2349 hanc
906 2292 1050 2349 nostram
1066 2286 1211 2366 graciam
1227 2290 1259 2348 et
1276 2283 1440 2348 indultum
1457 2285 1521 2350 ali-

385 2400 464 2482 quid
489 2395 646 2480 coutrarij
673 2401 794 2460 temere
830 2398 995 2458 attentare
1021 2393 1240 2475 presumserit,
1266 2397 1412 2457 nostram
1440 2393 1522 2458 iude

384 2529 518 2590 grauem
535 2503 795 2586 indignacionem
812 2522 845 2564 se
861 2501 991 2565 nouerit
1010 2501 1224 2564 incursurum.
1239 2500 1366 2564 Datum
1383 2501 1417 2564 in
1435 2498 1522 2566 San·

385 2615 460 2679 dccz
478 2613 530 2678 die
547 2611 660 2677 Sancti
680 2609 820 2674 (ictardi
836 2609 980 2673 martiris
997 2629 1082 2672 auno
1100 2607 1231 2672 Domini
1261 2607 1434 2672 millesimo
1451 2617 1519 2673 tre·
1621 2609 1622 2614 ’

385 2721 560 2788 centesimo
576 2717 783 2801 nonagesimo
800 2717 913 2781 tercio.

381 2867 492 2928 (Albert
505 2865 591 2916 Janos
604 2863 713 2925 lengyel
726 2860 873 2924 kirtlynak
890 2865 966 2910 1494.
983 2861 1027 2908 »in
1040 2859 1219 2923 Pedolynecz
1242 2859 1314 2908 seria
1337 2860 1437 2921 quinta
1449 2861 1520 2913 festi

380 2955 554 3006 Ascensionis
566 2953 696 3002 Domini«
712 2953 770 3000 kelt
783 2951 950 3014 megerdsito
961 2949 1214 3014 privilegiumribol,
1228 2964 1244 2998 a
1260 2951 1408 2999 »Matrinus
1424 2951 1520 3002 azima

524 3043 635 3105 lengyel
651 3040 890 3104 illlamlrdnyvbltt
903 3055 920 3090 a
934 3041 1023 3089 varsoi
1038 3039 1165 3102 orszrigos
1176 3039 1370 3102 leviltrtrban.)

865 3203 1024 3214 ————-—-—·

906 3382 981 3444 456.

382 3545 497 3614 Lcszlo'
522 3544 648 3610 sicilici
673 3543 787 3630 lircily
814 3545 846 3607 ia
871 3566 1010 3629 nrapyor
1036 3541 1303 3630 ellenlrira'lynuk
1329 3543 1517 3611 Szodamar

380 3655 637 3742 Somopymcpyei
653 3654 790 3717 birtokot
806 3655 962 3739 trirpyczo'
977 3653 1163 3738 udomrinya
1175 3653 1334 3716 szabdraa
1352 3654 1420 3717 Pol
1435 3679 1514 3718 mes·

773 3773 821 3825 ter
837 3766 999 3825 azrtma'ru.
1018 3763 1116 3824 1393.

485 3925 660 3990 ladizlaus
678 3929 738 3986 etc.
755 3921 879 3986 Paulus
905 3920 991 3986 lilius
1017 3919 1147 3985 Nicolai
1172 3921 1213 3986 de
1240 3919 1375 4007 Somagi
1401 3932 1516 3991 nostre

381 4033 516 4116 coquina
533 4033 689 4112 magister
706 4051 800 4095 cocus
817 4027 988 4094 familiaris
1002 4036 1036 4092 et
1053 4028 1238 4112 fidelis,pro
1249 4033 1355 4113 gratis
1372 4032 1515 4097 fructuo-

379 4144 422 4209 sis
437 4139 572 4205 utilibus
598 4145 631 4202 et
656 4137 797 4218 acceptis
823 4135 964 4218 servitijs
990 4157 1046 4218 per
1073 4157 1144 4200 curn
1162 4141 1230 4200 tam
1248 4137 1337 4202 clare
1357 4141 1515 4204 memorio

377 4248 505 4314 Karolo
515 4247 628 4311 Tertio
638 4245 797 4309 dictorum
803 4243 991 4324 Regnorum
998 4241 1083 4325 Regi
1093 4243 1196 4308 Inlito
1207 4245 1390 4310 reuerendc
1402 4247 1516 4329 gueni·

375 4358 438 4421 tori
450 4363 570 4434 nostro,
581 4375 677 4436 quarn
698 4351 791 4416 nobis
812 4352 1055 4415 continuatione
1072 4349 1230 4416 laudabili
1241 4352 1384 4418 fideliter
1394 4356 1514 4438 presti-

380 4465 432 4544 tis,
444 4483 548 4546 queue
566 4483 636 4526 cum
654 4461 756 4525 multa
768 4457 975 4524 solicitudine
992 4464 1117 4542 prestat
1132 4459 1174 4524 ad
1189 4481 1342 4544 prosens;
1366 4461 1468 4529 habet
1483 4463 1515 4526 in

381 4576 574 4652 perpetuum
615 4568 723 4633 villam
757 4566 921 4632 Sodamar
953 4567 992 4631 de
1027 4565 1206 4634 Prouincic.
1238 4568 1377 4654 Somagi
1409 4569 1516 4654 Regni
