3172 5254
382 373 448 434 150
737 389 973 434 nrrrtounczrar
991 377 1158 462 netimeas.

381 549 596 615 secretissime
622 550 745 614 retulit.
772 550 812 614 de
839 551 956 632 quibus
982 550 1106 614 clarum
1133 549 1257 631 aliquid
1283 572 1303 614 a
1328 549 1502 616 Serenitate

382 655 504 724 Vestra
529 657 610 722 scire
637 657 710 740 plus
736 679 835 739 quam
853 657 948 722 auide
966 656 1184 738 morabamur,
1201 657 1327 740 aliquid
1344 658 1504 741 contigerit

381 763 496 830 efficax
515 786 573 829 nos
589 768 757 847 percipere
775 763 824 828 rel
841 764 921 842 fieri,
937 763 1152 828 intentionem
1168 769 1316 828 nostram
1333 786 1429 848 super
1445 786 1503 848 pre·

382 872 489 938 missis
506 871 738 955 gloriosissime
755 870 927 940 Maiestati
944 869 1063 936 Vestre
1081 891 1139 954 per
1154 871 1228 936 riue
1240 872 1328 936 vocis
1339 873 1505 937 misterium

383 977 468 1067 (igy)
486 981 669 1045 curabimus
687 1001 833 1044 reserare
851 981 884 1042 in
900 978 959 1043 teli
975 979 1090 1059 lorrna,
1108 977 1196 1061 quod
1206 977 1330 1047 Vestra
1339 977 1506 1058 Serenitas,

386 1087 568 1153 devotionis
585 1093 695 1152 nostre
713 1087 899 1167 certissima,
926 1085 1156 1152 rationabilem
1174 1093 1207 1151 et
1223 1087 1384 1152 sinceram
1401 1087 1508 1154 delibe-

385 1197 544 1262 rationem
567 1203 713 1262 nostram
737 1197 851 1280 procul
877 1196 975 1260 (lubio
1002 1195 1248 1260 commendabit.
1277 1194 1507 1261 Sublimitatem

387 1304 543 1370 Vestram
570 1304 694 1368 exaltet
721 1301 913 1369 Altissimus
939 1303 982 1370 ad
1009 1305 1108 1369 vestri
1136 1302 1278 1368 nominis
1311 1303 1456 1386 gloriam,
1482 1308 1508 1366 et

387 1411 560 1497 justissimi
595 1414 712 1496 sceptri
751 1414 850 1478 rostri
882 1412 1120 1497 optatissimum
1151 1413 1397 1477 incrementum.
1432 1413 1509 1478 Data

388 1520 555 1586 Florentie
582 1520 633 1584 die
661 1519 839 1588 XXVIII.
866 1519 981 1584 Martii
1007 1519 1086 1587 XV.
1103 1518 1289 1600 indictione,
1307 1526 1423 1585 exacto
1438 1539 1510 1583 auno

389 1629 634 1694 Incarnacionis
651 1629 823 1694 Domiuiee
840 1625 1135 1694 MCCOLXXVI.

391 1777 516 1837 (Erecleti
531 1777 746 1840 fogalmazvany
759 1791 776 1824 a
791 1775 924 1838 »Signum
940 1775 1096 1839 Carteggie,
1109 1773 1236 1824 Missive«
1251 1777 1304 1825 stb.
1317 1775 1406 1825 cainiti
1416 1773 1511 1836 oszttly

517 1866 606 1916 XVII.
621 1865 777 1930 kotegebeu
794 1870 834 1915 99.
850 1881 886 1915 ez.
901 1879 934 1926 a,
949 1880 964 1914 a
978 1865 1108 1916 florenczi
1122 1879 1196 1928 nagy
1211 1865 1405 1927 leveltrtrbau.)

918 2171 991 2233 127.

398 2334 421 2394 A
444 2332 594 2396 uelenczei
621 2333 832 2417 bechinensem
860 2331 977 2395 hebetet
1002 2331 1085 2394 lcitld
1101 2332 1127 2393 I.
1145 2333 1244 2416 Lcjoe
1261 2356 1400 2418 sauppe-r
1415 2336 1445 2397 ee
1460 2331 1515 2394 len·

761 2437 836 2523 ppei
857 2437 1036 2521 lcirdlpbez.
1063 2439 1158 2501 1377.

448 2661 451 2668 ,
501 2595 601 2662 Anno
629 2593 946 2664 MCCCLXXVII.
981 2596 1159 2662 indictione
1191 2597 1269 2666 XV.
1302 2597 1353 2662 die
1386 2595 1517 2662 XXIX.

394 2707 487 2772 Maii.
512 2705 654 2788 Capta
671 2732 676 2770 :
695 2703 790 2786 Quod
803 2703 1024 2773 Ambaxiator
1034 2705 1141 2770 iturus
1158 2706 1201 2770 ad
1218 2704 1385 2770 dominum
1401 2705 1514 2787 Regem

396 2815 568 2897 Hungarie
585 2821 736 2878 teneatur
753 2814 903 2878 recedere
920 2795 1126 2880 ileVenetiis
1144 2835 1203 2896 pro
1220 2812 1327 2879 eundo
1348 2813 1391 2879 ad
1406 2812 1519 2878 Amba-

396 2932 507 2990 xatam
523 2946 614 2988 suam
632 2925 684 2987 uie
700 2923 820 2988 Martis
837 2925 983 3006 proximo
1001 2946 1059 3006 per
1075 2924 1160 2988 diem
1177 2924 1263 2988 omni
1285 2927 1518 2988 causarernota

395 3034 443 3098 Et
460 3032 499 3096 de
516 3033 607 3096 Luae
633 3031 683 3095 rel
709 3031 829 3096 Martis
855 3031 1003 3096 veniatur
1020 3031 1061 3096 ad
1077 3032 1166 3096 istud
1192 3029 1392 3112 Consilium,
1416 3027 1515 3094 etsist

398 3163 456 3219 sua
473 3139 676 3220 Commissiu,
692 3141 777 3204 sient
798 3139 961 3204 videbitur
978 3140 1034 3204 isti
1051 3138 1205 3205 Consilio.

456 3287 491 3347 (A
507 3285 615 3335 »Minci«
633 3286 721 3334 czimll
735 3286 874 3336 ‘relenczei
889 3287 1067 3350 allamkonyv
1082 3287 1211 3336 XXXVI.
1226 3286 1372 3335 kotetebol
1387 3291 1409 3334 tl.
1423 3285 1452 3346 1.)

925 3593 997 3653 las.

400 3755 426 3815 I.
448 3756 544 3838 Lojos
561 3772 701 3838 mappae·
718 3755 749 3816 e's
765 3755 886 3839 lenppel
913 3753 1079 3837 lsircllplzoz
1096 3777 1117 3816 e
1126 3753 1283 3838 floreaczi
1303 3752 1525 3833 b'o‘ztdrsaec'p·

402 3863 468 3925 itale
490 3883 654 3945 prrnuezc,
679 3863 759 3948 bopp
783 3863 986 3946 Rapuzctban
1004 3887 1024 3925 o
1041 3862 1191 3942 florenczi
1217 3859 1407 3926 kereslcedb'lc
1426 3857 1526 3921 iildbz·

849 3972 959 4035 lcinek.
987 3973 1081 4034 1377.

511 4129 595 4210 Regi
617 4128 771 4213 [ingeris.

512 4239 724 4306 Serenissime
753 4248 851 4324 atque
879 4242 1089 4306 invictissime
1125 4241 1282 4325 Princeps
1318 4248 1352 4308 et
1385 4239 1528 4304 Domine.

406 4347 521 4433 Nuper
536 4350 727 4431 audiuimus,
746 4351 778 4413 in
804 4357 913 4415 restra
940 4348 1084 4415 Ciuitate
1101 4350 1246 4431 Ragusie
1264 4350 1426 4432 ‹puaudam
1444 4341 1530 4410 noui·

405 4462 507 4522 tatem
524 4458 645 4524 lactem
663 4460 898 4524 mercatoribus
925 4457 1134 4536 Florentinis,
1161 4458 1220 4522 sub
1241 4462 1393 4542 pretextu
1409 4471 1530 4538 proees-

407 4586 500 4629 snum
517 4573 628 4630 contra
647 4565 823 4631 Conmurne
850 4574 997 4631 nostrum
1018 4587 1074 4647 per
1093 4565 1209 4630 Seelem
1227 4567 1454 4650 Apostolicam
1472 4562 1531 4626 for·
