3172 5254
603 405 697 470 1379.
1149 405 1212 470 lea

85 581 168 649 dicta
184 582 238 649 die
256 582 404 665 Sabbati,
414 591 545 669 recepto
558 585 748 650 condecenti
765 589 947 651 commeatu
964 605 984 649 a
1000 584 1130 651 domino
1150 584 1213 652 Be·

87 691 220 776 nedicto,
238 695 429 759 recessimus
446 695 486 760 de
503 692 624 760 Sacillc
642 715 713 760 cum
733 692 865 759 domino
881 690 1009 760 Gemite
1026 693 1163 776 Jacobo,
1181 699 1214 758 et

86 821 151 864 cum
167 821 206 866 eo
223 803 371 867 venimus
397 801 660 886 Spilimbergum.
676 801 743 866 Ubi
760 802 921 868 Dominus
935 800 1147 886 Spilimbergi
1163 822 1215 868 oc·

85 927 194 973 eureus
212 909 306 974 nobis
332 909 470 992 obviam,
495 931 554 975 nos
574 910 761 975 solemniter
777 909 958 975 honoravit
990 908 1144 976 Crastina
1160 909 1213 976 die

85 1015 164 1080 bono
180 1037 277 1083 mane
293 1019 370 1084 hinc
385 1018 566 1104 recedimus
582 1019 786 1103 prosecuturi
800 1017 886 1083 viam
903 1024 1052 1084 nostram
1068 1039 1141 1084 cum
1157 1017 1215 1083 do-

86 1122 167 1189 mino
193 1123 324 1191 Jacobo
352 1126 524 1191 antedicto.
556 1126 607 1191 De
632 1125 860 1190 informatione
876 1130 985 1190 autem
1001 1125 1155 1191 habenda
1171 1126 1214 1192 ab

86 1229 137 1296 illa
162 1254 316 1315 persona,
333 1234 500 1300 nominata
525 1233 616 1299 vobis
641 1254 700 1318 per
723 1233 796 1300 Bon
822 1231 1019 1316 Johannem,
1035 1233 1216 1313 babuimus,

87 1340 169 1420 quod
186 1341 473 1425 compromittatur
499 1343 531 1407 in
559 1343 650 1409 illam
670 1363 852 1426 personam,
869 1341 901 1406 in
919 1363 1017 1425 quam
1032 1342 1115 1408 alias
1132 1362 1216 1408 com-

3 1536 4 1540 *
87 1447 276 1530 promissum
293 1449 362 1532 fuit,
378 1471 441 1534 que
456 1471 596 1534 persona
612 1449 721 1518 adhuc
736 1449 951 1516 intentionem
967 1449 1096 1515 videtur
1111 1450 1214 1516 inteu-

87 1553 168 1620 dere.
195 1553 292 1622 Nova
309 1557 373 1623 ista
388 1559 450 1624 hoc
468 1579 540 1624 sero
556 1559 774 1626 intelleximus
790 1581 848 1643 per
866 1558 1029 1642 quendem
1040 1579 1213 1641 cursorem,

3 1735 4 1752 ἦ
88 1664 138 1744 qui
155 1665 293 1729 recessit
310 1663 349 1730 de
374 1665 471 1732 Buda
498 1665 551 1730 die
571 1665 652 1736 XV.
668 1668 709 1733 ab
726 1666 897 1749 hodierna,
914 1666 1001 1750 quod
1016 1665 1089 1732 Rex
1104 1665 1217 1752 Unge-

3 1777 4 1782 ’
88 1772 131 1836 rie
147 1773 192 1837 sit
208 1773 241 1836 in
258 1773 408 1854 Posonio,
426 1780 461 1839 et
477 1773 565 1856 quod
581 1774 624 1840 ed
650 1774 740 1839 illum
757 1774 1087 1840 festinanteriverint
1102 1775 1211 1842 Duces

2 1885 3 1920 l
89 1879 239 1960 Austris,
263 1879 341 1946 Dux
365 1881 525 1947 Albertus
552 1903 611 1966 per
627 1889 759 1964 terram,
784 1888 818 1947 et
843 1883 920 1947 Dux
945 1881 1130 1965 leopoldus
1156 1904 1215 1966 per

2 2025 3 2040 κ
89 2010 210 2071 aquam.
226 1986 259 2053 A
277 1991 394 2073 quibus
411 1990 530 2058 dicitur
545 2013 604 2077 per
620 1991 742 2058 dictum
759 2012 924 2058 cursorem
944 1989 1068 2075 Regem
1079 1992 1215 2077 petijsse

2 2153 3 2190 ,
88 2095 239 2163 (lucentes
269 2098 401 2165 lanceas
426 2120 486 2182 pro
501 2099 656 2184 quolibet,
681 2122 743 2184 que
768 2101 853 2166 sicut
883 2097 1055 2165 habuimus
1070 2101 1118 2165 ita
1135 2100 1214 2165 scri·

2 2195 3 2233 l
89 2204 196 2271 bimus.
216 2207 358 2290 Insuper
383 2207 437 2273 hic
462 2208 619 2279 sensimus
646 2208 735 2292 quod
760 2208 909 2275 dominus
924 2207 1122 2274 Patrisrcha
1150 2207 1213 2273 fuit

1 2321 2 2332 ¹
90 2312 127 2377 ad
142 2320 254 2395 partes
269 2313 377 2396 istrie,
403 2321 437 2380 et
461 2315 601 2382 intendit
619 2314 727 2382 iacere
743 2337 842 2383 unam
859 2316 1016 2382 bastitam
1033 2318 1120 2382 inter
1136 2316 1162 2383 J
1163 2337 1214 2382 us·

93 2420 260 2506 tinopolim
285 2430 317 2488 et
343 2423 538 2508 Tergestum
554 2423 597 2490 ad
613 2423 860 2509 prohibendum,
879 2443 920 2488 ne
936 2425 976 2490 de
991 2425 1143 2507 partibus
1163 2445 1214 2489 su·

92 2528 268 2611 peioribus
293 2530 468 2596 addictas
493 2537 601 2598 terras
635 2532 794 2599 victualia
825 2529 1093 2599 transferrentur.
1123 2531 1216 2600 Data

93 2636 295 2723 Spilimbergi
311 2638 493 2709 XXVIII.
510 2640 605 2725 Maij.

220 2837 1071 2924 4)Arelenczeidogenalrakiivetek.
1157 2849 1160 2856 '

195 2961 337 3046 Scriptis
361 2963 528 3046 premissis
554 2969 587 3030 et
603 2963 714 3030 clausa
738 2963 860 3044 littera,
877 2966 1027 3046 sequenti
1042 2965 1096 3030 die
1113 2965 1213 3032 domi·
1253 3035 1256 3042 ,

94 3069 158 3134 nica
182 3070 359 3138 XXVIII.
385 3093 465 3156 opus
490 3072 662 3156 prelatum,
693 3079 730 3138 ut
762 3073 950 3156 scripsimus
973 3073 1214 3156 incompletum,

95 3185 197 3258 postea
221 3201 282 3264 per
306 3179 586 3264 interpositionem
612 3179 733 3245 domini
757 3179 906 3246 Bertoldi
932 3179 1111 3264 perfectum
1141 3181 1212 3248 fuit.

95 3282 179 3368 Quod
204 3289 336 3371 quidem
365 3309 445 3372 opus
471 3288 654 3372 acceptarit
679 3289 807 3355 nomine
828 3289 951 3354 domini
965 3289 1136 3354 Benedicti
1152 3290 1210 3356 illa

1 3427 3 3471 r
95 3414 222 3475 persona
247 3417 268 3460 a
297 3395 422 3465 Voluce
447 3396 482 3460 in
508 3395 658 3462 absentia
683 3397 785 3480 ipsius
811 3397 932 3463 domini
957 3398 996 3463 B.
1021 3397 1056 3462 in
1076 3399 1211 3482 campis.

96 3499 251 3568 Hortatur
296 3503 394 3568 etiam
426 3511 458 3568 et
489 3503 585 3570 valde
627 3505 734 3570 dictus
775 3505 923 3570 dominus
958 3505 998 3570 B.
1030 3507 1117 3589 quod
1147 3528 1208 3589 pro

1 3603 3 3639 ³
94 3608 148 3674 fine
178 3611 263 3676 bono
299 3617 331 3676 et
363 3611 503 3676 utillime
530 3610 715 3677 adiciantur
747 3613 834 3678 dicto
865 3614 956 3696 operi
987 3635 1047 3697 pro
1079 3614 1210 3681 domino

95 3714 262 3784 Benedicto
279 3723 328 3782 tot
345 3718 558 3799 laboratores,
576 3719 632 3803 qui
649 3719 715 3784 sint
730 3741 833 3802 usque
852 3742 1023 3786 numerum
1039 3721 1111 3790 VII
1126 3724 1215 3789 ultra

95 3821 287 3891 laboratores
311 3826 407 3890 datos
431 3826 465 3890 in
491 3847 588 3911 opere
614 3827 796 3907 antedicto3
820 3849 880 3910 pro
905 3829 967 3893 hoc
992 3830 1077 3894 enim
1102 3828 1154 3896 hic
1181 3837 1215 3896 et

97 3931 165 3997 alibi
179 3933 248 3998 finis
265 3935 408 4017 optimus
424 3935 513 4019 operi
538 3941 647 4000 vestro
666 3955 725 4018 per
741 3934 824 4000 alios
841 3935 941 3999 etiam
972 3936 1118 4004 fautores
1135 3940 1214 4004 dicti

97 4039 205 4106 domini
221 4042 403 4122 Benedicti,
420 4048 457 4107 ut
481 4043 691 4126 premittitur,
711 4042 887 4126 parabitur
904 4050 937 4108 et
954 4045 1138 4112 omnimode
1155 4047 1213 4112 im·

1 4131 2 4136 ¹
96 4150 243 4229 penditur.
277 4149 384 4234 Super
410 4151 471 4215 hoc
496 4153 595 4217 etiam
621 4152 770 4217 dominus
795 4149 993 4216 Benedictus
1018 4153 1059 4216 ad
1085 4154 1213 4237 plenum

1 4273 2 4328 3
96 4257 202 4324 scribet
225 4257 347 4325 Vestro
375 4257 539 4324 Dominio.
564 4260 656 4325 Data
681 4258 745 4324 fuit
760 4259 820 4324 hcc
836 4258 938 4325 aditio
956 4259 1041 4326 dicte
1057 4261 1164 4326 littere
1180 4263 1215 4326 iu

97 4359 204 4430 Sancto
217 4363 357 4432 Daniele
373 4386 475 4450 prope
492 4365 748 4452 Spilimbergum
760 4368 812 4432 die
824 4367 987 4432 dominica
1013 4367 1211 4437 XXVllIl.

1 4488 2 4515 ¹
82 4466 167 4558 ‘Maij
183 4473 214 4537 iu
229 4495 383 4559 processu
398 4477 450 4540 vie
467 4482 584 4541 nostre.
