3172 5254
386 323 449 390 134
642 363 643 366 =
737 343 971 388 nmnonnczmr
989 329 1154 386 nunhnnu.

384 503 417 567 in
436 503 554 584 quella,
571 524 604 566 se
621 501 686 566 Dio
704 503 842 566 eoneede
868 504 976 587 gratia
994 503 1017 565 s'
1034 503 1200 584 ottenghu,
1221 503 1373 567 abbiamo
1389 525 1510 567 somma

385 633 559 694 speranza3
582 632 599 674 e
616 612 694 694 pero
720 611 789 676 fate
815 610 841 673 si
866 614 1010 674 mettano
1028 611 1061 673 in
1077 617 1179 694 punto
1196 610 1241 693 gli
1261 605 1512 676 Aurhasoiadori

384 716 437 784 del
454 717 608 803 Signore3
634 724 667 782 et
682 718 736 784 noi
753 718 959 786 ordinaremo
970 717 994 782 il
1007 718 1131 798 simile;
1154 724 1189 781 et
1205 717 1273 782 fate
1290 718 1350 782 che
1366 720 1511 802 seguiate

384 826 414 889 d’
432 825 555 891 andare
582 847 602 890 a
626 823 725 908 quelli
752 823 883 907 Signori
900 845 916 888 e
935 822 1083 904 Oomuui,
1111 845 1201 890 corne
1226 824 1373 907 eonsigle
1388 824 1511 890 Messei-

383 932 545 999 Bernabo.
561 933 591 999 E
608 932 754 998 mandati
764 933 971 1006 ordinaremo
981 937 1072 998 arete
1082 930 1115 996 di
1127 937 1277 1015 presente
1289 933 1351 999 stb.
1364 969 1404 978 -
1468 971 1511 979 —

384 1073 508 1141 (hiredeti
523 1075 737 1140 fogalmazvany
752 1092 768 1124 a
784 1077 920 1144 »Signorh
935 1077 1090 1140 Carteggie,
1105 1076 1236 1126 mesine«
1252 1079 1303 1126 stb.
1319 1079 1424 1141 osztdiy
1435 1079 1511 1128 XVI.

559 1165 712 1232 hotegtben
729 1170 769 1215 19,
784 1181 820 1216 sz.
836 1181 869 1228 a,
884 1183 902 1216 a
914 1166 1042 1216 dorenczi
1056 1180 1130 1230 rra-gy
1144 1165 1335 1226 lereltarban.)

911 1475 982 1534 1‘21.

473 1633 617 1698 Visconti
633 1633 878 1696 Baraoho'eaud·
896 1657 915 1695 a
923 1633 1081 1718 flor-ermzi
1097 1633 1316 1721 kdztdreuerigy.
1345 1637 1436 1700 1376.

493 1791 633 1858 Domino
650 1791 848 1857 Bernahoni.

490 1934 1075 1950 —————————
1100 1886 1188 1987 Quot
1204 1909 1318 1987 gentes
1330 1904 1510 1983 habeamus

384 2007 463 2072 bene
479 2015 641 2074 nonerunt
665 2008 825 2074 Dominus
853 2007 1049 2076 Guillelmus
1075 2017 1107 2074 et
1131 2009 1335 2095 Roggerius;
1359 2013 1508 2096 quoniam

385 2116 471 2182 mille
488 2124 618 2182 eentum
633 2118 774 2200 lanceas,
791 2125 823 2183 et
841 2118 996 2186 ducentos
1016 2119 1178 2203 I'ngaros²
1195 2143 1234 2186 ao
1250 2123 1339 2187 mille
1356 2123 1440 2186 inter
1456 2121 1510 2185 ba·

383 2224 526 2290 listarios
543 2232 577 2290 et
592 2225 717 2309 pedites
734 2226 884 2291 continue
901 2228 1075 2293 retinemus
1091 2228 1153 2292 eth.
1170 2227 1260 2293 Data
1279 2229 1448 2295 Florentio
1458 2227 1509 2293 die

281 2427 285 2434 Ι
386 2329 510 2397 XIIII.
527 2333 646 2398 mensis
663 2333 807 2416 Augusti
824 2333 950 2400 XIIII.
969 2335 1143 2402 indictione
1162 2333 1456 2402 MCGOLXXVI.

381 2475 505 2536 (Eredeti
519 2475 762 2540 sogalmazvdnya
779 2476 914 2542 »signori¹
938 2479 1089 2544 CarteggIe‚
1113 2479 1240 2529 Missis-e«
1264 2484 1317 2530 stb.
1332 2483 1438 2544 osztdly
1453 2483 1509 2532 XV.

536 2564 691 2631 kdtegdhen
708 2571 748 2616 78.
763 2581 799 2616 sz.
814 2568 895 2632 aleth,
908 2582 924 2618 a
938 2568 1067 2619 florencii
1081 2584 1154 2634 nagy
1168 2569 1361 2633 levdltdrban.)

908 2895 979 2956 122.

383 3047 412 3113 A
429 3050 582 3115 ueleaezei
598 3052 943 3138 leorurdrrytaredcuuod
963 3058 997 3138 uj
1014 3055 1221 3134 iute'zkede'ae,
1237 3079 1275 3118 uz
1293 3057 1410 3122 Istuda
1427 3058 1511 3120 erde'·

382 3157 429 3241 lya
454 3158 553 3242 vajdu
580 3164 731 3224 ezdmdru
757 3185 779 3224 a
805 3173 889 3226 ezent
912 3161 1021 3244 foldre
1048 3163 1225 3228 hatdrozott
1251 3169 1388 3228 eetazdsa
1416 3167 1509 3251 oe'yed

645 3269 805 3333 direudedt
821 3270 920 3354 qeilyu
939 3273 1127 3359 tdryydbao.
1155 3273 1248 3336 1376.

489 3425 588 3490 Anno
615 3425 913 3496 MOCOLXXVI.
941 3429 1116 3496 indictione
1142 3429 1221 3498 XV.
1238 3432 1291 3498 dio
1309 3433 1410 3501 XIV.
1429 3457 1511 3500 men·
1584 3453 1585 3476 ³

382 3533 425 3598 sis
454 3529 607 3616 Augusti.
633 3533 779 3621 Capta
797 3564 802 3601 :
820 3535 908 3621 Quia
933 3537 1128 3622 Magnificus
1154 3541 1303 3605 dominus
1329 3541 1512 3626 Stephanus
1584 3575 1585 3578 ¹

380 3639 544 3724 Vayuoda
569 3641 803 3710 Trairsilvanus
831 3653 962 3730 reputat
988 3647 1048 3712 sihi
1076 3648 1118 3711 ad
1145 3670 1295 3732 magnam
1313 3651 1457 3732 gratiam
1475 3651 1511 3714 de
1584 3687 1585 3742 3

380 3769 426 3827 eo,
454 3749 540 3832 quod
567 3751 700 3816 iacimus
727 3753 830 3836 ipsum
858 3754 993 3820 conduci
1024 3756 1106 3820 vltra
1124 3777 1222 3832 ‚rnare
1248 3779 1308 3840 pro
1336 3757 1443 3822 eundo
1471 3759 1511 3824 ad
1584 3779 1585 3784 ’

380 3855 535 3922 Sanctum
554 3855 773 3941 ‚Sepulcru1113
798 3862 854 3926 sed
881 3862 968 3942 dieit,
995 3864 1082 3947 quod
1108 3865 1237 3929 omuino
1263 3873 1312 3929 est
1331 3863 1511 3949 dispositus

379 3963 514 4030 visitare
530 3967 628 4030 etium
646 3965 799 4034 Sanctam
819 3967 1010 4035 Oatarinam
1027 3971 1067 4035 de
1084 3979 1192 4036 monte
1212 3971 1331 4056 Synay,
1348 3973 1432 4038 vnde
1451 3997 1512 4040 non

378 4081 488 4154 posset
505 4073 613 4137 venire
640 4075 682 4138 nd
708 4081 835 4160 tempus
853 4099 911 4160 pro
928 4079 1091 4142 redeundo
1114 4077 1273 4144 Veneeias
1290 4101 1363 4144 enm
1380 4082 1510 4164 galeis:

379 4177 468 4244 vadit
485 4203 562 4264 pars
579 4203 638 4265 pro
655 4185 884 4266 complacendo
911 4187 970 4251 sibi
989 4187 1031 4251 ad
1047 4187 1186 4270 plenum,
1211 4195 1338 4252 attenta
1353 4189 1510 4255 laudabili

378 4286 600 4372 disposicione,
618 4314 715 4374 quani
733 4313 858 4376 semper
875 4295 987 4359 habuit
1007 4301 1039 4358 ot
1056 4294 1156 4359 hahet
1172 4297 1215 4360 ud
1232 4296 1388 4361 honorem
1406 4298 1509 4362 nostri

379 4393 542 4478 Dominii3
568 4398 656 4480 qnod
683 4400 811 4465 dicatur
839 4403 909 4482 sibi,
936 4401 1022 4484 qnod
1049 4403 1206 4468 sociemus
1233 4405 1339 4486 ipsum
1373 4407 1509 4471 conduci

384 4503 550 4572 Barntnm.
578 4505 626 4570 rel
653 4509 683 4573 iu
712 4505 956 4588 Alexandrian,
984 4532 1055 4576 erim
1084 4512 1186 4590 gnhis
1204 4513 1336 4596 nostris,
1362 4523 1392 4576 ot
1424 4513 1508 4598 (mod
1579 4534 1585 4606 i
