3248 5242
618 343 713 436 tabo.
1004 438 1011 445 ,
1062 336 1068 346 ’
1164 345 1244 438 ser·

92 558 196 628 super
212 543 336 612 talibus
354 546 475 611 nullum
494 547 683 613 illaudatum
701 548 800 614 habes
816 571 836 614 a
852 549 954 627 nobis
971 571 1029 614 nec
1045 550 1144 615 ullam
1163 571 1229 615 res·

92 655 287 735 pensionem
306 654 384 720 dare
403 678 521 739 posses,
549 655 605 722 sed
622 657 649 722 si
676 658 784 740 placet
811 657 1045 722 Maiestatibus
1071 653 1147 724 Suis
1172 660 1230 724 ali·

93 783 163 843 qua
181 761 242 826 tibi
261 765 463 830 committere
480 766 530 831 rel
547 765 664 845 dicere,
677 765 739 848 ipsi
752 771 890 848 possunt
902 767 1018 846 dicere,
1028 787 1229 851 quecumque

96 870 147 932 eis
157 867 298 952 placent,
315 875 395 954 quia
410 876 448 935 tu
465 873 573 936 venies
589 872 630 936 ad
648 873 845 956 presentiam
866 877 1022 948 nostram,
1047 880 1081 938 et
1104 871 1225 938 referes

91 997 297 1061 quecumque
315 980 361 1044 eis
377 980 568 1065 placuerint,
584 986 617 1045 et
632 1001 689 1047 nos
717 987 831 1064 postea
856 979 1094 1064 providebimus
1120 1003 1228 1047 secun-

91 1084 172 1148 dum
190 1087 276 1168 quod
294 1087 385 1152 nobis
401 1089 564 1155 videbitur
580 1109 661 1174 opus
678 1110 748 1154 esse
764 1109 824 1172 pro
840 1087 962 1153 honore
978 1086 1044 1154 Sue
1059 1089 1230 1153 Excellen-

93 1194 141 1257 tie
158 1199 193 1258 et·
208 1201 327 1260 nostro.
344 1194 468 1264 Verum
485 1199 563 1281 quia
577 1196 692 1261 leviter
709 1196 808 1262 verba
823 1195 905 1262 alias
921 1196 983 1261 tibi
999 1196 1086 1261 dicta
1101 1217 1158 1278 per
1175 1197 1230 1262 do-

91 1302 218 1366 minam
236 1302 398 1385 Reginam
414 1305 486 1388 ipsa
501 1311 614 1389 posset
628 1311 739 1389 petere
756 1327 777 1370 a
791 1312 833 1387 te,
850 1305 877 1368 si
887 1311 924 1368 tu
936 1304 1045 1370 dixisti
1055 1304 1231 1385 nobisipsa

92 1410 206 1490 verba,
223 1413 414 1493 etquidnos
425 1411 669 1497 respondimus;
685 1413 802 1477 debeas
818 1412 1028 1495 respondere,
1045 1411 1133 1496 quod
1144 1417 1230 1490 tunc,

94 1516 232 1599 quando
247 1520 408 1585 Maiestas
426 1517 495 1585 Sua
511 1520 570 1586 tibi
590 1519 672 1584 dixit
688 1519 787 1584 verba
813 1519 970 1602 predicta,
995 1520 1021 1584 si
1039 1520 1121 1584 bene
1141 1539 1228 1582 reco-

94 1625 148 1706 lis,
164 1625 296 1693 voluisti
312 1625 483 1707 declarari,
499 1629 526 1692 si
544 1627 714 1694 Maiestati
733 1625 798 1692 Sue
815 1627 977 1710 placebat,
994 1625 1080 1709 quod
1097 1626 1158 1691 illa
1173 1647 1228 1689 no·

10 1767 11 1770 ¹
92 1732 148 1798 bis
165 1732 330 1816 refereris,
347 1742 380 1801 et
401 1721 547 1819 ipsa'non
560 1735 744 1818 respondit3
761 1734 990 1818 propterquod
1004 1735 1231 1798 considerante

91 1849 138 1925 tc,
156 1839 244 1924 quod
261 1842 333 1925 ipsa
350 1841 510 1909 Maiestas
528 1842 596 1909 Sua
612 1843 739 1908 dixerat
757 1841 817 1907 tibi
834 1843 866 1905 in
891 1863 1010 1924 magno
1035 1847 1169 1923 secreto,
1193 1847 1231 1904 tu

89 1949 234 2014 noluisti
249 1946 358 2014 facere
374 1952 580 2030 mentionem,
597 1951 653 2018 sed
665 1951 747 2015 bene
763 1955 854 2033 potes
874 1949 1042 2014 testificari
1060 1947 1231 2013 Serinitati

91 2055 167 2123 Sue
185 2063 217 2122 et
234 2053 361 2136 mundo,
378 2059 465 2142 quod
483 2055 673 2124 Dominstio
684 2064 794 2122 nostra
805 2056 939 2122 esttalis
955 2062 1082 2138 nature,
1098 2055 1186 2138 quod
1205 2057 1231 2119 si

89 2163 361 2248 promitteremus
377 2166 439 2232 sibi
456 2167 512 2231 vel
523 2167 618 2232 alteri
636 2167 812 2250 quicquam
829 2170 963 2249 propter
987 2164 1132 2246 aliquam
1157 2183 1231 2227 cau-

89 2292 177 2352 sam,
194 2291 253 2334 nos
268 2268 463 2336 infallibiter
478 2274 629 2340 omnibus
646 2273 846 2358 'postpositis
871 2269 1124 2353 attenderemus,
1154 2291 1232 2352 que·

90 2383 237 2461 cumque
254 2381 527 2462 promitteremus.
1300 2367 1304 2376 ’

89 2524 130 2585 (A
148 2523 279 2573 »Secreta
291 2525 405 2574 Consilii
420 2526 610 2590 Rogatorums
625 2527 714 2576 czimtt
727 2527 866 2576 velenczei
890 2523 1111 2574 allamalrtakbbl
1126 2524 1159 2572 R.
1182 2522 1231 2572 kt·

537 2619 640 2670 astent]
656 2623 699 2668 50.
713 2633 749 2666 sz.
763 2619 801 2677 a.)

626 2907 701 2971 416.

89 3097 124 3170 Α
145 3097 301 3194 velerrczei
319 3105 528 3192 kdztdrsusdp
547 3106 705 3192 ttpynb'kb‘t
726 3103 808 3171 kald
828 3101 1044 3170 Dalmaticida
1057 3127 1075 3166 o
1089 3098 1231 3184 ddlsessc'q

424 3213 660 3302 fearstartriasa
676 3217 783 3301 vc'pett.
803 3217 898 3278 1390.

206 3369 305 3440 Anno
323 3371 640 3441 MOOOLXXXX.
652 3371 827 3442 indictione
838 3372 943 3441 XIII.
964 3373 1017 3438 die
1033 3366 1230 3438 XXVIIII.

90 3483 237 3568 Aprilis
263 3483 405 3566 Capta
422 3507 429 3546 ε
446 3482 533 3568 Quia
559 3491 693 3567 propter
720 3483 925 3549 condiciones
951 3487 984 3546 et
1009 3479 1173 3550 terminos,
1194 3478 1230 3541 in

91 3594 218 3679 quibus
248 3592 489 3675 presentialiter
514 3613 548 3657 se
573 3593 741 3676 reperiunt
767 3591 1026 3657 Communitates
1052 3586 1233 3667 Dalmacie,

95 3701 256 3767 debemus
272 3698 395 3765 habere
413 3707 537 3766 mentes
563 3707 691 3767 nostras
708 3695 750 3766 ad
777 3699 866 3766 facta
893 3695 1050 3782 predicta,
1075 3702 1113 3762 ut
1137 3693 1233 3759 adve-

93 3811 211 3876 niente
227 3808 309 3874 hora
323 3815 356 3873 et
371 3815 527 3891 tempore,
545 3808 672 3892 possint
687 3808 758 3873 fieri
775 3815 808 3872 et
832 3806 1003 3896 procurari
1021 3825 1067 3885 ea,
1094 3823 1157 3886 que
1174 3801 1233 3865 ha-

94 3921 204 3988 beant
220 3923 341 4008 statum
358 3924 506 3984 nostrum
523 3938 670 3984 securum
682 3915 817 3983 reddere
829 3915 1030 4000 temporibus
1043 3915 1076 3977 in
1093 3910 1232 3988 futuris3

91 4025 192 4093 vadit
208 4046 285 4108 pars
301 4046 360 4108 pro
376 4025 535 4111 poscendo
556 4021 677 4091 babere
696 4026 826 4109 plenam
844 4028 877 4088 et
893 4022 1016 4088 claram
1033 4018 1233 4085 informatio·

96 4155 175 4200 nem
209 4132 249 4210 de
275 4128 423 4198 omnibus
449 4129 693 4199 condicionibus
725 4134 873 4216 partium
885 4128 1117 4214 predictarum,
1143 4126 1232 4192 etde

96 4236 325 4308 voluntatibus
343 4248 375 4305 et
388 4242 627 4307 intencionibus
644 4242 804 4307 dictarum
822 4235 1011 4320 Civitatem,
1022 4243 1053 4301 et
1064 4238 1096 4300 in
1108 4235 1229 4318 specia-

90 4350 118 4417 li
150 4370 211 4432 pro
237 4349 395 4432 possendo
421 4349 571 4414 conferre
597 4371 670 4432 cum
697 4347 753 4414 illo
780 4349 885 4414 amico
912 4345 952 4410 de
978 4344 1150 4426 Tragurio,
1176 4337 1232 4423 qui

91 4458 213 4523 scribit
229 4458 290 4522 civi
306 4463 426 4541 nostro,
442 4457 528 4541 quod
546 4458 703 4522 mittatur
719 4458 761 4521 ad
777 4463 888 4539 partes
900 4454 972 4518 illas
989 4473 1062 4517 cum
1079 4470 1143 4516 una
1159 4467 1232 4512 nos·

92 4571 152 4632 tra
168 4564 293 4630 barcba
308 4573 436 4631 armata
453 4585 536 4630 unus
553 4573 663 4630 noster
678 4563 824 4629 Nuncius
841 4561 1003 4627 sufficiens
1019 4565 1051 4626 et
1067 4557 1230 4628 discretus
