<?xml version="1.0" encoding="UTF-8"?>
<!DOCTYPE html PUBLIC "-//W3C//DTD XHTML 1.0 Transitional//EN"
    "http://www.w3.org/TR/xhtml1/DTD/xhtml1-transitional.dtd">
<html xmlns="http://www.w3.org/1999/xhtml" xml:lang="en" lang="en">
 <head>
  <title>
</title>
<meta http-equiv="Content-Type" content="text/html;charset=utf-8" />
  <meta name='ocr-system' content='tesseract 3.04.00' />
  <meta name='ocr-capabilities' content='ocr_page ocr_carea ocr_par ocr_line ocrx_word'/>
</head>
<body>
  <div class='ocr_page' id='page_1' title='image "./magyardiplomacz00wenzgoog_0091.png"; bbox 0 0 3210 5252; ppageno 0'>
   <div class='ocr_carea' id='block_1_1' title="bbox 614 615 665 676">
    <p class='ocr_par' dir='ltr' id='par_1_1' title="bbox 614 615 665 676">
     <span class='ocr_line' id='line_1_1' title="bbox 614 615 665 676; baseline 0 -1"><span class='ocrx_word' id='word_1_1' title='bbox 614 615 665 676; x_wconf 82' lang='lat'>51.</span> 
     </span>
    </p>
   </div>
   <div class='ocr_carea' id='block_1_2' title="bbox 94 772 1201 949">
    <p class='ocr_par' dir='ltr' id='par_1_2' title="bbox 94 772 1201 949">
     <span class='ocr_line' id='line_1_2' title="bbox 94 772 1201 860; baseline 0.007 -26"><span class='ocrx_word' id='word_1_2' title='bbox 94 772 119 834; x_wconf 81' lang='lat' dir='ltr'>J.</span> <span class='ocrx_word' id='word_1_3' title='bbox 140 773 229 858; x_wconf 78' lang='lat' dir='ltr'>hojoa</span> <span class='ocrx_word' id='word_1_4' title='bbox 251 797 391 860; x_wconf 74' lang='lat' dir='ltr'>mcqyar</span> <span class='ocrx_word' id='word_1_5' title='bbox 420 775 453 837; x_wconf 85' lang='lat' dir='ltr'>e&#39;a</span> <span class='ocrx_word' id='word_1_6' title='bbox 476 774 600 860; x_wconf 29' lang='lat' dir='ltr'>lenplpel</span> <span class='ocrx_word' id='word_1_7' title='bbox 632 773 812 858; x_wconf 77' lang='lat' dir='ltr'>kirrtlynalc</span> <span class='ocrx_word' id='word_1_8' title='bbox 843 778 1146 843; x_wconf 81' lang='lat' dir='ltr'>azabadalomleoele</span> <span class='ocrx_word' id='word_1_9' title='bbox 1179 804 1201 842; x_wconf 90' lang='lat' dir='ltr'>a</span> 
     </span>
     <span class='ocr_line' id='line_1_3' title="bbox 332 882 938 949; baseline 0.002 -3"><span class='ocrx_word' id='word_1_10' title='bbox 332 883 441 948; x_wconf 73' lang='lat' dir='ltr'>thorat</span> <span class='ocrx_word' id='word_1_11' title='bbox 456 882 646 946; x_wconf 81' lang='lat' dir='ltr'>hereskedb&#39;k</span> <span class='ocrx_word' id='word_1_12' title='bbox 661 886 823 948; x_wconf 76' lang='lat' dir='ltr'>azdmdra.</span> <span class='ocrx_word' id='word_1_13' title='bbox 842 887 938 949; x_wconf 82' lang='lat'><em>1373.</em></span> 
     </span>
    </p>
   </div>
   <div class='ocr_carea' id='block_1_3' title="bbox 93 1038 1203 1230">
    <p class='ocr_par' dir='ltr' id='par_1_3' title="bbox 10 1029 1203 1230">
     <span class='ocr_line' id='line_1_4' title="bbox 93 1038 1203 1124; baseline 0.008 -20.374"><span class='ocrx_word' id='word_1_14' title='bbox 93 1038 224 1122; x_wconf 78' lang='lat' dir='ltr'>Providis</span> <span class='ocrx_word' id='word_1_15' title='bbox 247 1042 325 1106; x_wconf 77' lang='lat' dir='ltr'>viris</span> <span class='ocrx_word' id='word_1_16' title='bbox 350 1040 537 1121; x_wconf 88' lang='lat' dir='ltr'>Judicibus,</span> <span class='ocrx_word' id='word_1_17' title='bbox 552 1041 758 1124; x_wconf 83' lang='lat' dir='ltr'>Consulibus,</span> <span class='ocrx_word' id='word_1_18' title='bbox 784 1041 936 1110; x_wconf 86' lang='lat' dir='ltr'>Scabinis</span> <span class='ocrx_word' id='word_1_19' title='bbox 963 1051 995 1110; x_wconf 90' lang='lat' dir='ltr'>et</span> <span class='ocrx_word' id='word_1_20' title='bbox 1011 1041 1146 1112; x_wconf 81' lang='lat' dir='ltr'>Civibus</span> <span class='ocrx_word' id='word_1_21' title='bbox 1162 1045 1203 1112; x_wconf 86' lang='lat' dir='ltr'>de</span> 
     </span>
     <span class='ocr_line' id='line_1_5' title="bbox 467 1143 808 1230; baseline 0.003 -15"><span class='ocrx_word' id='word_1_22' title='bbox 467 1143 587 1230; x_wconf 75' lang='lat' dir='ltr'>Torua,</span> <span class='ocrx_word' id='word_1_23' title='bbox 603 1150 716 1215; x_wconf 90' lang='lat' dir='ltr'>amicis</span> <span class='ocrx_word' id='word_1_24' title='bbox 733 1151 808 1216; x_wconf 84' lang='lat' dir='ltr'>suia.</span> 
     </span>
    </p>
   </div>
   <div class='ocr_carea' id='block_1_4' title="bbox 10 1275 1203 3744">
    <p class='ocr_par' dir='ltr' id='par_1_4' title="bbox 93 1275 1203 1462">
     <span class='ocr_line' id='line_1_6' title="bbox 183 1275 1203 1362; baseline 0.003 -19"><span class='ocrx_word' id='word_1_25' title='bbox 183 1275 367 1343; x_wconf 83' lang='lat' dir='ltr'>Lodovicus</span> <span class='ocrx_word' id='word_1_26' title='bbox 407 1275 470 1340; x_wconf 94' lang='lat' dir='ltr'>Dei</span> <span class='ocrx_word' id='word_1_27' title='bbox 510 1276 620 1358; x_wconf 81' lang='lat' dir='ltr'>gracia</span> <span class='ocrx_word' id='word_1_28' title='bbox 654 1275 726 1340; x_wconf 85' lang='lat' dir='ltr'>Rex</span> <span class='ocrx_word' id='word_1_29' title='bbox 756 1276 915 1362; x_wconf 84' lang='lat' dir='ltr'>Vngarie,</span> <span class='ocrx_word' id='word_1_30' title='bbox 947 1277 1092 1362; x_wconf 80' lang='lat' dir='ltr'>Paionia,</span> <span class='ocrx_word' id='word_1_31' title='bbox 1117 1281 1203 1356; x_wconf 65' lang='lat' dir='ltr'>,Dal-</span> 
     </span>
     <span class='ocr_line' id='line_1_7' title="bbox 93 1387 579 1462; baseline 0.006 -14"><span class='ocrx_word' id='word_1_32' title='bbox 93 1387 180 1450; x_wconf 86' lang='lat' dir='ltr'>macie</span> <span class='ocrx_word' id='word_1_33' title='bbox 195 1392 253 1450; x_wconf 89' lang='lat' dir='ltr'>etc.</span> <span class='ocrx_word' id='word_1_34' title='bbox 577 1459 579 1462; x_wconf 50' lang='grc'><strong>,</strong></span> 
     </span>
    </p>

    <p class='ocr_par' dir='ltr' id='par_1_5' title="bbox 10 1489 1202 3744">
     <span class='ocr_line' id='line_1_8' title="bbox 182 1489 1201 1576; baseline 0.005 -19"><span class='ocrx_word' id='word_1_35' title='bbox 182 1489 287 1558; x_wconf 83' lang='lat' dir='ltr'>Amici</span> <span class='ocrx_word' id='word_1_36' title='bbox 313 1493 484 1558; x_wconf 82' lang='lat' dir='ltr'>carissimi.</span> <span class='ocrx_word' id='word_1_37' title='bbox 509 1491 667 1576; x_wconf 78' lang='lat' dir='ltr'>Quamvis</span> <span class='ocrx_word' id='word_1_38' title='bbox 693 1493 775 1557; x_wconf 91' lang='lat' dir='ltr'>alias</span> <span class='ocrx_word' id='word_1_39' title='bbox 804 1493 969 1560; x_wconf 86' lang='lat' dir='ltr'>universos</span> <span class='ocrx_word' id='word_1_40' title='bbox 1003 1503 1201 1564; x_wconf 80' lang='lat' dir='ltr'>mercatores</span> 
     </span>
     <span class='ocr_line' id='line_1_9' title="bbox 10 1599 1201 1692; baseline 0.008 -30"><span class='ocrx_word' id='word_1_41' title='bbox 10 1609 12 1692; x_wconf 51' lang='lat' dir='ltr'>g</span> <span class='ocrx_word' id='word_1_42' title='bbox 93 1599 124 1666; x_wconf 87' lang='lat' dir='ltr'>de</span> <span class='ocrx_word' id='word_1_43' title='bbox 145 1601 248 1666; x_wconf 83' lang='lat' dir='ltr'>Toron</span> <span class='ocrx_word' id='word_1_44' title='bbox 272 1623 333 1685; x_wconf 90' lang='lat' dir='ltr'>pro</span> <span class='ocrx_word' id='word_1_45' title='bbox 360 1621 406 1682; x_wconf 90' lang='lat' dir='ltr'>eo,</span> <span class='ocrx_word' id='word_1_46' title='bbox 433 1601 510 1684; x_wconf 89' lang='lat' dir='ltr'>quia</span> <span class='ocrx_word' id='word_1_47' title='bbox 527 1621 582 1665; x_wconf 87' lang='lat' dir='ltr'>vos</span> <span class='ocrx_word' id='word_1_48' title='bbox 598 1607 794 1666; x_wconf 83' lang='lat' dir='ltr'>mercatores</span> <span class='ocrx_word' id='word_1_49' title='bbox 812 1601 1000 1686; x_wconf 81' lang='lat' dir='ltr'>Regnorum</span> <span class='ocrx_word' id='word_1_50' title='bbox 1016 1613 1201 1672; x_wconf 86' lang='lat' dir='ltr'>nostrorum</span> 
     </span>
     <span class='ocr_line' id='line_1_10' title="bbox 93 1709 1202 1796; baseline 0.006 -24"><span class='ocrx_word' id='word_1_51' title='bbox 93 1713 149 1772; x_wconf 86' lang='lat' dir='ltr'>tam</span> <span class='ocrx_word' id='word_1_52' title='bbox 171 1709 202 1774; x_wconf 90' lang='lat' dir='ltr'>in</span> <span class='ocrx_word' id='word_1_53' title='bbox 226 1710 410 1774; x_wconf 81' lang='lat' dir='ltr'>mutacione</span> <span class='ocrx_word' id='word_1_54' title='bbox 435 1729 616 1792; x_wconf 89' lang='lat' dir='ltr'>pannorum</span> <span class='ocrx_word' id='word_1_55' title='bbox 642 1715 676 1773; x_wconf 92' lang='lat' dir='ltr'>et</span> <span class='ocrx_word' id='word_1_56' title='bbox 700 1711 957 1775; x_wconf 84' lang='lat' dir='ltr'>commutacione</span> <span class='ocrx_word' id='word_1_57' title='bbox 980 1713 1202 1796; x_wconf 85' lang='lat' dir='ltr'>pecuniarum,</span> 
     </span>
     <span class='ocr_line' id='line_1_11' title="bbox 10 1815 1201 1902; baseline 0.007 -24"><span class='ocrx_word' id='word_1_58' title='bbox 10 1833 12 1858; x_wconf 60' lang='lat'><em>³</em></span> <span class='ocrx_word' id='word_1_59' title='bbox 93 1838 175 1898; x_wconf 90' lang='lat' dir='ltr'>quam</span> <span class='ocrx_word' id='word_1_60' title='bbox 198 1818 230 1882; x_wconf 94' lang='lat' dir='ltr'>in</span> <span class='ocrx_word' id='word_1_61' title='bbox 261 1816 335 1882; x_wconf 89' lang='lat' dir='ltr'>aliis</span> <span class='ocrx_word' id='word_1_62' title='bbox 366 1816 463 1881; x_wconf 86' lang='lat' dir='ltr'>factis</span> <span class='ocrx_word' id='word_1_63' title='bbox 495 1815 711 1882; x_wconf 87' lang='lat' dir='ltr'>diversimode</span> <span class='ocrx_word' id='word_1_64' title='bbox 741 1817 953 1899; x_wconf 89' lang='lat' dir='ltr'>perturbatis,</span> <span class='ocrx_word' id='word_1_65' title='bbox 978 1818 1020 1882; x_wconf 88' lang='lat' dir='ltr'>ab</span> <span class='ocrx_word' id='word_1_66' title='bbox 1051 1820 1201 1902; x_wconf 87' lang='lat' dir='ltr'>ingressu</span> 
     </span>
     <span class='ocr_line' id='line_1_12' title="bbox 91 1921 1200 2008; baseline 0.003 -19"><span class='ocrx_word' id='word_1_67' title='bbox 91 1925 183 2008; x_wconf 79' lang='lat' dir='ltr'>Regni</span> <span class='ocrx_word' id='word_1_68' title='bbox 205 1925 326 1990; x_wconf 86' lang='lat' dir='ltr'>Ruscie</span> <span class='ocrx_word' id='word_1_69' title='bbox 352 1929 384 1990; x_wconf 89' lang='lat' dir='ltr'>et</span> <span class='ocrx_word' id='word_1_70' title='bbox 410 1921 560 1990; x_wconf 78' lang='lat' dir='ltr'>Civitatis</span> <span class='ocrx_word' id='word_1_71' title='bbox 577 1923 765 2008; x_wconf 83' lang='lat' dir='ltr'>Lemburge</span> <span class='ocrx_word' id='word_1_72' title='bbox 793 1925 1051 2008; x_wconf 87' lang='lat' dir='ltr'>prohibuerimus</span> <span class='ocrx_word' id='word_1_73' title='bbox 1068 1952 1074 1991; x_wconf 94' lang='lat'>:</span> <span class='ocrx_word' id='word_1_74' title='bbox 1090 1934 1200 1992; x_wconf 88' lang='lat' dir='ltr'>tamen</span> 
     </span>
     <span class='ocr_line' id='line_1_13' title="bbox 10 2019 1196 2129; baseline 0.003 -33"><span class='ocrx_word' id='word_1_75' title='bbox 10 2019 12 2044; x_wconf 61' lang='lat'><em>⁸</em></span> <span class='ocrx_word' id='word_1_76' title='bbox 92 2055 161 2100; x_wconf 84' lang='lat' dir='ltr'>nuno</span> <span class='ocrx_word' id='word_1_77' title='bbox 183 2033 397 2117; x_wconf 85' lang='lat' dir='ltr'>peticionibus</span> <span class='ocrx_word' id='word_1_78' title='bbox 422 2034 540 2129; x_wconf 83' lang='lat' dir='ltr'>vestris</span> <span class='ocrx_word' id='word_1_79' title='bbox 565 2033 783 2098; x_wconf 87' lang='lat' dir='ltr'>amicabiliter</span> <span class='ocrx_word' id='word_1_80' title='bbox 808 2032 941 2114; x_wconf 88' lang='lat' dir='ltr'>inducti,</span> <span class='ocrx_word' id='word_1_81' title='bbox 966 2034 1088 2100; x_wconf 88' lang='lat' dir='ltr'>eisdem</span> <span class='ocrx_word' id='word_1_82' title='bbox 1113 2058 1196 2102; x_wconf 91' lang='lat' dir='ltr'>mer-</span> 
     </span>
     <span class='ocr_line' id='line_1_14' title="bbox 92 2141 1201 2228; baseline 0.005 -22"><span class='ocrx_word' id='word_1_83' title='bbox 92 2142 237 2208; x_wconf 83' lang='lat' dir='ltr'>catoribus</span> <span class='ocrx_word' id='word_1_84' title='bbox 254 2142 294 2206; x_wconf 90' lang='lat' dir='ltr'>de</span> <span class='ocrx_word' id='word_1_85' title='bbox 311 2142 424 2207; x_wconf 78' lang='lat' dir='ltr'>Toron</span> <span class='ocrx_word' id='word_1_86' title='bbox 439 2141 578 2208; x_wconf 89' lang='lat' dir='ltr'>liberum</span> <span class='ocrx_word' id='word_1_87' title='bbox 594 2142 772 2208; x_wconf 82' lang='lat' dir='ltr'>transitum</span> <span class='ocrx_word' id='word_1_88' title='bbox 787 2165 847 2227; x_wconf 89' lang='lat' dir='ltr'>per</span> <span class='ocrx_word' id='word_1_89' title='bbox 862 2148 1002 2208; x_wconf 87' lang='lat' dir='ltr'>stratam</span> <span class='ocrx_word' id='word_1_90' title='bbox 1037 2145 1201 2228; x_wconf 89' lang='lat' dir='ltr'>publicam</span> 
     </span>
     <span class='ocr_line' id='line_1_15' title="bbox 10 2229 1199 2336; baseline 0.003 -23"><span class='ocrx_word' id='word_1_91' title='bbox 10 2229 12 2336; x_wconf 48' lang='grc' dir='ltr'>ζ</span> <span class='ocrx_word' id='word_1_92' title='bbox 92 2256 217 2335; x_wconf 83' lang='lat' dir='ltr'>tempore</span> <span class='ocrx_word' id='word_1_93' title='bbox 242 2250 318 2316; x_wconf 91' lang='lat' dir='ltr'>olim</span> <span class='ocrx_word' id='word_1_94' title='bbox 345 2249 466 2316; x_wconf 88' lang='lat' dir='ltr'>domini</span> <span class='ocrx_word' id='word_1_95' title='bbox 490 2249 654 2316; x_wconf 78' lang='lat' dir='ltr'>Karimiri</span> <span class='ocrx_word' id='word_1_96' title='bbox 680 2249 782 2334; x_wconf 83' lang='lat' dir='ltr'>Regis</span> <span class='ocrx_word' id='word_1_97' title='bbox 809 2249 947 2316; x_wconf 87' lang='lat' dir='ltr'>Polonie</span> <span class='ocrx_word' id='word_1_98' title='bbox 973 2250 1068 2318; x_wconf 77' lang='lat' dir='ltr'>fatris</span> <span class='ocrx_word' id='word_1_99' title='bbox 1095 2252 1199 2318; x_wconf 90' lang='lat' dir='ltr'>nostri</span> 
     </span>
     <span class='ocr_line' id='line_1_16' title="bbox 91 2357 1201 2440; baseline 0.003 -17.728"><span class='ocrx_word' id='word_1_100' title='bbox 91 2357 159 2423; x_wconf 88' lang='lat' dir='ltr'>bone</span> <span class='ocrx_word' id='word_1_101' title='bbox 180 2359 333 2424; x_wconf 91' lang='lat' dir='ltr'>memorie</span> <span class='ocrx_word' id='word_1_102' title='bbox 358 2365 546 2423; x_wconf 89' lang='lat' dir='ltr'>consuetam</span> <span class='ocrx_word' id='word_1_103' title='bbox 572 2357 722 2422; x_wconf 83' lang='lat' dir='ltr'>duximus</span> <span class='ocrx_word' id='word_1_104' title='bbox 747 2379 850 2440; x_wconf 88' lang='lat' dir='ltr'>usque</span> <span class='ocrx_word' id='word_1_105' title='bbox 865 2359 918 2424; x_wconf 86' lang='lat' dir='ltr'>&#39;ad</span> <span class='ocrx_word' id='word_1_106' title='bbox 943 2365 1089 2425; x_wconf 89' lang='lat' dir='ltr'>nostram</span> <span class='ocrx_word' id='word_1_107' title='bbox 1105 2360 1201 2427; x_wconf 88' lang='lat' dir='ltr'>bene-</span> 
     </span>
     <span class='ocr_line' id='line_1_17' title="bbox 10 2449 1201 2551; baseline 0.005 -21"><span class='ocrx_word' id='word_1_108' title='bbox 10 2449 12 2514; x_wconf 67' lang='grc' dir='ltr'>ἶ</span> <span class='ocrx_word' id='word_1_109' title='bbox 90 2467 226 2548; x_wconf 79' lang='lat' dir='ltr'>placitam</span> <span class='ocrx_word' id='word_1_110' title='bbox 250 2468 449 2535; x_wconf 78' lang='lat' dir='ltr'>voluntatem</span> <span class='ocrx_word' id='word_1_111' title='bbox 477 2467 693 2551; x_wconf 85' lang='lat' dir='ltr'>annuendum.</span> <span class='ocrx_word' id='word_1_112' title='bbox 718 2453 774 2532; x_wconf 82' lang='lat' dir='ltr'>Ita</span> <span class='ocrx_word' id='word_1_113' title='bbox 797 2474 835 2533; x_wconf 88' lang='lat' dir='ltr'>ut</span> <span class='ocrx_word' id='word_1_114' title='bbox 851 2467 931 2534; x_wconf 90' lang='lat' dir='ltr'>dicti</span> <span class='ocrx_word' id='word_1_115' title='bbox 947 2476 1144 2536; x_wconf 88' lang='lat' dir='ltr'>mercatores</span> <span class='ocrx_word' id='word_1_116' title='bbox 1161 2471 1201 2536; x_wconf 90' lang='lat' dir='ltr'>de</span> 
     </span>
     <span class='ocr_line' id='line_1_18' title="bbox 91 2573 1201 2666; baseline 0.008 -29"><span class='ocrx_word' id='word_1_117' title='bbox 91 2573 186 2640; x_wconf 86' lang='lat' dir='ltr'>Toron</span> <span class='ocrx_word' id='word_1_118' title='bbox 209 2578 325 2644; x_wconf 87' lang='lat' dir='ltr'>solutis</span> <span class='ocrx_word' id='word_1_119' title='bbox 350 2577 446 2642; x_wconf 87' lang='lat' dir='ltr'>iustis</span> <span class='ocrx_word' id='word_1_120' title='bbox 462 2577 599 2642; x_wconf 88' lang='lat' dir='ltr'>teloneis</span> <span class='ocrx_word' id='word_1_121' title='bbox 617 2577 733 2641; x_wconf 87' lang='lat' dir='ltr'>amodo</span> <span class='ocrx_word' id='word_1_122' title='bbox 750 2585 784 2642; x_wconf 90' lang='lat' dir='ltr'>et</span> <span class='ocrx_word' id='word_1_123' title='bbox 801 2577 954 2661; x_wconf 88' lang='lat' dir='ltr'>deinceps</span> <span class='ocrx_word' id='word_1_124' title='bbox 974 2583 1042 2642; x_wconf 89' lang='lat' dir='ltr'>tute</span> <span class='ocrx_word' id='word_1_125' title='bbox 1058 2585 1092 2644; x_wconf 89' lang='lat' dir='ltr'>et</span> <span class='ocrx_word' id='word_1_126' title='bbox 1107 2601 1201 2666; x_wconf 86' lang='lat' dir='ltr'>expe·</span> 
     </span>
     <span class='ocr_line' id='line_1_19' title="bbox 90 2681 1200 2770; baseline 0.009 -26"><span class='ocrx_word' id='word_1_127' title='bbox 90 2681 146 2748; x_wconf 85' lang='lat' dir='ltr'>dite</span> <span class='ocrx_word' id='word_1_128' title='bbox 168 2707 223 2769; x_wconf 91' lang='lat' dir='ltr'>per</span> <span class='ocrx_word' id='word_1_129' title='bbox 249 2689 354 2770; x_wconf 88' lang='lat' dir='ltr'>ipsam</span> <span class='ocrx_word' id='word_1_130' title='bbox 380 2686 463 2751; x_wconf 87' lang='lat' dir='ltr'>viam</span> <span class='ocrx_word' id='word_1_131' title='bbox 488 2684 652 2768; x_wconf 88' lang='lat' dir='ltr'>publicam</span> <span class='ocrx_word' id='word_1_132' title='bbox 678 2685 761 2750; x_wconf 89' lang='lat' dir='ltr'>alias</span> <span class='ocrx_word' id='word_1_133' title='bbox 782 2691 969 2750; x_wconf 88' lang='lat' dir='ltr'>consuetam</span> <span class='ocrx_word' id='word_1_134' title='bbox 986 2687 1027 2752; x_wconf 89' lang='lat' dir='ltr'>ad</span> <span class='ocrx_word' id='word_1_135' title='bbox 1044 2687 1200 2754; x_wconf 85' lang='lat' dir='ltr'>Rusciarn</span> 
     </span>
     <span class='ocr_line' id='line_1_20' title="bbox 89 2792 1201 2877; baseline 0.007 -23"><span class='ocrx_word' id='word_1_136' title='bbox 89 2792 128 2855; x_wconf 83' lang='lat' dir='ltr'>ire</span> <span class='ocrx_word' id='word_1_137' title='bbox 148 2795 268 2876; x_wconf 90' lang='lat' dir='ltr'>possint</span> <span class='ocrx_word' id='word_1_138' title='bbox 294 2800 327 2858; x_wconf 89' lang='lat' dir='ltr'>et</span> <span class='ocrx_word' id='word_1_139' title='bbox 352 2795 468 2859; x_wconf 86' lang='lat' dir='ltr'>redire.</span> <span class='ocrx_word' id='word_1_140' title='bbox 493 2793 583 2859; x_wconf 90' lang='lat' dir='ltr'>Dum</span> <span class='ocrx_word' id='word_1_141' title='bbox 608 2801 721 2877; x_wconf 84' lang='lat' dir='ltr'>autem</span> <span class='ocrx_word' id='word_1_142' title='bbox 748 2793 860 2877; x_wconf 91' lang='lat' dir='ltr'>aliqua</span> <span class='ocrx_word' id='word_1_143' title='bbox 880 2796 1013 2859; x_wconf 88' lang='lat' dir='ltr'>racione</span> <span class='ocrx_word' id='word_1_144' title='bbox 1029 2795 1201 2864; x_wconf 85' lang='lat' dir='ltr'>interveni·</span> 
     </span>
     <span class='ocr_line' id='line_1_21' title="bbox 89 2899 1200 2986; baseline 0.006 -25"><span class='ocrx_word' id='word_1_145' title='bbox 89 2899 273 2967; x_wconf 83' lang='lat' dir='ltr'>antedictos</span> <span class='ocrx_word' id='word_1_146' title='bbox 299 2907 497 2968; x_wconf 88' lang='lat' dir='ltr'>mercatores</span> <span class='ocrx_word' id='word_1_147' title='bbox 523 2899 564 2967; x_wconf 80' lang='lat' dir='ltr'>tle</span> <span class='ocrx_word' id='word_1_148' title='bbox 591 2902 704 2967; x_wconf 81' lang='lat' dir='ltr'>Torua</span> <span class='ocrx_word' id='word_1_149' title='bbox 728 2899 964 2968; x_wconf 87' lang='lat' dir='ltr'>reinterdicere</span> <span class='ocrx_word' id='word_1_150' title='bbox 993 2903 1200 2986; x_wconf 87' lang='lat' dir='ltr'>voluerimus,</span> 
     </span>
     <span class='ocr_line' id='line_1_22' title="bbox 89 3009 1201 3078; baseline 0.004 -8"><span class='ocrx_word' id='word_1_151' title='bbox 89 3013 154 3072; x_wconf 87' lang='lat' dir='ltr'>tunc</span> <span class='ocrx_word' id='word_1_152' title='bbox 177 3009 264 3078; x_wconf 84' lang='lat' dir='ltr'>robis</span> <span class='ocrx_word' id='word_1_153' title='bbox 291 3017 324 3074; x_wconf 88' lang='lat' dir='ltr'>et</span> <span class='ocrx_word' id='word_1_154' title='bbox 350 3010 396 3075; x_wconf 90' lang='lat' dir='ltr'>eis</span> <span class='ocrx_word' id='word_1_155' title='bbox 422 3017 498 3076; x_wconf 87' lang='lat' dir='ltr'>ante</span> <span class='ocrx_word' id='word_1_156' title='bbox 523 3033 578 3076; x_wconf 87' lang='lat' dir='ltr'>sex</span> <span class='ocrx_word' id='word_1_157' title='bbox 609 3031 736 3075; x_wconf 88' lang='lat' dir='ltr'>menses</span> <span class='ocrx_word' id='word_1_158' title='bbox 766 3009 953 3074; x_wconf 87' lang='lat' dir='ltr'>huiusmodi</span> <span class='ocrx_word' id='word_1_159' title='bbox 983 3010 1201 3076; x_wconf 88' lang='lat' dir='ltr'>intencionem</span> 
     </span>
     <span class='ocr_line' id='line_1_23' title="bbox 88 3117 1200 3203; baseline 0.005 -25"><span class='ocrx_word' id='word_1_160' title='bbox 88 3123 216 3182; x_wconf 89' lang='lat' dir='ltr'>nostram</span> <span class='ocrx_word' id='word_1_161' title='bbox 241 3121 385 3203; x_wconf 89' lang='lat' dir='ltr'>prescire</span> <span class='ocrx_word' id='word_1_162' title='bbox 412 3117 576 3199; x_wconf 84' lang='lat' dir='ltr'>iaciemus,</span> <span class='ocrx_word' id='word_1_163' title='bbox 601 3124 638 3183; x_wconf 89' lang='lat' dir='ltr'>ut</span> <span class='ocrx_word' id='word_1_164' title='bbox 661 3140 720 3203; x_wconf 85' lang='lat' dir='ltr'>per</span> <span class='ocrx_word' id='word_1_165' title='bbox 746 3119 833 3202; x_wconf 91' lang='lat' dir='ltr'>ipsos</span> <span class='ocrx_word' id='word_1_166' title='bbox 861 3139 917 3182; x_wconf 85' lang='lat' dir='ltr'>sex</span> <span class='ocrx_word' id='word_1_167' title='bbox 949 3139 1073 3184; x_wconf 88' lang='lat' dir='ltr'>menses</span> <span class='ocrx_word' id='word_1_168' title='bbox 1103 3119 1200 3202; x_wconf 90' lang='lat' dir='ltr'>ijdem</span> 
     </span>
     <span class='ocr_line' id='line_1_24' title="bbox 90 3225 1201 3308; baseline 0.004 -22"><span class='ocrx_word' id='word_1_169' title='bbox 90 3232 268 3292; x_wconf 85' lang='lat' dir='ltr'>mercatores</span> <span class='ocrx_word' id='word_1_170' title='bbox 294 3249 353 3293; x_wconf 90' lang='lat' dir='ltr'>sua</span> <span class='ocrx_word' id='word_1_171' title='bbox 378 3228 464 3294; x_wconf 89' lang='lat' dir='ltr'>bona</span> <span class='ocrx_word' id='word_1_172' title='bbox 490 3228 531 3292; x_wconf 89' lang='lat' dir='ltr'>de</span> <span class='ocrx_word' id='word_1_173' title='bbox 555 3228 645 3292; x_wconf 89' lang='lat' dir='ltr'>dicta</span> <span class='ocrx_word' id='word_1_174' title='bbox 661 3226 786 3292; x_wconf 82' lang='lat' dir='ltr'>Roscia</span> <span class='ocrx_word' id='word_1_175' title='bbox 801 3225 974 3292; x_wconf 86' lang='lat' dir='ltr'>extrahere</span> <span class='ocrx_word' id='word_1_176' title='bbox 990 3225 1116 3308; x_wconf 86' lang='lat' dir='ltr'>possint</span> <span class='ocrx_word' id='word_1_177' title='bbox 1132 3226 1201 3290; x_wconf 86' lang='lat' dir='ltr'>sine</span> 
     </span>
     <span class='ocr_line' id='line_1_25' title="bbox 91 3329 1200 3419; baseline 0.006 -27"><span class='ocrx_word' id='word_1_178' title='bbox 91 3329 220 3416; x_wconf 82' lang='lat' dir='ltr'>dampno.</span> <span class='ocrx_word' id='word_1_179' title='bbox 245 3334 467 3419; x_wconf 89' lang='lat' dir='ltr'>Requirentos</span> <span class='ocrx_word' id='word_1_180' title='bbox 492 3357 549 3401; x_wconf 88' lang='lat' dir='ltr'>vos</span> <span class='ocrx_word' id='word_1_181' title='bbox 576 3333 763 3414; x_wconf 86' lang='lat' dir='ltr'>affectuose,</span> <span class='ocrx_word' id='word_1_182' title='bbox 788 3341 826 3399; x_wconf 93' lang='lat' dir='ltr'>ut</span> <span class='ocrx_word' id='word_1_183' title='bbox 851 3339 1050 3399; x_wconf 88' lang='lat' dir='ltr'>mercatores</span> <span class='ocrx_word' id='word_1_184' title='bbox 1070 3339 1200 3400; x_wconf 86' lang='lat' dir='ltr'>nostros</span> 
     </span>
     <span class='ocr_line' id='line_1_26' title="bbox 92 3440 1201 3526; baseline 0.005 -23"><span class='ocrx_word' id='word_1_185' title='bbox 92 3445 118 3503; x_wconf 86' lang='lat' dir='ltr'>et</span> <span class='ocrx_word' id='word_1_186' title='bbox 139 3440 318 3525; x_wconf 83' lang='lat' dir='ltr'>Regnorum</span> <span class='ocrx_word' id='word_1_187' title='bbox 344 3450 532 3510; x_wconf 89' lang='lat' dir='ltr'>nostrornm</span> <span class='ocrx_word' id='word_1_188' title='bbox 548 3465 587 3510; x_wconf 90' lang='lat' dir='ltr'>ea</span> <span class='ocrx_word' id='word_1_189' title='bbox 600 3443 802 3526; x_wconf 83' lang='lat' dir='ltr'>benignitate</span> <span class='ocrx_word' id='word_1_190' title='bbox 819 3451 852 3509; x_wconf 90' lang='lat' dir='ltr'>et</span> <span class='ocrx_word' id='word_1_191' title='bbox 870 3440 981 3508; x_wconf 86' lang='lat' dir='ltr'>lavore</span> <span class='ocrx_word' id='word_1_192' title='bbox 995 3447 1201 3526; x_wconf 86' lang='lat' dir='ltr'>pertractare</span> 
     </span>
     <span class='ocr_line' id='line_1_27' title="bbox 92 3547 1200 3635; baseline 0.004 -23"><span class='ocrx_word' id='word_1_193' title='bbox 92 3547 192 3632; x_wconf 81' lang='lat' dir='ltr'>velitis,</span> <span class='ocrx_word' id='word_1_194' title='bbox 207 3553 320 3633; x_wconf 85' lang='lat' dir='ltr'>quibus</span> <span class='ocrx_word' id='word_1_195' title='bbox 336 3571 396 3618; x_wconf 90' lang='lat' dir='ltr'>nos</span> <span class='ocrx_word' id='word_1_196' title='bbox 412 3559 571 3618; x_wconf 80' lang='lat' dir='ltr'>vestrates</span> <span class='ocrx_word' id='word_1_197' title='bbox 587 3550 871 3635; x_wconf 88' lang='lat' dir='ltr'>pertractabimus,</span> <span class='ocrx_word' id='word_1_198' title='bbox 881 3551 1041 3634; x_wconf 89' lang='lat' dir='ltr'>etquibus</span> <span class='ocrx_word' id='word_1_199' title='bbox 1052 3557 1200 3635; x_wconf 89' lang='lat' dir='ltr'>tempore</span> 
     </span>
     <span class='ocr_line' id='line_1_28' title="bbox 94 3655 1201 3744; baseline 0.006 -27"><span class='ocrx_word' id='word_1_200' title='bbox 94 3655 156 3720; x_wconf 87' lang='lat' dir='ltr'>olim</span> <span class='ocrx_word' id='word_1_201' title='bbox 178 3659 273 3742; x_wconf 87' lang='lat' dir='ltr'>ipsius</span> <span class='ocrx_word' id='word_1_202' title='bbox 299 3659 414 3726; x_wconf 88' lang='lat' dir='ltr'>fratria</span> <span class='ocrx_word' id='word_1_203' title='bbox 439 3661 545 3726; x_wconf 88' lang='lat' dir='ltr'>nostri</span> <span class='ocrx_word' id='word_1_204' title='bbox 573 3659 761 3744; x_wconf 86' lang='lat' dir='ltr'>specialiter</span> <span class='ocrx_word' id='word_1_205' title='bbox 777 3660 811 3724; x_wconf 93' lang='lat' dir='ltr'>in</span> <span class='ocrx_word' id='word_1_206' title='bbox 827 3659 993 3743; x_wconf 88' lang='lat' dir='ltr'>premissis</span> <span class='ocrx_word' id='word_1_207' title='bbox 1009 3660 1201 3725; x_wconf 89' lang='lat' dir='ltr'>mutacioni·</span> 
     </span>
    </p>
   </div>
   <div class='ocr_carea' id='block_1_5' title="bbox 94 3761 1201 3957">
    <p class='ocr_par' dir='ltr' id='par_1_6' title="bbox 94 3761 1201 3957">
     <span class='ocr_line' id='line_1_29' title="bbox 94 3761 1201 3851; baseline 0.004 -25"><span class='ocrx_word' id='word_1_208' title='bbox 94 3761 142 3827; x_wconf 88' lang='lat' dir='ltr'>bus</span> <span class='ocrx_word' id='word_1_209' title='bbox 164 3773 194 3830; x_wconf 89' lang='lat' dir='ltr'>et</span> <span class='ocrx_word' id='word_1_210' title='bbox 212 3767 519 3834; x_wconf 87' lang='lat' dir='ltr'>commutacionibus</span> <span class='ocrx_word' id='word_1_211' title='bbox 536 3765 624 3832; x_wconf 86' lang='lat' dir='ltr'>fuere</span> <span class='ocrx_word' id='word_1_212' title='bbox 640 3769 842 3851; x_wconf 90' lang='lat' dir='ltr'>prosequuti.</span> <span class='ocrx_word' id='word_1_213' title='bbox 856 3767 981 3833; x_wconf 89' lang='lat' dir='ltr'>Datum</span> <span class='ocrx_word' id='word_1_214' title='bbox 998 3765 1151 3833; x_wconf 85' lang='lat' dir='ltr'>Oassovie</span> <span class='ocrx_word' id='word_1_215' title='bbox 1167 3767 1201 3830; x_wconf 92' lang='lat' dir='ltr'>in</span> 
     </span>
     <span class='ocr_line' id='line_1_30' title="bbox 95 3872 1110 3957; baseline 0.005 -24"><span class='ocrx_word' id='word_1_216' title='bbox 95 3876 191 3938; x_wconf 78' lang='lat' dir='ltr'>octava</span> <span class='ocrx_word' id='word_1_217' title='bbox 205 3873 276 3940; x_wconf 84' lang='lat' dir='ltr'>sesti</span> <span class='ocrx_word' id='word_1_218' title='bbox 291 3875 390 3941; x_wconf 87' lang='lat' dir='ltr'>Beati</span> <span class='ocrx_word' id='word_1_219' title='bbox 404 3874 578 3941; x_wconf 89' lang='lat' dir='ltr'>Michaelis</span> <span class='ocrx_word' id='word_1_220' title='bbox 594 3872 796 3957; x_wconf 85' lang='lat' dir='ltr'>Archangeli</span> <span class='ocrx_word' id='word_1_221' title='bbox 812 3895 896 3939; x_wconf 90' lang='lat' dir='ltr'>anno</span> <span class='ocrx_word' id='word_1_222' title='bbox 913 3873 1029 3940; x_wconf 89' lang='lat' dir='ltr'>LXX.</span> <span class='ocrx_word' id='word_1_223' title='bbox 1045 3874 1110 3939; x_wconf 90' lang='grc' dir='ltr'><strong>ΙΙΙ.</strong></span> 
     </span>
    </p>
   </div>
   <div class='ocr_carea' id='block_1_6' title="bbox 270 4017 1004 4084">
    <p class='ocr_par' dir='ltr' id='par_1_7' title="bbox 270 4017 1004 4084">
     <span class='ocr_line' id='line_1_31' title="bbox 270 4017 1004 4084; baseline -0.004 -14"><span class='ocrx_word' id='word_1_224' title='bbox 270 4019 408 4082; x_wconf 87' lang='lat' dir='ltr'>(Eredetie</span> <span class='ocrx_word' id='word_1_225' title='bbox 421 4019 597 4084; x_wconf 74' lang='lat' dir='ltr'>borhartytn</span> <span class='ocrx_word' id='word_1_226' title='bbox 610 4019 705 4070; x_wconf 85' lang='lat' dir='ltr'>Thorn</span> <span class='ocrx_word' id='word_1_227' title='bbox 717 4020 797 4069; x_wconf 75' lang='lat' dir='ltr'>varos</span> <span class='ocrx_word' id='word_1_228' title='bbox 810 4017 1004 4081; x_wconf 77' lang='lat' dir='ltr'>levelttrban.)</span> 
     </span>
    </p>
   </div>
   <div class='ocr_carea' id='block_1_7' title="bbox 0 0 1610 5252">
    <p class='ocr_par' dir='ltr' id='par_1_8' title="bbox 0 0 1610 5252">
     <span class='ocr_line' id='line_1_32' title="bbox 0 0 1610 5252; baseline 0 0"><span class='ocrx_word' id='word_1_229' title='bbox 0 0 1610 5252; x_wconf 95' lang='lat' dir='ltr'> </span> 
     </span>
    </p>
   </div>
  </div>
 </body>
</html>
