3226 5254
550 434 644 498 1379.
1100 439 1162 500 ³21

37 605 115 688 qnod
132 605 174 671 ad
190 612 334 672 nostrem
350 607 584 694 Beronnmque
601 614 788 676 nostrornm
809 612 941 676 veniens
957 614 1158 696 presenciam

36 713 199 794 religiosus
224 713 273 780 vir
299 714 494 782 Msezislaus
520 715 712 800 Prepesitus
738 717 930 804 Monesterij
948 720 982 784 in
998 717 1162 802 Stenetlri,

37 843 92 885 ms
107 843 177 886 eum
195 821 405 903 MouielibuS,
421 822 542 888 ibidem
553 822 752 890 sufficienter
767 847 826 909 per
842 826 1016 911 priuilegia
1032 835 1065 894 et
1082 825 1160 894 fide-

1 1017 2 1020 Ἴ
37 929 142 1014 dignas
160 932 375 1015 probuoiones
391 931 573 997 docuerunt
588 938 621 998 et
638 942 714 1000 sunt
724 935 907 1018 protestati,
925 936 1087 1019 quomodo
1104 957 1160 1000 na·

36 1039 149 1122 nigium
165 1041 350 1124 antiquitus
367 1040 578 1106 nirnbanozin
603 1063 745 1125 przewoz
760 1043 926 1126 wlgeriter
942 1049 1161 1126 nuncupatum

38 1149 66 1212 in
80 1149 185 1214 Wisls
201 1150 288 1214 inter
305 1148 535 1234 Nepolomicze
551 1156 585 1216 et
600 1151 806 1217 Msozanczin
822 1151 864 1218 ab
882 1151 1019 1236 antiquo
1037 1151 1079 1216 ed
1096 1151 1160 1218 dic·

37 1263 97 1321 tum
112 1259 356 1324 Monesterium
383 1257 423 1322 de
445 1260 519 1342 jure
535 1260 723 1343 pertineret.
740 1255 811 1324 Nos
827 1260 939 1341 itaque
955 1259 1032 1325 visis
1049 1258 1160 1342 ipsine,

1 1345 2 1423 J
37 1369 66 1428 rt
78 1365 250 1448 prefertur,
265 1367 519 1449 probeeionibus
533 1366 776 1447 sufficientibus,
793 1366 977 1450 predictum
993 1368 1160 1450 nauigium

1 1493 2 1552 ι
38 1471 114 1539 dioto
129 1474 336 1541 Monesterio
346 1476 379 1540 in
390 1482 583 1560 perpetuum
594 1475 808 1559 assignantes,
824 1480 936 1541 tenore
953 1475 1158 1558 presencium

39 1579 176 1649 duximus
192 1582 452 1664 restituendum;
477 1584 525 1650 ite
541 1589 661 1668 tamen,
672 1585 760 1667 quod
776 1583 977 1668 sepedictum
987 1583 1155 1667 nauigium

1 1673 2 1750 i
37 1687 159 1756 inferius
175 1693 212 1757 in
226 1691 300 1759 loco
317 1693 465 1776 antiquo,
481 1692 535 1758 vbi
551 1693 641 1776 prius
656 1692 774 1773 fueret,
791 1694 1021 1758 constituatur.
1047 1690 1089 1756 In
1105 1713 1158 1756 on-

37 1795 77 1860 ius
91 1801 136 1864 rei
151 1801 378 1868 testimonium
403 1806 550 1866 nostrum
578 1800 723 1884 sigillum
751 1801 957 1884 presentibus
974 1807 1024 1866 est
1040 1819 1160 1884 uppen-

38 1927 104 1972 sum.
120 1907 245 1975 Actum
273 1915 308 1974 et
331 1909 444 1974 dotum
472 1907 633 1975 Oraeouie
660 1909 744 1974 ferie
764 1910 907 1976 secunde
923 1908 1010 1974 infre
1026 1919 1160 1974 octones

38 2011 179 2083 Omnium
196 2017 393 2084 Sanctorum
409 2017 469 2082 sub
487 2039 572 2083 anuo
584 2016 717 2083 Domini
739 2017 911 2084 millesimo
933 2018 1159 2083 trecentesimo

38 2127 333 2208 septuaguegesimo
349 2147 442 2191 none.

158 2271 252 2333 (Pauli
266 2235 384 2336 Zsegois
398 2285 438 2328 ur,
452 2273 563 2337 lengyel
576 2271 714 2321 tnddsnak
726 2271 814 2322 seiros
828 2269 1027 2332 k'o'nlemdnye.)

40 2737 62 2801 Ι.
78 2742 171 2827 Lojoe
187 2765 332 2828 nropyar
348 2743 380 2805 de
396 2739 519 2827 lenpyel
535 2740 720 2826 kirdlynak
738 2763 759 2804 a
768 2739 925 2826 florenezi
935 2740 1157 2826 kdztdrsoedp.

546 2851 641 2914 1379.

240 3011 326 3095 Regi
342 3009 499 3094 Ungerie.

130 3120 345 3188 Serenissime
361 3125 459 3202 atque
479 3117 690 3183 invictissime
708 3116 873 3199 Princeps,
891 3113 968 3179 Non
983 3113 1156 3179 admirabi-

39 3227 82 3288 tnr
96 3227 201 3312 Regio
219 3226 400 3308 Oelsitndo,
426 3227 573 3310 quamvis
601 3225 722 3291 audeat
740 3229 852 3289 nostre
868 3224 1007 3305 devoti0,
1023 3221 1157 3304 aliquid,

39 3327 103 3400 lieet
116 3358 280 3421 magnum,
291 3357 311 3402 a
322 3335 442 3405 Vestro
454 3333 673 3400 sublimitatis
685 3330 867 3398 Clementia
876 3331 1054 3415 postulare.
1067 3333 1155 3398 Nam

38 3441 103 3508 talis
117 3447 221 3512 nodus
247 3445 465 3510 humilitatem
481 3449 629 3508 nostram
645 3438 767 3506 Vestro
784 3439 926 3504 Culmiui
941 3439 1047 3521 longis
1064 3443 1154 3504 retro

39 3553 226 3635 temporibus
243 3552 409 3636 obligavit,
426 3549 511 3635 quod
526 3551 707 3618 reverentis
724 3556 834 3614 nostre
854 3547 1002 3612 caritatis
1021 3546 1094 3630 jure
1111 3545 1157 3609 vi-

40 3655 157 3728 desmnr
166 3684 273 3748 posse,
284 3661 438 3745 quioquid
448 3667 559 3746 petere
569 3658 815 3738 decreverimus,
825 3659 1010 3741 impetrare.
1021 3653 1158 3719 Adden-

39 3769 83 3831 tur
97 3772 212 3837 merite
235 3771 306 3850 viri,
331 3790 391 3854 pro
416 3791 480 3853 quo
505 3768 650 3851 cogimur
676 3765 785 3831 multis
802 3762 1006 3847 respectibus
1021 3763 1155 3827 interce-

3 3897 5 3914 *
40 3872 113 3963 dere,
127 3880 165 3946 de
181 3902 220 3947 eo
236 3880 417 3964 presertim,
435 3877 522 3961 quod
539 3877 582 3942 ed
597 3874 695 3941 vestri
712 3873 822 3939 throni
837 3872 977 3955 gloriam
995 3870 1156 3935 noscimus

3 3949 6 4052 i
40 3987 202 4070 pertinere3
227 3993 267 4053 nt
292 3987 387 4051 sicin
404 4007 504 4051 unum
529 3991 688 4067 oportune
705 3977 833 4049 collatis
860 3979 1029 4044 devotione
1044 3983 1155 4059 peten-

4 4081 6 4112 ‘
41 4091 118 4176 tium,
131 4095 340 4180 promovendi
356 4095 542 4176 virtutibus,
559 4098 593 4158 et
605 4091 742 4175 benigne
753 4088 949 4173 Mejestatis,
966 4088 1017 4151 cui
1033 4085 1155 4169 suppli-

41 4207 129 4286 catur,
158 4207 299 4286 honore;
324 4204 470 4288 quemvis
502 4201 698 4267 altissimum
729 4198 879 4264 videatur
904 4218 965 4279 pro
996 4215 1031 4259 re
1062 4200 1156 4259 tento

42 4328 139 4389 preces
155 4336 324 4399 exponere,
341 4335 414 4396 spes
431 4317 541 4382 tamen
553 4316 643 4375 certa
657 4329 716 4374 nos
733 4307 848 4386 foveat,
860 4302 947 4389 quod
957 4300 1154 4368 intendimus

7 4441 12 4452 ’
43 4415 181 4489 obtinere.
197 4423 391 4490 Audivimus
417 4419 578 4506 siquidem
598 4415 794 4484 Serenitatis
820 4412 940 4481 Vestre
955 4410 1155 4474 maritimum

43 4519 236 4598 Admiratum
261 4531 304 4598 ad
331 4536 454 4597 statum
480 4529 587 4593 minus
611 4545 769 4610 prospere
785 4519 972 4586 valitudinis
988 4517 1156 4600 infirmari,

5 4713 6 4728 χ
44 4629 112 4699 adeo
126 4639 209 4722 quod
222 4639 289 4720 illo,
304 4637 488 4721 egritudine
513 4635 610 4700 nimis
629 4635 779 4716 suspecte
795 4635 921 4710 vexato,
936 4628 1154 4693 necessarium

5 4821 6 4830 ἵ
81 4771 136 4810 nor.
151 4777 231 4814 nono.
247 4764 315 4815 nisr.
330 4787 374 4799 -
389 4774 458 4812 Aere
474 4761 537 4809 uxr.¹
550 4773 588 4809 111.
1003 4738 1043 4800 21
