3182 5252
627 369 723 447 list.

636 587 710 646 316.

104 740 134 804 A
154 742 309 805 uelcnczei
325 743 606 829 luzici-rasupnab
635 745 830 808 inte'zlcedc'se
858 745 1118 830 dloqynroruza'p
1142 745 1239 808 boleti

381 851 647 916 kereslreddsc‘nelc
664 853 856 938 tdrpprtban.
875 855 968 916 1385.

215 999 313 1075 Auno
331 1008 648 1077 MCCCLXXXV.
665 1010 841 1076 indictione
858 1017 985 1094 octaua,
1004 1011 1058 1075 die
1085 1009 1238 1079 XXVII.

102 1115 242 1200 Aprilis.
260 1116 348 1201 Quia
364 1119 585 1204 superomnia
611 1118 825 1184 consideratis
852 1119 1091 1185 conditionibus
1116 1120 1239 1184 nostris

102 1245 164 1308 per
181 1247 309 1293 omnem
326 1229 458 1294 modum
476 1228 665 1313 possibilem
684 1234 731 1294 est
748 1227 955 1311 procuranda
974 1228 1100 1294 utilitas
1116 1249 1239 1294 merca·

102 1340 214 1398 torum
241 1344 475 1404 nostrorumst
500 1338 707 1421 navigiorum
735 1343 901 1404 nostorum
926 1357 985 1420 pro
1010 1334 1238 1404 bono·Status

103 1445 229 1525 nostri3
254 1451 288 1510 et
303 1447 386 1512 sicut
411 1445 618 1512 manifestrun
645 1454 704 1528 est,
721 1447 850 1531 navigia
867 1447 917 1512 vel
933 1447 1019 1513 cives
1046 1447 1148 1512 nostri
1173 1466 1238 1511 non

101 1557 244 1634 possunt
259 1553 368 1621 levare
385 1554 519 1638 aliquod
536 1553 703 1638 plumbum
719 1556 752 1620 in
763 1553 914 1638 partibus
925 1551 1099 1620 Solanonie
1116 1561 1147 1618 et
1158 1554 1239 1619 Dal·

102 1661 208 1725 macie
224 1682 283 1745 pro
298 1662 460 1745 portando
477 1663 511 1727 in
527 1662 671 1746 aliquam
688 1669 816 1746 partem
833 1670 927 1727 extra
952 1659 1124 1746 Oulphum,
1151 1661 1238 1745 quod

104 1787 172 1830 non
189 1774 237 1832 est
253 1769 336 1835 bene
350 1769 492 1851 saclum3
516 1791 589 1854 ymo
606 1778 656 1834 est
672 1791 743 1835 cum
760 1770 901 1834 maximo
912 1769 1031 1836 damno
1049 1768 1238 1837 Communis

107 1876 223 1956 nostri,
239 1883 456 1943 mercatorum
474 1885 506 1942 et
521 1879 726 1961 navigiorum
751 1884 939 1943 nostrorum
957 1886 988 1942 st
1014 1879 1115 1943 totius
1141 1885 1238 1959 terre,

108 1983 190 2065 quia
207 1981 270 2050 alie
286 1985 439 2052 naciones
455 1991 485 2050 et
512 2007 658 2070 persone,
682 1994 713 2051 et
740 1985 940 2052 Anconitaui
966 1991 999 2052 et
1024 1985 1089 2066 alii,
1115 1985 1238 2052 vadunt

50 2083 55 2094 ’
107 2097 140 2155 et
156 2091 266 2157 levant
283 2101 314 2158 et
331 2093 517 2158 conducunt
533 2093 575 2160 ad
591 2093 678 2179 ipsas
694 2101 812 2178 partes
829 2099 862 2158 et
879 2093 1000 2161 habent
1016 2098 1119 2158 totam
1138 2096 1237 2159 istam

106 2199 295 2284 utilitatem,
320 2201 368 2268 ita
384 2201 470 2285 quod
489 2224 546 2268 nos
562 2223 626 2267 non
642 2223 817 2287 possumus
833 2203 991 2268 costizare
1017 2223 1089 2267 oum
1105 2203 1151 2267 eis
1168 2202 1236 2268 ullo

104 2307 222 2390 modo;
239 2310 340 2374 eciam
357 2309 503 2393 predicte
518 2311 668 2375 nationes
685 2310 898 2375 conducentes
924 2307 964 2374 dc
990 2309 1077 2374 dicto
1101 2309 1234 2394 plumbo

103 2416 148 2482 ad
164 2424 275 2500 partes
291 2418 450 2486 Leuantis
468 2425 543 2485 sunt
560 2441 667 2500 causa,
684 2419 773 2501 quod
790 2419 830 2484 de
847 2416 1016 2502 speciebus
1043 2418 1237 2484 conducitur

102 2527 137 2590 in
154 2528 296 2593 maxima
313 2529 495 2611 quantitate
512 2530 546 2593 iu
563 2528 692 2613 Oulpho
717 2535 831 2593 nostro
847 2549 919 2594 cum
946 2531 1088 2596 maximo
1115 2529 1234 2593 damno

101 2639 321 2701 mercatorum
337 2644 524 2703 nostrorum
542 2643 575 2702 et
591 2637 696 2703 tocius
712 2643 817 2716 terre3
841 2643 873 2701 st
898 2631 1080 2702 necessario
1102 2638 1146 2702 sit
1161 2658 1234 2721 pro-

102 2742 281 2809 uidendum
298 2765 396 2828 super
413 2744 473 2810 hoc
489 2766 550 2828 pro
566 2729 728 2811 obviando
744 2743 901 2829 predictis
917 2770 924 2810 :
942 2745 1033 2810 vadit
1042 2766 1128 2829 pars,
1145 2744 1234 2829 quod

101 2849 282 2932 elargetur,
299 2851 387 2934 quod
405 2852 491 2916 cives
508 2851 610 2916 nostri
627 2873 700 2916 cum
718 2851 857 2932 navigiis
873 2852 994 2916 uostris
1012 2857 1080 2916 tarn
1096 2853 1233 2917 armatis

99 2979 203 3043 quum
234 2957 427 3024 disarmatis
443 2960 571 3043 possint
587 2960 619 3024 in
637 2958 783 3041 qualibet
799 2965 892 3041 parte
909 2958 1053 3024 deintra
1069 2959 1234 3042 Culphum

98 3068 249 3134 caricare
273 3075 306 3133 et
330 3069 442 3134 leuare
467 3069 506 3134 de
532 3067 665 3152 plumbo
689 3065 838 3152 predicto
865 3086 924 3150 pro
949 3067 1112 3152 portando
1138 3073 1232 3133 extra

96 3171 266 3258 Oulphum
282 3176 325 3242 sd
341 3197 451 3242 omnes
463 3181 574 3259 partes
591 3197 664 3242 cum
680 3176 747 3241 ista
763 3175 959 3254 condicione,
985 3175 1073 3259 quod
1100 3177 1232 3258 patroni

100 3289 289 3349 nostrorum
303 3285 506 3366 navigiorum
522 3283 583 3348 stu.
599 3283 770 3370 (nuncient
781 3285 998 3366 quantitatem
1016 3283 1139 3368 plumbi
1156 3285 1237 3349 cari·
1261 3337 1265 3346 .

97 3391 169 3457 cati
195 3388 400 3458 Officialibus
427 3391 585 3473 Tabulae,
610 3398 745 3458 catenus
772 3392 902 3457 solvant
927 3390 1062 3474 datium,
1088 3390 1235 3475 aliasque

95 3500 331 3583 dispositiones
349 3499 453 3566 factas
470 3500 669 3586 observent.)

140 3647 177 3706 (A
205 3645 315 3694 »Misit«
340 3647 429 3697 czimll
453 3647 591 3696 velenczei
616 3646 846 3710 nllamkonyvbol
870 3645 1000 3698 XXXIX.
1026 3646 1082 3695 lot.
1100 3647 1157 3696 1⁴8.
1172 3643 1201 3706 l.)

636 3938 710 4000 317.

97 4095 188 4165 Zeno
206 4097 341 4183 Ka'roly,
358 4095 394 4159 ki
410 4098 524 4162 Mdvu'a
542 4121 686 4183 mapyar
698 4096 907 4184 kircilyue'boz
923 4095 1076 4163 velenrzei
1086 4093 1236 4164 lciivrtnek

100 4207 168 4272 volt
184 4206 365 4286 vnlaszvva,
382 4206 551 4271 Milaooha
564 4207 771 4292 poderlctnul·
793 4209 947 4272 bioutvdn
973 4232 1054 4293 mep,
1079 4204 1238 4290 bdoelsepi

416 4313 506 4378 tiszte
523 4313 591 4378 alut
608 4313 814 4392 fetmentaik.
834 4317 929 4380 1385.

215 4472 315 4539 Anno
347 4471 664 4541 MCOCLXXXV.
689 4473 862 4540 indictione
888 4480 1013 4554 octava,
1039 4473 1090 4538 die
1117 4472 1237 4542 XXV.

98 4582 227 4650 mensis
253 4582 343 4647 Maii.
370 4580 537 4663 Capta:
555 4580 637 4646 Cum
663 4582 781 4646 nobilis
808 4584 857 4646 vir
882 4605 934 4656 ser
958 4581 1108 4648 Kurolus
1134 4581 1262 4664 Geno,

1069 4696 1129 4764 37*
