3182 5252
420 353 484 413 574
769 343 1007 412 nirnonncmni
1022 330 1191 412 nuntient.

418 525 575 592 Venutius
600 549 671 592 enin
698 526 793 592 dictis
819 527 959 610 navigiis
975 527 1112 590 ermetis
1130 533 1162 590 ot
1179 525 1545 609 ‹lise1·nrutispe1·illum

418 635 557 714 moduni,
584 643 617 700 ot
643 637 726 698 sicut
751 657 823 700 enm
848 633 914 700 illis
931 634 1169 700 conditionibus
1194 641 1228 698 et
1250 634 1419 714 oneribus
1435 633 1547 716 quibu<

389 771 392 780 ·
420 743 540 810 Veneti
558 751 696 828 possunt
713 749 746 808 et
762 749 927 826 poterunt,
945 748 982 806 ut
1000 742 1123 808 dictum
1141 749 1201 806 est.

526 849 651 917 Verum
669 851 825 915 investita
841 871 900 932 per
916 848 1038 914 dietum
1064 848 1199 913 modum
1216 845 1382 914 conducto
1399 846 1548 914 Venetiae

421 979 485 1022 non
500 957 605 1040 possit
622 957 716 1021 vendi
734 957 767 1020 in
786 956 945 1038 venetiis
970 954 1027 1020 sed
1052 957 1157 1038 ipsam
1178 959 1354 1020 teneantur
1372 956 1548 1030 extrahere,

419 1068 502 1129 sicut
518 1063 670 1142 forenses,
687 1085 759 1129 cnm
787 1063 937 1128 omnibus
953 1062 1204 1144 conditionibus,
1220 1061 1327 1128 modis
1344 1069 1380 1127 et
1396 1064 1549 1142 oneribus,

420 1173 537 1256 quibus
553 1173 706 1255 forenses,
724 1195 782 1256 per
793 1174 879 1240 uiam
896 1171 1011 1257 Segne,
1028 1173 1192 1254 Ferrarius,
1208 1173 1275 1238 sire
1292 1171 1468 1240 Flendrie.

526 1282 572 1346 Et
588 1281 675 1365 quod
690 1280 826 1364 aliquod
841 1303 921 1346 onus
931 1281 1019 1346 dictu
1029 1281 1223 1346 Dominacio
1239 1289 1308 1348 tam
1325 1304 1386 1366 per
1405 1304 1442 1347 se
1461 1303 1549 1365 quem

419 1411 494 1455 snos
503 1389 663 1454 Rectores
674 1410 737 1453 non
752 1396 875 1473 ponent
885 1389 979 1454 dictis
997 1387 1189 1472 raminibus,
1208 1389 1413 1475 ultraquam
1430 1390 1548 1456 dicuin

420 1504 477 1576 est,
503 1497 560 1561 sed
585 1497 722 1563 realiter
747 1497 952 1563 conservabit
977 1496 1036 1562 illu
1061 1496 1095 1562 iu
1116 1496 1175 1562 illa
1190 1497 1384 1572 conditione,
1399 1519 1470 1582 que
1486 1503 1550 1564 suut

420 1605 462 1670 od
479 1627 614 1688 presens
625 1627 639 1686 ;‘
656 1605 754 1671 solvis
779 1605 844 1670 illis
872 1605 1134 1690 impositionibus
1159 1613 1193 1670 et
1218 1605 1480 1689 gravaminibus,
1495 1627 1550 1688 que

421 1716 635 1779 communiter
651 1722 684 1780 et
700 1714 896 1796 generaliter
920 1715 1166 1798 imponerentur
1183 1713 1332 1778 omnibus
1349 1713 1551 1780 mercationi·

420 1823 488 1887 bus.
505 1821 724 1904 Declarando,
751 1821 837 1905 quod
858 1822 980 1888 dictum
997 1843 1121 1888 ramum
1139 1820 1310 1887 effinatum
1327 1823 1363 1887 in
1381 1823 1551 1906 Hungeriu

420 1929 465 1994 sit
489 1929 576 1994 illius
593 1929 761 2009 bonitatis,
789 1931 907 2010 finetie,
934 1932 1026 2015 cujus
1052 1931 1114 1995 luit
1138 1930 1230 2011 illud,
1254 1928 1343 2014 qnod
1359 1930 1549 1996 conductum

420 2036 484 2101 luit
501 2036 662 2104 Venetiae
689 2035 728 2102 de
754 2059 864 2102 mense
887 2037 1030 2122 Augusti
1051 2037 1197 2122 proxime
1213 2037 1318 2121 elapsi
1335 2044 1369 2103 et
1385 2033 1548 2104 affinrimm

421 2144 453 2208 in
470 2151 556 2225 guo.
572 2146 618 2210 Et
635 2145 783 2210 similiter
809 2145 890 2212 illud
915 2167 1042 2211 ramum
1059 2146 1198 2210 secunde
1214 2146 1321 2226 sortis,
1339 2145 1426 2229 quod
1445 2147 1548 2210 solent

421 2274 544 2336 ponere
561 2254 595 2317 in
612 2259 731 2334 gutum,
757 2275 821 2320 non
839 2255 881 2318 sit
898 2254 1040 2319 deterius
1055 2253 1121 2336 illo,
1138 2253 1225 2338 quod
1250 2254 1386 2319 solitum
1404 2261 1456 2319 eet
1472 2275 1548 2320 com·

421 2363 562 2425 munitor
578 2361 681 2444 recipi
699 2362 731 2425 in
749 2369 833 2444 geto.

529 2469 684 2551 Capto.
708 2467 806 2554 Quod
832 2469 920 2535 dicta
956 2469 1102 2554 capitulo.
1126 2475 1158 2533 et
1184 2477 1285 2553 pacta
1312 2471 1547 2547 confirmentur,

422 2578 508 2641 'sient
524 2576 646 2641 dictum
672 2585 730 2656 est,
756 2600 828 2643 cum
854 2576 1011 2643 clausulis
1027 2583 1059 2642 et
1076 2577 1150 2642 aliis
1166 2579 1254 2643 circo
1271 2581 1429 2662 premisso
1446 2597 1544 2644 neces·

421 2687 516 2750 soriis
534 2691 567 2749 et
582 2688 763 2767 oportunis.

420 2863 423 2868 -
474 2833 508 2892 (Δ
525 2833 633 2880 »nisti«
649 2835 737 2884 czlmtt
751 2833 888 2883 velenszei
901 2834 1080 2899 ellamkonyv
1092 2833 1222 2884 XXXIX.
1236 2835 1382 2884 hotetebdl
1398 2839 1456 2885 118.
1470 2835 1499 2896 l.)

909 2998 1067 3007 ...μ’-...-

422 3297 592 3366 Floreuozi
610 3301 821 3380 seualle-ozon,
848 3302 905 3364 kik
921 3327 942 3366 o
959 3303 1229 3386 muyyurorszdpi
1251 3301 1466 3388 re'zbcinycilrat
1482 3299 1543 3364 otr-

416 3412 489 3494 jen,
507 3435 538 3472 ez
555 3416 709 3494 orszo‘pru.
726 3412 817 3473 nefzoe
834 3411 1012 3496 hdtiuiuyos
1037 3408 1211 3472 ozerzb'clc'st
1232 3409 1348 3472 kotuek
1363 3423 1384 3472 o
1402 3410 1545 3473 celent-zei

798 3519 1047 3606 leormdnynyul.
1075 3521 1170 3583 1385.

529 3678 627 3744 Anno
646 3676 961 3747 MCCOLXXXV.
979 3678 1154 3743 indictione
1170 3683 1287 3742 octavo
1303 3678 1356 3743 die
1372 3677 1439 3744 ΠΙ.
1451 3675 1541 3760 Apu·-

420 3788 468 3850 lis.
486 3786 649 3871 (Venetiis
675 3788 710 3851 in
736 3786 878 3852 Camere
901 3787 1110 3852 Provisorum
1127 3785 1317 3852 Communis
1335 3779 1541 3854 Veneriorum

421 3895 565 3958 Rivoalti
584 3893 737 3959 Andreas
755 3893 897 3976 Donnto,
913 3895 939 3961 J
940 3893 1086 3959 ohannes
1095 3892 1292 3974 Barbndico,
1308 3902 1341 3959 et
1357 3893 1539 3960 Leonnrdus

420 4001 543 4066 Benrbo
562 4001 752 4067 Provisores
779 4001 965 4068 Communis
990 4000 1207 4070 Venooierum
1233 4002 1404 4067 constituti
1419 3997 1540 4083 Syndici

420 4116 453 4174 et
469 4117 699 4192 procuratores
716 4111 820 4175 Ducis
838 4118 870 4175 et
880 4111 1070 4177 Communis
1083 4107 1297 4178 Venetiurum
1308 4131 1349 4175 ex
1357 4131 1421 4174 unu
1430 4115 1539 4192 perte),

420 4225 453 4280 et
477 4213 632 4300 providus
658 4225 691 4284 et
716 4219 968 4302 circumspectus
994 4218 1043 4281 vir
1068 4237 1120 4283 ser
1145 4217 1316 4283 Johnnnes
1342 4215 1538 4281 Portinnrius
1586 4211 1588 4294 s

421 4323 505 4387 lilius
522 4325 685 4404 quondam
703 4345 755 4388 ser
773 4323 894 4389 Saudri
911 4323 999 4390 (liris
1016 4330 1049 4388 et
1064 4330 1224 4388 mercator
1237 4323 1406 4390 Florentio
1420 4321 1539 4388 nomine
1587 4309 1588 4330 ἢ

422 4439 455 4495 et
472 4431 538 4495 rico
555 4433 691 4515 Egregii
718 4441 749 4496 ot
775 4434 932 4514 sepientis
959 4432 1076 4497 Militis
1101 4431 1223 4497 domini
1251 4431 1329 4500 Veri
1346 4433 1386 4497 (le
1402 4429 1539 4501 Medicis

421 4538 540 4604 iesconi
558 4539 596 4602 de
614 4539 799 4618 Frnrieiscn
816 4537 948 4603 Andreo
969 4539 1105 4604 Domini
1121 4537 1220 4620 Hugi,
1237 4535 1376 4605 Antonii
1393 4540 1431 4604 de
1447 4535 1539 4602 Sane·
