3190 5252
395 361 461 424 410
755 386 988 432 6666666666(
1005 373 1172 432 curturis.

402 539 505 604 eciam
521 562 579 623 per
597 541 682 608 dicte
699 551 810 609 nostre
829 545 985 611 Ciuitatis
1012 543 1240 614 Crecouiensis
1257 546 1346 611 ciues
1372 542 1474 609 lucide
1488 548 1514 607 61

399 647 596 713 sufficienter
611 651 800 732 patentibus
816 652 998 737 priuilegiis
1014 651 1121 717 suerat
1147 652 1414 717 demonstratum.
1430 653 1475 718 Et
1486 657 1514 714 rt
1576 635 1578 710 s

400 755 500 820 eciam
517 757 635 840 prelati
653 760 757 824 nostri
784 761 873 826 ciues
890 767 923 826 et
940 760 1042 825 incolo
1069 759 1292 828 Sandecenses
1319 759 1450 844 speciali
1465 781 1515 842 pro

394 864 540 946 ipsorum
550 864 720 947 lenamine,
737 869 906 934 commodo
923 875 957 934 et
974 867 1122 952 66616616
1138 890 1171 933 66
1188 870 1334 933 66661661
1349 868 1515 952 graciosius

394 972 426 1035 in
442 972 627 1039 huiusmodi
645 977 979 1058 recompensacionem
1005 976 1189 1042 consolatos
1208 981 1425 1041 :memoratos
1444 973 1517 1040 Sao·

395 1081 547 1146 decenses
564 1082 649 1148 eires
665 1089 697 1149 et
713 1085 836 1150 incolas
861 1093 989 1152 nostros
1006 1108 1026 1150 6
1052 1083 1187 1150 (1661666
1204 1107 1260 1150 666
1277 1085 1442 1151 solucione
1456 1083 1514 1147 the·

395 1192 474 1264 lonii
489 1194 594 1257 nostri
611 1193 643 1257 16
660 1191 751 1260 Alba
768 1195 920 1259 Ecclesia
951 1193 1150 1259 absoluimns
1175 1201 1344 1279 perpetuo,
1361 1196 1401 1260 de
1415 1195 1514 1260 eodem

395 1299 476 1383 ipsis
492 1300 677 1385 benigniter
702 1299 925 1386 indulgentem
942 1303 988 1367 sio
1013 1309 1131 1383 tamen,
1148 1303 1233 1386 quod
1252 1323 1313 1368 nec
1338 1323 1398 1387 pcr
1422 1303 1514 1368 dictos

395 1407 483 1472 ciues
500 1415 627 1474 nostros
644 1407 889 1492 CreoouienseS,
907 1411 1063 1493 quamdiu
1088 1410 1234 1478 thelonia
1259 1417 1373 1476 nostra
1388 1409 1514 1494 Regalis

395 1516 631 1596 seruaueriunt,
647 1518 736 1582 velut
752 1525 827 1584 actu
844 1525 996 1600 sernent3
1020 1541 1079 1584 nec
1103 1520 1206 1584 eeiam
1234 1540 1291 1602 per
1317 1539 1514 1602 quoscunque

396 1645 506 1688 eorum
523 1645 733 1705 successores,
750 1628 807 1707 qui
823 1647 882 1709 pro
899 1631 1044 1709 tempore
1063 1633 1177 1692 nostra
1202 1626 1348 1693 thelonia
1372 1649 1511 1693 serueue-

398 1733 471 1808 rint,
489 1731 667 1814 quidquam
684 1733 727 1797 ad
743 1741 889 1798 nostrum
900 1734 1065 1799 racionem
1081 1733 1121 1798 de
1137 1735 1223 1800 dicto
1239 1733 1368 1800 indulto
1379 1734 1512 1801 thelonio

394 1839 587 1921 imponatur.
605 1839 729 1905 Datum
745 1841 779 1905 in
795 1841 990 1924 Wissegrad
1005 1843 1037 1906 in
1055 1841 1137 1908 sesto
1162 1842 1258 1907 Beati
1285 1841 1424 1908 Martini
1449 1863 1514 1908 con·

395 1943 527 2011 sessoris
542 1969 627 2015 anno
644 1949 780 2014 Domini
795 1950 967 2016 millesimo
983 1951 1208 2016 trecentesimo
1226 1948 1380 2015 LXXX.

486 2094 570 2154 (xvi.
585 2096 697 2145 szdzadi
710 2097 825 2161 66616116
836 2098 988 2162 kbuyvbttl,
1001 2098 1116 2148 Krulrtro
1130 2099 1212 2148 utros
1224 2097 1436 2159 leveltrtretbun.)

927 2511 1000 2573 195.

399 2671 534 2755 8616616
554 2672 1059 2757 36111666666666661666
1078 2674 1201 2750 20,000
1226 2673 1450 2758 orauyforint,
1464 2692 1513 2730 ore·

399 2779 498 2862 lpeket
514 2780 619 2844 Jo‘ooo
636 2780 759 2843 6666661
778 2781 855 2859 bria,
871 2803 886 2842 6
905 2780 1183 2865 (11666666666166
1209 2804 1229 2843 a
1257 2775 1512 2865 666666616061

466 2888 648 2974 1661161666
665 2889 797 2952 66661666
814 2911 835 2950 α
843 2886 999 2974 floreoczi
1016 2886 1222 2970 kormu'oytdl
1240 2891 1344 2951 (116611.
1365 2889 1454 2950 1380.

505 3045 546 3110 Ι6
562 3047 626 3140 Dei
642 3047 772 3113 nomine
789 3045 907 3112 Amen.
932 3044 1032 3110 Anno
1052 3045 1186 3112 Domini
1211 3045 1255 3111 ab
1281 3046 1349 3110 eins
1374 3045 1510 3110 Incerta·

398 3155 487 3219 tione
503 3155 673 3220 millesimo
689 3155 916 3221 trecentesimo
933 3156 1168 3238 octuagesimo,
1194 3155 1372 3220 indictione
1398 3157 1510 3237 666616,

399 3262 452 3328 (116
467 3263 638 3329 undecima
667 3263 786 3328 mensis
812 3261 1018 3329 Novembris
1044 3261 1175 3328 Nobilis
1199 3263 1248 3330 vir
1275 3262 1425 3328 dominus
1446 3257 1508 3324 Bal-

399 3368 515 3435 dussar
531 3371 571 3435 de
587 3370 731 3455 Spinolis
748 3370 787 3436 dc
803 3369 916 3437 (16666
925 3370 988 3434 1611
998 3369 1161 3436 consessus
1177 3376 1211 3434 61
1225 3371 1414 3452 recognovit
1426 3363 1509 3432 michi

399 3475 540 3544 Viviano
556 3477 696 3544 Notario
712 3479 922 3562 infrascripto
939 3485 977 3543 ut
1002 3478 1131 3562 publice
1156 3497 1293 3561 persone
1309 3474 1470 3560 recipienti
1483 3477 1508 3536 ct

399 3585 571 3668 stipulanti
588 3606 647 3668 pro
666 3584 838 3650 Communi
858 3585 1036 3663 Florentie,
1053 3592 1086 3650 et
1112 3585 1257 3652 omnibus
1282 3605 1420 3667 quorum
1442 3582 1509 3645 iute-

399 3699 513 3773 resset,
528 3713 562 3757 se
577 3694 729 3760 habuisse
746 3701 778 3758 et
793 3694 962 3778 recepisse,
980 3701 1013 3758 et
1030 3692 1091 3760 sibi
1115 3695 1243 3777 integre
1259 3694 1376 3776 661616,
1400 3692 1471 3756 (1616
1483 3695 1507 3752 61

399 3809 570 3868 numerata
589 3802 726 3867 suissea
752 3801 924 3868 Communi
949 3802 1126 3884 Florentie,
1155 3809 1187 3867 et
1212 3824 1232 3868 a
1256 3795 1507 3868 JohaunePanli

400 3917 514 3977 vocato
540 3907 695 3977 Soioocho
720 3912 788 3976 cive
805 3911 997 3976 Florentino
1024 3911 1168 3975 solvente
1184 3915 1217 3975 et
1241 3910 1342 3976 dante
1363 3930 1425 3992 pro
1449 3907 1506 3988 ipso

400 4017 580 4103 Communi,
596 4026 628 4084 61
646 4019 686 4085 (16
701 4020 803 4104 166166
821 4017 1009 4084 Communis
1025 4020 1165 4103 6666616
1181 4018 1291 4084 decem
1317 4019 1407 4083 milia
1430 4014 1506 4079 tiore·

398 4149 514 4192 norum
530 4126 606 4191 boni
623 4135 655 4192 et
672 4127 745 4210 puri
761 4128 833 4193 6661
850 4133 884 4192 61
899 4128 980 4192 66611
997 4127 1150 4210 ponderis
1165 4133 1198 4191 et
1214 4126 1309 4192 cunei
1325 4120 1506 4194 Florentini3

398 4236 438 4300 de
453 4235 570 4320 quibus
587 4236 766 4300 contentari
783 4243 816 4300 et
832 4234 1024 4300 concordari
1041 4234 1183 4300 debebat
1198 4235 1269 4317 ipse
1286 4232 1432 4298 dominus
1442 4227 1505 4295 Bel·

400 4342 515 4409 dassar
529 4343 570 4409 eb
587 4344 657 4426 ipso
674 4340 856 4408 Communi.
881 4343 929 4408 Et
953 4350 1047 4407 66661
1063 4342 1102 4407 (16
1129 4341 1316 4425 quantitate
1332 4339 1504 4418 1166666666

400 4451 513 4534 uiginti
529 4452 654 4516 milium
671 4452 752 4531 auri,
769 4472 867 4534 qnam
892 4451 970 4515 olim
996 4450 1036 4516 (16
1062 4471 1171 4516 meuse
1198 4446 1354 4515 Octobris
1379 4444 1505 4532 proxime

400 4559 550 4646 preteriti
568 4559 699 4638 dimisit,
716 4564 752 4623 ut
769 4558 899 4638 (licitur,
915 4557 1112 4644 Magnificus
1129 4558 1178 4625 vir
1194 4557 1342 4622 domiuus
1357 4555 1505 4620 Jobannes
