3248 5242
401 381 465 442 692
753 394 987 440 nmacnaczmr
1005 381 1171 440 smmum.

400 563 507 622 renter
524 562 725 640 appetamus,
751 557 880 621 eosdem
907 563 1032 620 vestros
1058 555 1203 620 concives
1220 559 1324 617 vestre
1342 552 1515 617 dilectionis

399 666 528 748 intuytu
556 687 576 730 a
604 663 763 730 solutione
789 663 867 729 dieti
892 665 974 748 juris
1000 663 1125 729 dohane
1152 687 1172 728 a
1196 664 1303 746 primo
1325 661 1516 746 Septembris

398 774 544 858 proximo
561 773 662 838 saturi
687 773 718 838 in
747 782 844 838 antea
869 773 989 839 liberos
1007 778 1039 838 et
1056 779 1222 857 exemptos
1239 772 1391 838 noveritis
1406 793 1462 836 uos
1477 769 1517 836 se·

402 884 491 962 cisse,
508 889 606 966 prout
620 882 654 946 iu
671 882 788 948 litteris
806 883 924 947 uostris
942 882 1131 964 patentibus
1147 902 1245 964 super
1256 879 1436 964 hujusmodi
1447 901 1518 944 oon·

400 992 543 1057 cessione
560 991 655 1056 factis
682 991 868 1076 plenissime
894 995 1089 1055 continetur.
1114 989 1260 1074 Dignum
1287 990 1384 1055 etiam
1399 996 1519 1074 reputa-

401 1123 470 1165 mus
487 1105 521 1165 et
536 1099 717 1183 honesturn,
734 1105 873 1165 vestram
885 1099 1126 1164 fraternitatem
1144 1106 1176 1163 et
1193 1100 1452 1166 intercessionem
1469 1121 1518 1164 nc·

401 1206 478 1276 bilis
495 1207 623 1273 Mathei
639 1208 794 1292 prelibati
811 1209 950 1273 concivis
976 1209 1073 1272 vestri
1090 1206 1132 1273 ad
1148 1207 1207 1272 hec
1222 1216 1254 1276 et
1270 1209 1337 1274 alia
1353 1210 1519 1294 diligentis-

402 1315 473 1382 simi
490 1318 713 1382 intercessoris
738 1315 898 1400 nobisque
925 1316 990 1384 suis
1016 1316 1190 1382 virtutibus
1215 1319 1417 1402 exigentibus
1442 1317 1517 1384 satis

403 1425 471 1490 cari
496 1424 614 1490 debere
639 1446 689 1489 me
706 1462 749 1472 —
766 1461 809 1471 -
835 1424 915 1488 talia
941 1446 961 1488 a
986 1423 1077 1488 nobis
1106 1425 1346 1490 rationabiliter
1377 1427 1521 1506 obtinere,

406 1531 503 1596 sicuti
520 1553 540 1598 a
556 1532 646 1598 vobis
673 1531 861 1598 confidimus
887 1553 946 1617 pro
972 1533 1092 1598 nostris
1118 1533 1264 1599 omnibus
1285 1535 1316 1598 in
1332 1555 1408 1600 casu
1431 1535 1521 1600 simili

406 1642 559 1725 consequi
570 1642 687 1721 valere,
705 1643 769 1706 imo
787 1650 819 1706 et
835 1642 960 1724 majera
985 1642 1136 1724 prosequi
1153 1662 1279 1726 semper
1295 1643 1336 1709 ad
1355 1646 1459 1710 omnia
1474 1667 1522 1709 ro-

405 1751 455 1816 bis
483 1757 586 1836 grata.
613 1750 746 1835 Scripta
772 1750 942 1836 Syracusii
966 1751 1074 1817 XIII.
1098 1751 1194 1816 Junii
1218 1750 1320 1816 XIH.
1336 1751 1523 1818 indictionis.

835 1859 861 1926 J
862 1881 975 1945 aymus
1002 1861 1041 1925 de
1066 1857 1209 1943 Aligona
1226 1867 1285 1927 etc.
1303 1861 1408 1946 Regni
1423 1861 1524 1928 Sicilie

1070 1967 1301 2035 Cancellarius.

516 2078 619 2144 Ktor'tl
636 2104 646 2143 :
662 2078 846 2162 lllagnificis
873 2083 905 2142 et
929 2078 1083 2161 Egregiis
1108 2077 1252 2160 Rectum,
1267 2078 1409 2145 Consilio
1425 2087 1454 2144 et
1468 2079 1526 2144 Ju-

410 2183 536 2250 dicibus
563 2183 719 2251 Ciuitatis
744 2185 898 2269 Raguxii,
914 2186 1157 2252 honorabilibus
1175 2193 1208 2251 et
1224 2186 1398 2252 carissimis
1423 2188 1525 2252 tratri-

410 2294 470 2359 bus
486 2296 613 2360 nostris

516 2403 664 2486 Recepta
680 2400 860 2487 Syragusio
877 2401 1040 2468 XXIIII.
1057 2403 1150 2471 Julii.

623 2549 762 2610 (Eredetie
776 2565 792 2598 a
805 2550 878 2599 beesi
890 2549 1009 2600 esaszari
1029 2550 1115 2598 titkos
1130 2549 1323 2615 levelrarban.)

899 2765 1054 2776 —n--ae—-n-—n

941 2969 1016 3032 420.

415 3127 558 3192 Tuurtlco
575 3125 626 3192 II.
655 3127 767 3194 [sturia
793 3129 879 3195 ezeeh
895 3130 927 3195 e'a
943 3131 1087 3197 doszaiai
1104 3131 1287 3220 kirrilyanlc
1308 3134 1461 3224 bdoetse'pe
1479 3131 1527 3200 l‘e·
1597 3199 1598 3204 ,

830 3241 1000 3305 terreae'bea.
1027 3245 1122 3306 1390.

521 3395 621 3462 Anno
646 3395 967 3466 MCOCLXXXX.
1002 3400 1181 3468 indictione
1207 3403 1311 3470 XIII.
1343 3407 1395 3471 die
1419 3401 1527 3470 XXX.

416 3503 536 3568 mensis
553 3501 705 3588 Augusti.
723 3504 888 3590 Capta:
905 3507 1002 3592 Quod
1018 3511 1256 3595 respondeatur
1280 3514 1350 3578 istis
1367 3513 1528 3580 Ambaxia·

417 3612 543 3677 toribus
561 3612 682 3678 domini
699 3613 799 3697 Regis
815 3615 951 3681 Bossine
969 3618 1008 3683 de
1031 3617 1230 3686 Arnbaxiata
1246 3643 1303 3705 per
1319 3644 1375 3688 eos
1390 3625 1528 3708 exposita
1597 3697 1598 3710 .

525 3719 573 3784 Et
597 3722 702 3804 primo
730 3721 773 3786 ad
798 3726 937 3804 primam
965 3732 1101 3808 partem,
1122 3749 1181 3810 per
1198 3749 1297 3810 quam
1314 3731 1382 3814 ipse
1399 3732 1529 3796 dominus

418 3825 490 3890 Rex
508 3829 725 3894 communicat
751 3830 918 3897 nobiscum
943 3837 1178 3917 prosperitates
1199 3857 1274 3902 suas
1290 3843 1454 3922 tamquam
1469 3859 1528 3902 eun
1597 3923 1598 3926 Ἴ

421 3939 597 4002 carissimis
614 3938 726 4004 amieis
744 3941 810 4004 suis
827 3949 896 4022 etc,
923 3943 1010 4024 quod
1035 3946 1256 4026 regraciamur
1275 3947 1411 4012 multum
1426 3947 1529 4012 Msies
1597 3987 1598 3996 .

420 4043 481 4107 tati
508 4042 572 4110 Sue
598 4044 637 4110 de
664 4047 826 4112 amicabili
852 4055 885 4113 et
910 4048 1057 4114 fraterna
1077 4051 1340 4135 participatione,
1357 4053 1530 4140 quemfecit

422 4150 588 4216 nobiscum
606 4150 646 4216 de
662 4153 858 4220 exaltatione
885 4152 1014 4221 Corone
1035 4177 1091 4222 sue
1108 4165 1141 4223 et
1158 4163 1264 4224 status
1281 4161 1340 4244 sui,
1355 4164 1394 4228 de
1409 4184 1466 4246 qno
1482 4183 1528 4225 uos
1596 4151 1598 4170 ⁴

422 4259 596 4342 recipimus
614 4260 753 4327 letitiam
771 4269 804 4326 et
820 4265 1073 4331 consolationem
1088 4265 1276 4333 immensam
1294 4277 1426 4355 propter
1439 4271 1526 4352 singu·

421 4367 524 4431 larem
541 4389 694 4450 amorem,
719 4392 813 4454 quem
838 4393 963 4456 semper
981 4372 1153 4440 habuimus
1170 4382 1202 4441 et
1217 4377 1373 4446 habemus
1389 4381 1429 4444 ad
1444 4375 1526 4442 excel·

424 4496 493 4538 sam
510 4475 641 4542 domum
659 4500 760 4558 suam,
786 4487 819 4545 et
845 4490 967 4565 quanto
997 4487 1199 4568 prosperitas
1215 4494 1247 4552 et
1264 4490 1468 4556 exaltationes
1482 4503 1524 4549 sue
1597 4547 1598 4562 q

423 4581 531 4647 forent
547 4585 695 4668 maiores,
713 4593 806 4653 tanto
825 4613 881 4654 nos
898 4615 1040 4658 essemus
1067 4595 1170 4676 magis
1187 4598 1348 4680 coutenti;
1372 4597 1524 4682 supplican-
