3226 5254
446 289 511 349 352
803 305 1036 350 nieuouncumi
1055 294 1220 349 aurnuns.

445 467 548 530 vimus
565 466 737 549 Majestati
765 466 893 548 Vestra,
919 467 1001 530 sicut
1026 466 1175 532 domiuus
1200 465 1381 548 Episcopus
1399 463 1572 546 postutare·

444 581 507 658 rat,
522 575 666 658 aliquam
685 579 823 661 pecunie
839 578 1054 661 quantitatem
1072 574 1243 641 Communi
1261 580 1372 641 nostro
1388 573 1569 656 possibilem

445 691 603 751 mutuare.
621 682 722 768 Cujus
738 685 785 749 rei
802 707 901 750 causa
916 685 959 749 ad
976 682 1150 749 Civitatem
1167 681 1310 746 Arimini
1326 689 1457 747 nostros
1473 687 1571 745 trans·

444 794 590 859 misimus
608 791 776 872 Oratores
789 800 820 858 et
832 793 953 858 oblatis
969 769 1072 857 eidem
1090 789 1275 874 quindecim
1291 788 1422 855 milibus
1439 788 1571 854 floreno·

444 922 526 982 rum,
542 899 621 966 fecit
636 902 760 967 nostris
771 901 966 969 Oratoribus
978 899 1176 985 responderi,
1193 897 1280 981 quod
1296 897 1337 962 ab
1354 918 1402 978 eo,
1418 896 1572 962 horribile

445 1008 543 1085 dictu,
569 1015 699 1075 centum
724 1010 851 1074 milium
879 1008 1076 1073 florenorum
1107 1008 1275 1089 quantitas
1307 1006 1515 1089 sperabatur,
1544 1013 1571 1069 et

444 1117 532 1200 quod
558 1117 691 1184 nolebat
717 1119 821 1181 minus
848 1118 1019 1200 sexaginta
1044 1115 1168 1180 milium
1193 1115 1399 1180 florenorum.
1425 1115 1473 1178 Et
1491 1113 1572 1197 quod

444 1225 573 1306 gravius
591 1231 653 1307 est,
672 1226 706 1291 iu
724 1226 826 1291 totius
844 1227 1003 1290 exercitus
1029 1225 1079 1288 sui
1095 1231 1278 1309 conspectu,
1295 1223 1376 1288 etin
1394 1228 1571 1288 nostrorum

445 1334 548 1399 oculis
564 1330 783 1413 bannitorum,
809 1353 993 1417 magnaque
1019 1333 1161 1416 ipsorum
1180 1332 1297 1414 letitia,
1314 1331 1371 1396 sed
1387 1332 1505 1396 maiori
1520 1330 1571 1395 ad·

444 1443 616 1508 miratione
634 1447 831 1521 cunctorum,
858 1447 971 1507 nostra
997 1462 1100 1524 parva
1130 1439 1333 1520 munuscula,
1349 1460 1412 1523 que
1428 1444 1466 1503 ut
1483 1439 1572 1504 dero·

443 1549 542 1615 tionis
559 1550 679 1634 pignus
705 1548 747 1613 ad
763 1548 1024 1632 ipsum'fideliter
1049 1549 1246 1632 miseramus,
1272 1546 1379 1612 noluit
1394 1554 1571 1631 acceptare.

444 1654 517 1739 Qua
534 1678 606 1722 cum
624 1654 772 1722 futurum
788 1655 911 1722 bellum
927 1657 1013 1722 iuter
1036 1677 1093 1721 nos
1110 1662 1142 1722 et
1157 1657 1262 1739 ipsum
1279 1654 1474 1739 poltendere
1491 1655 1572 1720 ride·

443 1771 568 1846 rentur,
584 1766 725 1831 attonita
752 1771 802 1830 est
829 1767 934 1831 omnis
961 1765 1073 1844 Italia,
1098 1764 1369 1846 bannitorumque
1388 1771 1569 1830 nostrorum

445 1893 518 1956 spes
535 1880 642 1940 erecte
660 1900 666 1939 :
680 1875 823 1958 jamque,
839 1881 908 1939 tam
925 1873 1083 1957 opinione,
1108 1894 1205 1956 quam
1222 1873 1431 1937 extimatione
1447 1877 1572 1936 cuncto·

445 2003 517 2044 rum
533 1980 654 2046 bellum
673 1981 732 2046 hoc
748 1982 968 2066 incipiendum
985 2003 1062 2064 esse,
1079 1980 1226 2065 exemplo
1242 1980 1429 2046 detestabili
1439 1977 1571 2063 putaba-

443 2095 506 2153 tur.
524 2085 669 2172 Cumque
686 2090 843 2174 Princeps
860 2090 1014 2173 prefatuS,
1030 2089 1144 2154 relicto
1161 2089 1277 2172 Regno
1293 2087 1433 2173 Apulee,
1449 2088 1567 2154 relicto-

444 2217 506 2278 que
532 2197 678 2263 Ecolesie
703 2198 861 2281 Romane,
887 2199 985 2266 immo
1012 2198 1159 2278 Ecclesia
1190 2197 1407 2281 periclitantis
1439 2195 1567 2276 auxilio,

444 2303 580 2376 flectens
593 2307 664 2387 iter,
681 2304 839 2372 Civitates
856 2306 1067 2390 Eugubinam
1084 2313 1118 2372 et
1133 2304 1316 2386 Aretinam,
1338 2306 1424 2370 cirili
1440 2304 1569 2370 dissidio

445 2413 686 2497 contendentes,
702 2415 735 2478 in
752 2414 950 2480 deditionem
973 2415 1143 2497 accipiens,
1159 2436 1230 2480 cuni
1247 2414 1397 2480 erunibus
1414 2415 1570 2480 exercitus

446 2521 496 2585 sui
511 2522 613 2606 copiis
629 2520 781 2588 Aretium
800 2525 842 2589 sit
859 2523 1032 2608 profectus
1048 2531 1081 2588 et
1098 2525 1131 2589 in
1147 2525 1248 2589 limite
1265 2529 1448 2589 nostrorum
1459 2523 1568 2587 finium

443 2635 553 2694 castra
569 2635 698 2713 teneat,
721 2653 844 2716 nosque
861 2631 904 2698 ad
921 2640 1083 2698 terrarum
1110 2638 1296 2698 nostrarum
1311 2630 1491 2698 custodiam
1518 2630 1568 2694 ob

441 2737 609 2802 iecerimus
635 2741 778 2822 potentie
805 2748 915 2805 nostre
935 2762 1058 2823 manus,
1075 2742 1233 2806 nescimus
1250 2761 1406 2822 quorsum
1423 2740 1487 2803 sint
1503 2744 1569 2802 tam

441 2845 576 2912 turbata
592 2849 754 2932 principia
779 2871 981 2932 processura.
1011 2849 1086 2915 Hoc
1103 2856 1219 2928 autem,
1236 2849 1396 2932 Princeps
1412 2848 1570 2930 benignis-

443 2952 530 3034 sime,
548 2954 630 3037 Deo,
646 2957 818 3041 Majestati
835 2956 962 3038 Vestre,
978 2957 1228 3041 hominibusque
1247 2963 1417 3038 testamur,
1433 2977 1489 3022 nos
1507 2977 1569 3020 uon

441 3063 503 3126 nisi
520 3065 660 3146 primum
677 3066 846 3131 lacessitos
873 3067 1002 3146 iniuria,
1019 3072 1052 3133 et
1067 3087 1127 3149 pro
1144 3065 1330 3132 defensioue
1346 3072 1455 3132 nostre
1477 3062 1570 3130 liber·

441 3169 520 3233 tatis
537 3193 629 3236 arma
647 3179 842 3254 sumpturos.
869 3172 1020 3254 Habetis,
1047 3173 1296 3238 clementissime
1314 3172 1452 3256 Regum,
1466 3172 1569 3236 totius

443 3278 488 3340 rei
506 3280 632 3364 seriem,
663 3279 778 3344 ridetis
799 3300 938 3362 quonam
956 3281 989 3344 in
1005 3281 1076 3345 loco
1093 3301 1143 3346 res
1159 3281 1219 3346 site
1238 3281 1321 3360 sint;
1346 3279 1494 3364 dignetur
1511 3279 1569 3342 im-

443 3405 508 3466 que
524 3384 648 3452 Vestra
664 3387 830 3472 Majestas,
855 3389 940 3454 sicut
964 3388 1116 3473 expedire
1134 3388 1251 3481 viderit
1267 3388 1375 3471 Regia
1396 3386 1568 3464 Celsitudo,

442 3495 589 3574 quamvis
614 3494 748 3560 tardum
774 3497 817 3561 sit
842 3502 875 3561 et
901 3499 1047 3580 quamuis
1072 3497 1132 3562 heo
1156 3497 1259 3562 serius
1276 3518 1374 3579 quarn
1391 3494 1569 3579 oportuerit

440 3600 665 3681 rescribamus,
693 3624 791 3686 super
817 3602 869 3668 his
893 3604 1018 3669 salubri
1036 3603 1178 3670 remedio
1195 3603 1377 3686 providere.
1393 3602 1477 3667 Data
1491 3600 1567 3665 Fin-

440 3709 545 3772 rentie
562 3707 616 3773 die
645 3709 750 3775 XIII.
768 3709 968 3794 Septembris
993 3709 1080 3776 ΠΙΙ.
1096 3712 1273 3777 indictione
1290 3707 1570 3777 MOCOLXXX.

439 3855 563 3914 (Eredeti
577 3855 787 3921 sogalmazvany
810 3871 827 3905 a
850 3857 987 3922 ›arguor-i,
1001 3857 1156 3923 Car-teggie,
1179 3858 1308 3908 Missive«
1333 3860 1387 3908 aab.
1410 3857 1492 3907 uzinut
1508 3871 1570 3904 oss·

523 3945 630 4008 talybdl
645 3947 720 3996 XIX.
735 3947 827 4010 kbteg.
841 3952 883 3997 42.
899 3963 935 3998 sz.
950 3963 974 3996 a.
987 3965 993 4012 3
1013 3949 1171 3998 adorenozi
1185 3963 1259 4013 nagy
1274 3949 1480 4007 leveltarabau.)
