3182 5252
400 397 464 459 514
756 415 989 460 urenonaoanr
1010 407 1176 461 animans.

399 572 602 655 presencium
620 573 774 636 noticiam
793 573 956 639 habituris
982 576 1123 642 salutem
1140 578 1173 640 in
1191 577 1335 640 onmium
1359 575 1524 640 saluatum.

399 678 449 748 Vt
465 701 513 763 ea,
530 701 591 762 que
609 687 768 760 geruntur
785 661 991 766 intempore,
1016 684 1103 767 apud
1129 689 1279 767 posteros
1298 682 1526 748 inuiolabiliter

399 793 619 871 personarent,
643 787 829 854 litterarum
848 786 970 856 ‘solent
1002 792 1190 856 testimonio
1216 791 1468 874 perhempnari;
1487 790 1527 853 in·

402 917 593 961 concussum
610 916 749 978 namque
766 897 799 959 id
816 905 993 980 permanet,
1011 899 1096 980 qnod
1114 899 1220 982 Regio
1235 901 1423 981 patrocinio
1439 896 1527 963 fuerit

402 1006 642 1070 communitum.
660 1003 803 1070 Proinde
829 1007 872 1071 ad
898 1008 1121 1072 uniuersorum
1144 1008 1298 1073 noticiam
1317 1008 1437 1072 harum
1455 1005 1527 1072 serie

401 1113 549 1198 volumno
566 1114 746 1195 peruenire,
763 1114 850 1195 quod
876 1114 1091 1180 Serenissimo
1112 1113 1265 1197 Principe
1282 1113 1417 1179 domino
1433 1113 1529 1179 Ledu-

403 1221 474 1286 uico
492 1220 652 1303 premissa
669 1219 731 1285 Dei
748 1221 863 1303 gracia
880 1219 1107 1286 Illustrissimc
1123 1220 1216 1302 Rege
1240 1220 1426 1302 Hungarie,
1441 1219 1529 1284 Pola

404 1329 467 1408 nie,
483 1327 654 1393 Dalmacie
679 1335 741 1393 cto.
767 1330 916 1410 genitore
932 1335 1042 1412 nostro
1059 1327 1232 1393 karissimo
1246 1326 1417 1394 laudande
1433 1347 1530 1393 recar-

404 1435 552 1500 dacionis
569 1435 697 1500 volente
721 1437 864 1502 Domino
891 1436 972 1518 Geli,
998 1437 1088 1502 cuius
1105 1442 1186 1500 nutu
1202 1436 1312 1501 omnia
1328 1442 1491 1519 reguntur
1505 1440 1532 1499 et

405 1542 633 1626 disponuntur,
650 1542 774 1626 absque
801 1544 892 1628 prole
919 1544 1099 1610 masculina
1124 1544 1165 1609 de
1190 1543 1295 1609 medio
1312 1542 1458 1625 sublato,
1475 1541 1532 1608 No

404 1647 519 1732 bisque
536 1652 606 1715 iure
623 1653 821 1717 successorio
838 1659 871 1716 et
887 1652 1001 1717 ordine
1018 1653 1168 1736 genitrue
1180 1649 1346 1717 Coronam
1363 1659 1398 1718 et
1414 1651 1533 1718 Solium

405 1758 486 1823 dicti
512 1757 621 1842 Regni
647 1757 828 1842 Huugarie,
854 1781 893 1822 ae
919 1765 1048 1842 sceptra
1073 1759 1243 1842 regiminis
1258 1759 1363 1842 ipsius
1379 1759 1533 1844 genitoris

405 1867 511 1932 nostri
527 1866 669 1932 feliciter
685 1866 823 1952 adeptis,
838 1867 996 1950 prouidus
1012 1868 1061 1930 vir
1078 1865 1209 1932 Vlricus
1226 1866 1388 1949 Elyzlogol
1407 1869 1491 1932 ciuis
1506 1873 1534 1930 et

401 1980 569 2039 mercator
594 1972 633 2038 de
661 1973 690 2038 N
695 1974 870 2058 erumburg
887 1995 946 2038 sua
963 1994 1001 2038 ac
1018 1975 1242 2038 uniuersorum
1260 1980 1482 2040 nrercatorum
1499 1975 1532 2039 de

405 2081 620 2165 Nurumburg
659 2082 692 2145 in
733 2083 878 2165 personis
911 2081 953 2146 ad
984 2081 1107 2147 Nostre
1131 2080 1345 2147 ¹serenitatis
1378 2081 1535 2148 veniendo

404 2191 605 2274 presenciam
638 2189 786 2255 exhibuit
824 2189 929 2255 Nobis
969 2189 1127 2272 quasdam
1169 2190 1295 2254 litteras
1333 2189 1414 2255 dicti
1450 2189 1532 2274 geni·

406 2299 488 2363 toris
513 2299 626 2380 nostri,
649 2299 766 2362 maiori
792 2319 830 2361 ac
855 2297 967 2361 ultimo
993 2317 1051 2361 suo
1077 2297 1185 2379 sigillo
1211 2297 1422 2380 consignatas
1438 2319 1533 2382 super

409 2407 613 2489 quarundam
629 2406 820 2471 libertatum
836 2405 987 2470 articulis
1003 2407 1037 2470 in
1054 2406 1179 2471 eisdum
1199 2407 1371 2489 expressis,
1388 2428 1449 2489 per
1465 2429 1538 2473 eun-

408 2516 480 2579 dem
496 2518 676 2599 genitorem
694 2522 841 2579 nostrum
859 2513 956 2578 dictis
975 2515 1212 2580 mercatoribus
1231 2515 1394 2580 concessis
1410 2537 1536 2582 emana-

408 2632 467 2704 tas,
484 2624 606 2687 tenoris
623 2628 656 2687 et
674 2624 878 2688 continencia
894 2643 953 2704 per
969 2622 1077 2687 omnia
1102 2621 1327 2705 infrascripte3
1352 2625 1537 2706 supplicans

408 2732 525 2796 exinde
541 2731 725 2796 nominibus
751 2731 867 2814 quihus
894 2751 992 2813 supra
1019 2727 1140 2794 Nostre
1166 2729 1331 2795 humiliter
1357 2730 1537 2812 Maiestati,

407 2845 443 2902 rt
469 2838 599 2902 easdem
624 2837 830 2920 presentibus
847 2837 886 2902 de
904 2836 1001 2901 verbo
1019 2836 1061 2901 ad
1079 2835 1210 2902 verbum
1237 2837 1336 2902 inseri
1353 2846 1387 2903 et
1404 2841 1536 2905 inscribi

408 2944 559 3010 faciendo
585 2953 767 3027 acceptare,
792 2942 985 3027 approbare,
1011 2943 1182 3009 ratificare.
1198 2949 1232 3008 et
1248 2950 1362 3009 nostro
1381 2967 1445 3029 pro
1462 2950 1536 3030 ipsis

408 3055 618 3136 dignaremur
633 3050 814 3136 [priuilegio
846 3059 1005 3135 perpetuo
1039 3051 1237 3116 confirmare.
1269 3050 1416 3136 Quarum
1444 3063 1538 3122 tenor

409 3160 486 3225 talis
502 3169 576 3226 est:

519 3265 706 3332 Lodouious
722 3265 786 3332 Dei
803 3268 915 3350 gracia
939 3267 1114 3349 Hungarie
1130 3265 1191 3330 stb.
1208 3267 1280 3332 Rex
1295 3266 1358 3333 stb.
1373 3267 1538 3355 (lorello-

346 3407 361 3426 =
410 3375 462 3441 nik
486 3377 513 3440 l.
540 3375 647 3459 Lajos,
677 3374 849 3458 kirtlynalr
886 3374 1017 3441 lam-ki
1050 3373 1287 3456 lrereslredelmi
1318 3376 1537 3458 scabadalma

410 3483 494 3548 mint
509 3481 782 3565 gyi'rjtemenyllnk
800 3481 849 3546 ΙΙ.
864 3480 1036 3550 kbtettben
1054 3483 1127 3545 676.
1144 3480 1162 3545 l.
1183 3485 1255 3547 511.
1272 3502 1312 3546 sa.
1329 3483 1374 3567 a.)

518 3587 588 3652 Nos
604 3590 715 3672 itaque
731 3589 900 3672 premissis
918 3588 1213 3671 supplicacionibus
1231 3587 1311 3654 dicti
1322 3589 1442 3656 erici
1461 3595 1537 3678 Epr-

410 3697 496 3785 logo]
530 3697 712 3762 nominibus
740 3698 857 3780 quibus
883 3717 982 3778 snpra
1008 3698 1133 3763 Nostra
1157 3718 1216 3779 per
1240 3698 1344 3780 ipsum
1371 3700 1535 3766 humiliter
1578 3749 1579 3752 ,

410 3805 571 3890 porrectis
587 3803 756 3868 Maiestati
774 3802 948 3869 fauorabili
975 3805 1100 3886 pietate
1121 3804 1287 3886 inclinate,
1303 3812 1475 3888 pretectas
1488 3809 1534 3872 lit-

410 3920 499 3978 teras
515 3916 667 3996 patentes
684 3913 785 3994 ipsius
801 3911 958 3994 genitoris
974 3911 1078 3976 nostri
1102 3911 1309 3994 presentibus
1326 3913 1367 3978 de
1384 3915 1483 3980 verbo
1498 3913 1533 3978 sd

412 4020 548 4085 verbnm
563 4021 711 4102 insertas,
727 4019 821 4084 simul
833 4041 904 4084 cum
916 4018 1013 4084 dictis
1029 4019 1177 4084 articulis
1193 4019 1225 4083 in
1243 4019 1412 4086 tenoribus
1427 4043 1532 4087 aarum

412 4130 573 4194 contentis
590 4135 621 4192 et
639 4129 808 4211 expressis,
825 4127 932 4209 quoad
950 4147 1059 4192 omnes
1076 4147 1189 4192 aarum
1204 4127 1368 4192 clausulas
1386 4137 1421 4194 et
1436 4131 1530 4194 ‹onti-

413 4237 542 4302 nencias
559 4241 776 4318 acceptamus,
801 4234 1026 4318 approbamus,
1051 4225 1251 4313 roboramus,
1279 4235 1490 4320 ratificamus,
1505 4245 1533 4300 et

413 4368 452 4412 ex
468 4352 559 4410 corta
575 4352 686 4410 nostra
704 4346 852 4425 sciencia,
869 4344 910 4407 de
926 4363 1082 4408 consensu
1099 4350 1134 4408 et
1150 4342 1356 4427 beneplacita
1373 4346 1532 4412 voluntate

413 4455 624 4520 Serenissime
651 4452 817 4535 Principis
843 4453 971 4516 domine
996 4451 1168 4517 Elisabeth
1195 4451 1256 4516 Dei
1283 4454 1397 4536 gracia
1413 4454 1533 4538 Regiae

413 4562 596 4644 Hungarie,
613 4560 759 4643 Polonie,
775 4559 946 4624 Dalmacie
972 4567 1032 4625 etc.
1048 4560 1217 4642 genitricis
1233 4567 1342 4626 nostre
1359 4563 1534 4642 karissime,
