3172 5254
578 340 671 402 rare.
1128 326 1188 404 raa

3 591 5 606 ι
82 517 258 596 Communis,
276 525 438 600 gestorem
457 541 494 580 ar
511 517 718 600 legiptimum
739 522 994 598 procuratorem,
1020 538 1075 580 seu
1101 518 1190 582 aliud

3 623 5 690 ἶ
80 627 214 708 quicquid
231 627 346 692 melius
363 633 396 689 et
412 626 517 689 rarius
536 625 599 689 dici
619 629 732 706 potest,
750 624 854 688 rirnm
866 624 1006 688 nobilem
1024 623 1188 691 domiuum

3 721 4 768 3
79 733 255 800 badericum
284 733 478 799 Irauredano
505 732 689 814 predictum
721 731 938 815 (sapitanenm
957 731 1065 796 decem
1082 733 1189 814 galea·

78 863 145 922 rum,
159 845 367 907 constitutum
384 864 441 925 per
458 849 583 905 ceteros
599 841 762 922 prefectos
781 840 941 905 Dominus
957 841 989 903 in
1006 862 1064 904 sua
1081 843 1190 906 termi-

3 927 4 966 Τ
80 951 192 1013 natione
208 949 346 1015 tlensilii
373 947 521 1033 predicti
548 949 591 1012 ibi
622 954 772 1030 presente
789 955 822 1012 et
839 948 965 1012 volente
982 952 1016 1012 et
1032 951 1190 1014 eonsenti-

77 1063 138 1120 ente
153 1066 183 1122 et
198 1057 258 1122 boc
275 1057 466 1124 mandatum
478 1063 591 1139 sponte
603 1056 807 1139 suscipiente,
820 1055 861 1120 ad
872 1055 1013 1121 eundum
1030 1079 1102 1121 cum
1118 1079 1190 1140 gra·

77 1166 115 1229 tia
136 1163 242 1230 Sancti
271 1164 415 1249 Spiritus
443 1163 640 1248 Capitaneus
666 1165 777 1228 decem
802 1163 970 1246 galearum
997 1164 1036 1228 de
1062 1171 1190 1230 armata

3 1315 5 1358 ἐ
77 1272 143 1336 dicti
158 1273 409 1340 Communitatis
427 1273 642 1341 Vencciarum
659 1273 701 1338 ad
719 1282 829 1356 partes
846 1274 911 1337 sire
927 1273 1016 1340 locos
1035 1273 1189 1340 Civitatis

3 1443 5 1466 Ι
76 1379 147 1446 Arbi
163 1390 194 1447 et
210 1382 449 1448 Distrirtorum
466 1389 498 1446 et
513 1382 658 1447 locorum
676 1405 713 1446 ae
725 1389 886 1447 terrarum
897 1384 1186 1462 cneumsmntium,

76 1497 103 1553 et
117 1493 334 1572 quorumlibet
359 1492 562 1556 inimicarum
583 1499 616 1556 et
633 1491 804 1555 rebellium
821 1491 1064 1557 Dominationis
1081 1492 1188 1560 Vene·

3 1599 5 1680 ᾖ
75 1599 348 1678 tiaramiuimicos
366 1606 398 1664 et
414 1599 551 1665 rebelles
562 1599 802 1664 Dominationis
815 1600 1032 1666 veneciarum
1049 1607 1118 1666 toto
1135 1621 1193 1665 suo

3 1695 5 1744 ³
77 1727 153 1788 posse
177 1707 372 1773 offendendo
399 1716 432 1774 et
458 1706 733 1790 dampniffieanda
761 1707 893 1772 realiter
919 1714 952 1772 et
977 1710 1192 1791 personaliter

75 1815 245 1900 ubicunque
277 1817 473 1900 compererit
498 1837 571 1881 cum
597 1814 694 1880 dictis
710 1815 822 1882 decem
842 1817 944 1900 galeis
961 1818 994 1880 in
1011 1818 1094 1882 mari
1110 1823 1142 1880 et
1159 1819 1191 1881 in

75 1931 159 2005 terra,
174 1931 207 1988 et
222 1924 268 1990 ad
284 1922 539 2008 presentandum
552 1945 586 1988 se
599 1943 670 1987 cum
688 1923 783 1988 dictis
800 1924 902 2008 galeis
919 1924 961 1988 ad
978 1931 1090 2007 partes
1108 1925 1193 1990 Arbi

3 2045 5 2054 “
75 2037 101 2094 et
121 2031 353 2097 Districtornm
381 2040 412 2096 et
439 2032 584 2096 locorum
610 2038 642 2095 et
667 2037 831 2096 terrarum
853 2035 1142 2112 circumstantium,
1160 2042 1192 2098 et

3 2221 4 2224 Ἴ
74 2139 293 2222 requirendum
319 2140 464 2204 homines
491 2147 522 2204 et
548 2160 704 2222 personas
731 2141 901 2222 quaslibet,
918 2142 1066 2207 inimicos
1082 2141 1192 2206 Domi-

3 2228 4 2247 *
75 2249 200 2312 nationis
217 2250 449 2330 veneciarum,
465 2255 502 2312 nt
518 2247 561 2311 ad
577 2248 719 2330 gratiam
736 2255 768 2313 et
785 2249 1003 2314 obedientiam
1020 2258 1050 2314 et
1067 2249 1194 2315 fidelem

3 2371 5 2402 ἑ
73 2355 295 2422 subiectionem
312 2363 503 2440 perpetuam
522 2355 643 2420 domim
661 2357 762 2422 Ducis
780 2364 811 2421 et
830 2357 1018 2422 Communis
1037 2359 1192 2425 Venecia-

3 2505 6 2552 g
74 2483 133 2527 mm
157 2467 269 2529 uenire
295 2474 325 2530 et
354 2464 514 2529 declinare
540 2463 650 2528 vellint
677 2472 710 2529 et
737 2466 878 2544 veniant,
894 2489 933 2531 ac
949 2465 1036 2532 dicto
1063 2465 1193 2531 domino

3 2621 5 2636 ,
73 2569 223 2638 Louovieo
241 2574 418 2656 stipulanti
436 2579 467 2638 et
485 2574 657 2655 recipienti
673 2575 803 2638 nomine
820 2574 967 2656 predicto
986 2575 1090 2642 dictas
1109 2573 1194 2640 Οἰνί-

73 2685 149 2745 tates
164 2689 197 2748 et
213 2683 304 2747 locos
316 2682 395 2747 dare
412 2688 444 2745 et
460 2679 590 2746 tradere
608 2701 680 2744 cum
694 2681 843 2746 omnibus
860 2684 927 2748 suis
944 2682 1077 2765 iuribus,
1094 2686 1195 2749 sotio·

72 2787 154 2854 nibus
179 2796 213 2854 et
238 2789 445 2874 pertinentiis
481 2787 755 2872 quibuscumque,
779 2809 953 2873 omnesque
988 2791 1030 2855 ad
1057 2791 1194 2858 eandem

72 2898 203 2978 gratiam
230 2905 266 2961 et
291 2897 513 2962 obedienciam
538 2897 780 2962 Dominationis
796 2894 1015 2966 Veneciarum
1035 2901 1143 2965 venire
1161 2909 1193 2967 et

72 3002 223 3072 declinare
243 3005 395 3084 volentes,
411 3005 592 3087 benigniter
610 3005 830 3089 recipiendum
847 3008 974 3072 nomine
991 3015 1024 3072 et
1040 3009 1107 3072 vice
1123 3031 1196 3092 pre-

72 3110 157 3180 dictis
174 3137 249 3180 cum
267 3113 345 3179 fidei
362 3114 533 3178 iuraneuto
553 3113 592 3178 tle
603 3119 760 3197 perpetua
776 3113 942 3196 fidelitate,
958 3117 1147 3182 obedientia
1163 3123 1196 3183 et

72 3221 125 3286 fide
148 3221 313 3290 servanda
338 3219 433 3284 dictis
460 3219 591 3285 domino
616 3220 701 3286 Duci
728 3228 761 3286 et
786 3221 956 3289 Communi
973 3223 1196 3307 Venetiarum,

72 3349 134 3394 rum
161 3328 315 3395 omnibus
341 3328 455 3410 pactis,
481 3327 735 3410 condicionibus,
760 3331 876 3395 formis
901 3339 934 3396 ct
954 3333 1116 3417 clausulis,
1134 3355 1195 3416 que

73 3437 259 3503 ridebuntur
276 3436 482 3519 providentie
499 3435 577 3499 dicti
590 3439 768 3514 constituti,
785 3441 874 3504 etad
891 3441 1146 3523 promittendum
1163 3444 1194 3507 in

72 3565 173 3610 eorum
207 3545 479 3610 constitueucium
505 3550 538 3607 et
563 3545 816 3612 constitutorum
847 3547 943 3612 fidem
969 3555 1001 3613 et
1025 3552 1196 3617 animabus

72 3672 137 3717 cum
160 3657 249 3718 omni
276 3651 387 3718 debito
413 3660 444 3717 et
471 3653 655 3718 necessario
672 3655 855 3721 iuramento
872 3661 999 3724 nominc
1014 3668 1050 3725 et
1066 3663 1132 3726 vice
1149 3662 1195 3744 ip·

73 3761 132 3826 aius
163 3761 420 3828 communitatis
445 3759 663 3827 Veneciarum
696 3785 807 3828 omnes
831 3766 874 3830 ad
901 3767 970 3832 eius
989 3770 1130 3850 gratiam
1147 3790 1197 3834 ve-

76 3869 138 3934 nire
154 3869 302 3936 volentes
319 3870 359 3934 de
376 3890 488 3935 eorum
514 3877 547 3934 et
563 3882 694 3934 suorum
720 3871 864 3938 locorum
891 3874 1096 3958 deffensione,
1126 3899 1198 3960 pro-

72 3979 205 4045 tectione
244 3987 277 4044 et
310 3977 549 4061 gubernatione
586 3985 741 4062 perpetuo
770 3985 990 4050 conservanda
1010 3985 1065 4074 'ab
1100 3987 1198 4050 omni·

3 4153 5 4178 p
73 4085 126 4151 bus
163 4087 350 4154 bominibus
381 4095 415 4150 et
444 4088 591 4169 personis
624 4088 744 4169 mundi,
777 4100 807 4155 et
840 4091 882 4155 ad
908 4089 1133 4176 stipulandum
1165 4101 1198 4156 et

74 4196 297 4276 paciscendum
330 4217 400 4260 cum
432 4193 617 4259 hominibus
642 4199 859 4278 quarumlibet
885 4197 1064 4266 (livit-atum
1095 4210 1128 4266 et
1153 4203 1198 4266 lo·

75 4318 179 4370 corum
196 4302 637 4385 mundi3Vuiuersitatibus‚
666 4301 959 4373 Communitatibus
985 4315 1018 4372 et
1043 4308 1199 4392 Collegiis

75 4413 295 4494 quarumlibet
311 4411 491 4477 Civitatem
505 4416 537 4474 et
553 4409 698 4475 locorum
714 4414 827 4480 mundi
853 4413 895 4479 ad
920 4413 1099 4498 prefactam
1126 4437 1197 4499 gra-

74 4519 148 4584 tiam
176 4523 289 4586 venire
314 4520 497 4585 volentibus
513 4519 642 4583 nominc
661 4541 725 4601 quo
743 4543 840 4605 supra
861 4529 967 4604 pacta,
983 4523 1199 4590 instrumenta
