3190 5252
416 389 481 450 452
773 403 1007 448 urenouscznr
1024 388 1192 448 sundran.

417 572 531 642 tatum,
546 561 773 630 Communium
790 572 823 629 et
848 564 1001 645 locorum,
1027 570 1084 629 aut
1105 562 1242 628 alicuius
1258 582 1379 644 eorum,
1395 584 1430 628 ac
1446 563 1529 625 etiam

419 681 534 770 eontra
559 673 724 756 predictos
754 673 803 738 vel
830 673 972 756 aliquem
987 692 1109 751 eorum,
1126 672 1290 753 duranum,
1306 671 1462 750 iniuriam,
1477 690 1532 733 mo

416 784 544 848 lestiam
570 782 621 847 vel
646 781 809 864 offensam,
835 782 994 846 etiamad
1011 782 1203 864 petitionem
1219 779 1270 843 rel
1285 781 1471 845 instantiam
1485 777 1533 841 ali·

418 892 510 956 cuius
535 913 598 955 non
625 889 752 970 inferre,
770 890 820 955 vel
841 890 955 954 inferri
971 888 1100 968 facere;
1117 889 1173 954 sed
1192 887 1369 953 Commune
1386 886 1535 953 Florentio

420 1007 451 1063 ot
468 1021 577 1065 omnes
594 999 675 1064 alios
691 998 896 1081 supradictos
912 996 1130 1062 amicabiliter
1145 1001 1356 1079 pertractare,
1371 995 1403 1060 in
1420 994 1533 1059 modum

421 1105 605 1186 Societatis,
622 1108 675 1172 rel
690 1113 860 1189 tamquam
872 1105 1048 1172 Societatis
1059 1106 1135 1169 hinc
1150 1105 1192 1171 ad
1208 1106 1322 1170 decem
1338 1110 1410 1169 octo
1426 1123 1535 1168 menses

419 1217 564 1298 proxime
590 1215 737 1293 futuros;
761 1219 794 1278 et
820 1217 854 1279 iu
879 1215 1011 1281 modum
1038 1213 1194 1297 stipendii
1210 1220 1270 1281 aut
1284 1212 1482 1296 provisionis,
1496 1209 1536 1273 rel

421 1323 486 1388 alio
513 1323 626 1405 quouis
652 1322 748 1387 modo
773 1320 848 1387 hinc
876 1323 918 1387 ad
945 1329 1012 1387 tres
1038 1343 1165 1388 menses
1181 1323 1326 1406 proxime
1342 1329 1497 1398 venturos,
1512 1325 1536 1382 et

421 1430 507 1496 infra
524 1431 612 1514 ipsos
640 1431 795 1496 terminos
813 1437 847 1494 et
862 1437 1019 1514 tempora.
1046 1431 1131 1495 Item
1147 1432 1173 1494 si
1190 1451 1286 1496 casus
1302 1429 1469 1508 accideret,
1483 1427 1537 1491 die-

421 1545 488 1603 tam
506 1537 700 1603 Societatem
727 1539 807 1603 uelle
834 1542 983 1618 transire,
1009 1539 1204 1604 durantibus
1230 1538 1327 1603 dietis
1343 1535 1538 1620 temporibus,

422 1667 480 1729 per
496 1647 663 1712 territoria
689 1647 879 1730 supradicta
895 1648 945 1712 vel
962 1646 1096 1730 aliquod
1123 1669 1253 1726 eorum;
1276 1646 1364 1730 quod
1381 1643 1538 1728 Capit-enei

424 1754 567 1821 eiusdem
593 1763 769 1821 teneantur
785 1763 818 1820 et
834 1755 974 1822 debeant
992 1765 1068 1821 ante
1086 1778 1197 1822 eorum
1212 1757 1393 1838 ingressum
1410 1755 1443 1819 in
1459 1751 1538 1818 terri-

424 1865 510 1928 toria
526 1864 712 1947 supradicta
729 1864 896 1929 notificare
914 1863 1000 1929 dioto
1018 1863 1191 1931 Communi
1208 1863 1377 1929 Florentie
1397 1883 1452 1946 per
1463 1861 1537 1944 quiu-

425 1992 486 2053 que
512 1970 581 2034 dies
607 1978 683 2036 ante
708 1993 821 2037 eorum
846 1973 1038 2054 adveutum,
1063 1974 1109 2038 ita
1135 1971 1222 2057 quod
1239 1972 1361 2037 dictum
1378 1969 1538 2036 Commune

425 2081 529 2161 possit
546 2101 678 2144 suorum
695 2078 902 2146 subditorum
929 2081 1194 2148 indemnitatibus
1219 2080 1407 2164 providere;
1432 2087 1462 2144 et
1477 2084 1538 2141 tune

425 2188 471 2250 ire
489 2194 663 2253 teneantur
680 2194 794 2271 gentes
806 2188 979 2254 Societatis
996 2189 1140 2273 predicte
1156 2209 1215 2272 per
1231 2189 1302 2254 uias
1320 2190 1441 2255 eisdem
1455 2187 1539 2266 assig-

426 2295 554 2358 nandas
580 2317 638 2377 per
662 2291 842 2361 Commune
868 2295 1060 2380 predictum,
1085 2304 1118 2362 et
1143 2317 1208 2362 non
1234 2297 1375 2378 aliunde,
1392 2296 1501 2362 stando
1514 2297 1539 2356 et

427 2401 627 2468 transeundo
653 2404 687 2467 in
712 2409 818 2469 totum
844 2427 901 2490 per
928 2405 1009 2471 duos
1027 2405 1096 2470 dies
1123 2411 1157 2469 et
1182 2425 1245 2470 non
1265 2404 1374 2484 ultra;
1407 2406 1451 2469 its
1468 2398 1540 2484 quod

427 2509 515 2574 infra
532 2511 612 2576 duos
630 2511 707 2592 dies,
723 2513 908 2596 incipiendo
926 2514 977 2579 die
994 2535 1061 2598 qua
1076 2514 1272 2578 intraverint
1288 2513 1488 2578 territorium
1502 2507 1540 2572 iel

428 2619 596 2684 territoria
613 2621 750 2686 alicuius
768 2622 928 2688 dictorum
943 2623 1100 2704 locorum,
1117 2621 1258 2688 debeant
1273 2642 1425 2687 vacuasse
1442 2619 1540 2684 Civita-

429 2733 487 2804 tes,
502 2731 609 2792 terras
636 2735 669 2792 et
695 2729 863 2795 territoria
886 2730 1093 2812 supradicta;
1117 2731 1197 2795 etin
1214 2730 1402 2796 huiusmodi
1419 2727 1540 2794 transitu

429 2832 550 2898 habere
578 2833 717 2900 debeant
743 2837 899 2901 victualia
923 2858 984 2920 pro
1009 2837 1114 2920 pretio
1137 2840 1343 2920 competenti,
1359 2835 1540 2903 emendando

430 2963 524 3005 omne
542 2941 706 3024 damnum,
733 2943 820 3026 quod
847 2966 905 3028 per
929 2966 985 3010 eos
1011 2946 1062 3011 uel
1088 2965 1200 3010 eorum
1216 2946 1361 3030 aliquem
1376 2947 1541 3012 inferretur.

431 3048 516 3114 Item
534 3048 620 3132 quod
637 3049 815 3115 Commune
832 3053 999 3118 Florentio
1017 3053 1127 3136 possit,
1144 3037 1270 3135 sibique
1280 3056 1380 3120 liceat
1389 3055 1541 3119 observare

432 3179 543 3221 omnes
561 3159 630 3222 eius
646 3159 873 3243 colligationes
889 3169 920 3225 et
937 3167 1034 3244 pacta
1061 3183 1132 3228 cunr
1150 3183 1356 3246 quocumque
1374 3173 1405 3228 et
1422 3183 1474 3228 seu
1488 3158 1542 3242 qui·

431 3263 629 3348 buscumque
647 3265 734 3332 facta
750 3273 783 3332 et
799 3268 892 3349 inita,
909 3291 948 3333 ac
964 3270 1063 3335 etiam
1081 3278 1228 3354 prestare
1245 3293 1340 3336 omne
1357 3271 1503 3337 auxilium
1516 3274 1540 3330 et

432 3371 585 3455 favorem,
612 3375 709 3439 etiam
734 3397 867 3440 suarum
892 3378 1038 3458 gentium
1056 3380 1302 3463 armigerarum,
1324 3381 1457 3446 cuilibet
1471 3373 1542 3441 colli·

433 3486 511 3562 gato
529 3488 561 3545 et
577 3483 681 3548 amico
698 3484 887 3548 Communis
905 3485 1049 3550 eiusdem
1065 3489 1163 3552 etiam
1180 3494 1294 3552 contra
1310 3489 1484 3571 predictam
1497 3481 1542 3548 so

434 3588 584 3653 cietatenr
618 3598 650 3655 et
681 3598 791 3673 gentes
823 3592 933 3675 ipsius,
965 3599 1062 3676 prout
1086 3595 1176 3661 dicto
1201 3591 1374 3662 Communi
1395 3591 1542 3680 placuerit.

434 3694 520 3760 Item
537 3699 625 3778 quod
642 3697 820 3765 Commune
837 3699 1004 3766 Florentio
1022 3702 1054 3767 in
1070 3705 1402 3788 recompensationem
1419 3701 1540 3770 omnium

434 3805 667 3887 predictorum,
683 3813 835 3873 teneatur
860 3816 894 3874 et
920 3808 1038 3875 debeat
1066 3810 1144 3876 dare
1160 3818 1193 3876 et
1209 3811 1334 3878 solvere
1351 3812 1444 3878 dictis
1466 3806 1542 3890 Cepi·

436 3915 548 3992 taneis,
564 3915 771 3980 Mareseallis
787 3923 820 3981 et
836 3915 1052 4003 Consiliariis,
1069 3927 1127 3985 aut
1148 3921 1314 4003 aliquibus
1331 3943 1370 3985 ex
1386 3924 1438 4001 eis,
1452 3915 1543 3998 recipi·

437 4020 565 4086 ontibus
582 4043 641 4106 pro
667 4045 699 4088 se
724 4025 804 4108 ipsis
822 4033 855 4090 et
871 4025 1035 4092 Societate
1056 4029 1214 4111 predicta,
1231 4029 1371 4096 florenos
1388 4029 1457 4094 auri
1471 4023 1542 4108 quir·

439 4129 599 4209 quemilia.
625 4130 710 4196 Item
736 4135 822 4216 quod
849 4133 1026 4201 Commune
1051 4137 1236 4218 predictum
1252 4144 1402 4204 teneatur
1427 4136 1497 4199 dare
1517 4137 1541 4193 et

438 4236 614 4302 concedere
630 4243 807 4305 transitum
825 4242 1079 4327 quibuscumque
1096 4245 1247 4328 gentibus
1265 4246 1415 4311 accedere
1429 4236 1543 4308 volenti·

438 4345 498 4409 bus
510 4346 551 4410 ad
563 4343 757 4414 Societatem
770 4351 952 4433 predictam
962 4374 1020 4436 per
1030 4375 1090 4417 sua
1099 4343 1276 4434 territoria,
1292 4355 1340 4420 ita
1350 4359 1463 4432 tamen,
1473 4341 1542 4431 quod

438 4452 620 4518 huiusmodi
637 4460 778 4522 transire
795 4459 937 4524 volentes
962 4466 1138 4526 teneantur
1154 4470 1185 4526 et
1202 4461 1342 4528 debeant
1365 4461 1465 4527 facere
1487 4473 1543 4539 pm

439 4560 609 4626 missiones
627 4569 660 4626 et
676 4563 891 4646 obligationes
905 4567 1025 4632 similes
1036 4569 1283 4653 suprascriptis3
1308 4571 1389 4636 alias
1410 4564 1542 4632 transitus
