3182 5252
579 319 674 384 1385.
1127 323 1190 386 551

60 495 165 560 cuniis
182 516 302 575 eorum,
327 516 400 560 eum
427 495 605 562 securitate
630 517 755 580 semper
770 495 914 560 locorum
931 517 1071 561 suorum.
1088 496 1194 564 Vadit

59 627 136 688 pars
152 631 158 670 :
177 601 274 686 Quod
299 603 377 668 licet
401 603 435 668 iu
451 605 667 670 instrumento
683 604 748 686 lige
765 604 891 688 excepti
907 602 1028 668 luerint
1044 604 1193 672 dominus

60 711 157 795 Papa
181 719 213 776 et
238 711 390 795 Regnum
417 713 609 794 Hungarie3
633 711 719 796 quod
746 710 868 775 factum
895 709 958 774 luit
984 732 1044 794 pro
1070 712 1194 778 bonore

59 819 173 884 Patrio
200 818 280 884 Furi
306 819 391 884 Julii
409 844 415 883 :
433 825 542 886 tamen
568 820 713 885 contenti
739 826 815 884 suut
839 823 872 883 et
896 818 944 882 ita
969 818 1089 898 volunt,
1105 821 1194 903 quod

59 926 122 1012 ipsi
138 933 253 1010 portus
269 933 303 992 et
320 927 456 992 flumina
471 932 505 991 et
521 927 593 994 loca
609 928 774 992 maritima
794 927 859 992 sint
874 927 984 1006 clausa
999 928 1105 1004 eciem
1121 949 1193 1010 pre·

59 1036 157 1101 dictis
181 1037 312 1102 domino
339 1036 430 1120 Pape
456 1044 488 1101 et
513 1035 630 1119 Regno
655 1036 837 1118 Huugorie,
853 1036 936 1101 sicut
952 1035 1035 1116 aliis,
1052 1044 1085 1101 ct
1103 1037 1192 1120 quod

58 1165 124 1209 non
141 1143 262 1210 deutur
278 1146 324 1210 eis
350 1145 517 1225 victualia,
542 1165 602 1208 nec
618 1142 868 1210 refrescamente
886 1144 951 1210 ullo
968 1145 1064 1212 modo
1081 1150 1140 1210 etc
1160 1151 1195 1210 ut

57 1252 91 1316 in
107 1249 169 1316 illo
186 1251 330 1335 capitulo
347 1253 545 1316 continetur.

14 1421 18 1429 .
131 1381 170 1440 <A
186 1379 296 1430 ›Hirti‹
310 1380 400 1429 ezimll
413 1380 554 1430 relenczei
569 1380 797 1470 allamlpbnyvbdl
812 1381 945 1431 XXXIX.
960 1382 1016 1432 ket.
1031 1385 1073 1430 83.
1083 1341 1117 1442 l.)

170 1485 234 1550 Die
261 1484 363 1554 VIII.
380 1485 561 1552 Februarii.
588 1486 827 1570 (Instrumento
842 1487 918 1570 lige,
934 1495 970 1553 ut
986 1468 1096 1572 supra,
1113 1487 1195 1554 adii·

59 1596 147 1659 cit-ur
173 1615 259 1659 nunc
283 1569 430 1676 secreto).
456 1592 548 1659 Dicti
565 1593 699 1678 Syudici
725 1601 757 1658 et
783 1602 1014 1678 procuratores
1031 1595 1192 1662 dictorum

57 1699 231 1768 Nobilium
247 1707 281 1767 et
296 1699 575 1767 communitatum
592 1701 706 1767 Patrio
725 1702 805 1767 Fori
814 1701 839 1767 J
840 1703 899 1768 ulii
915 1723 974 1786 pro
991 1726 1025 1768 se
1040 1710 1074 1768 et
1090 1705 1194 1772 nomi-

59 1810 158 1876 nibus
173 1810 318 1893 ipsorum
343 1808 500 1874 nobilium
525 1815 559 1874 et
584 1807 863 1875 Communitatum
887 1811 1128 1876 antedictarum
1155 1833 1194 1876 cx

59 1939 126 1982 uua
143 1924 249 2000 parte,
265 1923 299 1982 et
314 1915 452 2000 predicti
468 1916 604 2001 Egregii
621 1925 655 1982 et
671 1916 795 1982 nobiles
806 1918 866 1982 viri
878 1918 1001 1983 domini
1014 1918 1194 1984 Ambaxia-

59 2033 160 2106 lorea,
187 2031 416 2109 procuratores
433 2033 466 2088 ct
483 2023 616 2109 Syndici
637 2024 778 2109 predicti
795 2025 916 2092 domini
932 2027 1036 2092 Ducis
1052 2033 1084 2092 et
1100 2024 1195 2092 Gom-

61 2133 172 2200 munis
197 2131 411 2201 Venetiarum
435 2153 495 2215 pro
513 2153 546 2196 se
562 2137 595 2196 et
612 2132 797 2200 nominibus
822 2133 940 2217 quibus
956 2156 1057 2219 supra
1072 2157 1132 2219 pro
1149 2136 1195 2200 al·

59 2250 132 2308 tera
149 2248 254 2326 parte⁷
271 2240 424 2305 dixerunt
439 2241 638 2305 unanimiter
654 2247 687 2305 et
703 2243 908 2307 concorditer
933 2265 1044 2308 coram
1060 2266 1110 2309 me
1128 2245 1195 2310 No·

60 2351 149 2415 torio
167 2355 201 2414 et
217 2349 355 2414 testibus
372 2347 599 2433 infrascriptis
610 2349 698 2432 quod
714 2348 791 2414 licet
806 2349 893 2414 inter
909 2351 976 2417 alie
992 2357 1144 2418 contenta
1161 2353 1195 2416 in

61 2457 155 2523 dicto
173 2456 320 2539 capitulo
337 2456 369 2520 in
389 2456 475 2520 dicto
492 2457 706 2521 instrumento
732 2459 861 2523 unionis
878 2465 911 2524 et
926 2461 990 2544 lige
1007 2462 1195 2530 insertuex-

61 2571 197 2648 oeptata
222 2562 321 2629 fuerit
346 2561 477 2628 Corona
500 2571 534 2627 et
558 2565 708 2646 Regnum
736 2564 908 2648 Huugaric
935 2588 955 2632 n
980 2567 1143 2632 contentis
1162 2568 1196 2631 iu

60 2673 152 2738 dioto
180 2672 477 2756 capitu102tamen
503 2670 589 2736 dicte
613 2679 723 2755 partes
748 2694 787 2736 ex
804 2679 894 2738 certo
920 2676 1065 2756 scientia,
1081 2680 1115 2739 et
1130 2695 1196 2740 uon

60 2802 119 2864 per
135 2801 293 2861 errorem,
319 2778 465 2843 fatentur·
492 2787 526 2843 et
546 2779 747 2860 confitentur,
764 2787 797 2844 et
812 2779 987 2862 affirmant,
1004 2783 1091 2865 quod
1107 2780 1197 2847 diota

61 2889 212 2972 exceptio
236 2887 325 2953 iacta
350 2885 411 2951 fuit
426 2909 487 2970 pro
503 2885 624 2953 honore
642 2888 757 2953 Patrie
774 2889 854 2953 Fori
871 2889 955 2955 Julii
972 2897 1005 2956 et
1021 2890 1112 2956 nulla
1128 2889 1196 2954 alia

62 3016 173 3061 causa.
189 2996 236 3060 Et
251 2995 324 3060 ideo
341 3015 405 3060 nou
422 2994 574 3060 obstante
592 2997 780 3078 exceptione
796 2996 945 3080 predicta
962 2998 995 3061 in
1012 2998 1098 3063 dioto
1110 2999 1196 3082 capi·

61 3104 132 3168 tulo
149 3108 308 3168 annotata
323 3101 363 3168 de
380 3102 512 3169 Corone
528 3108 561 3168 et
576 3103 691 3186 Regno
709 3103 890 3188 Hnugarie,
906 3105 1045 3189 predicti
1062 3102 1196 3189 Syudioi

62 3217 94 3274 et
110 3216 347 3294 procuratores
364 3209 526 3274 dictorum
552 3208 720 3274 Nobilium
738 3217 771 3273 et
786 3208 1063 3277 Communitatum
1081 3211 1200 3285 Petris¹

62 3316 146 3383 Fori
165 3317 251 3384 Julii
267 3339 326 3402 pro
344 3339 378 3383 se
394 3324 428 3382 et
444 3315 637 3405 nominibus,
653 3316 770 3399 quibus
787 3339 893 3402 supra,
914 3319 1077 3403 subponis
1094 3325 1126 3384 et
1142 3318 1196 3384 ob-

62 3424 281 3510 ligationibus
296 3425 447 3492 omnibus
473 3432 507 3490 et
532 3425 668 3508 singulis
683 3425 901 3492 instrumento
918 3427 1004 3494 dicte
1018 3428 1147 3494 unionis
1163 3433 1198 3492 et

63 3533 128 3617 lige
146 3535 316 3616 contentis,
343 3557 406 3598 non
432 3555 490 3618 per
515 3554 661 3597 errorem
684 3533 740 3598 sed
756 3554 794 3597 ex
810 3539 900 3598 certa
917 3535 1053 3600 scientia
1068 3557 1127 3619 per
1144 3557 1193 3600 so·

63 3640 204 3706 leronem
221 3642 465 3726 stipulationem
491 3641 722 3724 promiserunt,
739 3647 771 3705 et
786 3641 987 3723 promittunt
1003 3643 1099 3708 dictis
1115 3641 1196 3708 Am·

63 3747 300 3832 baxiatoribua
317 3749 466 3834 Syndicis
484 3755 517 3814 et
533 3749 795 3832 procuratoribus
812 3747 890 3813 dicti
905 3750 1027 3815 domini
1044 3749 1146 3816 Ducis
1163 3755 1197 3815 et

64 3853 257 3923 Communis
273 3855 493 3938 Venetorum,
519 3863 552 3922 et
577 3856 656 3921 mihi
673 3854 814 3922 Notario
833 3856 969 3922 Publico
986 3858 1196 3940 infrascripto

64 3965 302 4050 recipientibus
319 3969 446 4032 nomine
473 3972 506 4031 ct
530 3966 599 4031 vice
615 3967 714 4050 ipsius
731 3965 852 4030 domini
869 3964 980 4050 DuciS,
996 3949 1028 4033 et
1045 3966 1197 4032 Commu·

65 4077 116 4140 nis
132 4074 349 4142 Venetiarum
376 4099 433 4159 per
460 4097 593 4159 presens
620 4072 783 4158 publicum
808 4073 1061 4140 instrumentum
1078 4099 1084 4138 :
1101 4072 1197 4158 Quod

65 4186 128 4267 ipsi
145 4189 272 4266 portus,
296 4181 438 4263 flumina,
463 4188 497 4246 et
521 4181 591 4246 loca
617 4179 783 4245 maritima
799 4180 912 4245 Patrie
929 4181 1008 4245 Fori
1025 4179 1107 4245 Julii
1123 4201 1196 4246 eou-

67 4299 162 4356 tenta
178 4292 213 4355 in
230 4291 318 4355 dicto
335 4290 477 4375 capitulo
495 4288 599 4372 posito
616 4291 649 4353 in
666 4289 753 4354 dicto
779 4291 993 4364 instrumento
1021 4289 1148 4353 unionis
1165 4295 1197 4354 et

67 4381 144 4484 lige,
170 4406 266 4464 erunt
291 4401 402 4465 clausa
427 4401 461 4464 in
488 4419 562 4463 casu
588 4398 622 4462 in
648 4397 738 4462 dicto
764 4397 908 4481 capitulo
928 4404 1079 4462 contento
1096 4398 1196 4462 etiam

66 4506 285 4594 Regiuelibus
301 4506 543 4594 Mojestatibus‚
559 4507 686 4592 Regno,
701 4514 734 4574 et
751 4507 878 4576 Corone
895 4505 1067 4593 Hungarie
1077 4513 1196 4592 etgcn·
