3248 5242
435 413 499 479 764
786 430 1020 477 ornnourezmr
1037 417 1203 475 aursana.

434 594 507 660 dem
521 595 642 660 nostris
658 593 722 658 fide
738 593 909 658 ethonore
926 588 1139 658 Serenissimo
1155 590 1302 673 Principi
1318 589 1447 656 domino
1463 589 1541 655 wa

434 702 538 768 dislao
554 701 641 786 Regi
655 699 794 766 Polonie
810 704 870 765 etc.
885 721 959 765 cum
974 698 1124 765 omnibus
1139 697 1258 764 nostris
1274 697 1447 778 thesauris,
1457 697 1544 763 homi·
1617 693 1619 710 ²

434 811 538 894 uibuS,
553 811 661 892 terris,
677 817 710 875 et
726 807 894 893 quibusuis
919 809 1038 874 nostris
1062 808 1164 890 bonis,
1185 809 1309 891 castris,
1325 807 1500 892 fortalioijs,
1513 829 1545 871 ao

435 920 507 984 aliis
523 919 641 984 nostris
658 916 878 988 facultatibus,
895 938 1085 1001 quocunque
1103 917 1265 984 nominari
1274 924 1408 1002 possent
1422 917 1546 996 nomine,

434 1027 532 1092 nullis
557 1027 688 1110 penitus
713 1025 862 1105 exclusio,
878 1024 1011 1091 obedire
1028 1033 1060 1091 et
1078 1025 1202 1091 seruire
1217 1027 1308 1090 iuxta
1325 1027 1394 1091 eius
1409 1025 1546 1109 benepla
1596 1031 1603 1038 “

434 1135 491 1199 oiti
516 1134 726 1200 voluntatem.
752 1132 793 1198 In
818 1132 909 1198 ouius
933 1133 981 1197 rei
1006 1133 1224 1198 testimonium
1250 1132 1390 1216 sigillum
1413 1138 1546 1199 nostrum

433 1242 638 1326 presentibus
664 1249 712 1306 est
738 1263 924 1325 alipensum.
957 1239 1080 1306 Datum
1108 1240 1313 1307 Sandomirie
1344 1240 1428 1307 feria
1458 1242 1548 1306 tercia

434 1355 506 1435 post
523 1350 716 1417 dominicam
733 1347 874 1414 Cantate
886 1371 970 1415 anno
985 1351 1119 1416 Domini
1128 1349 1298 1416 millesimo
1312 1346 1547 1416 cecam.

435 1464 533 1524 sexto.

436 1603 470 1686 ἓ)
508 1605 750 1672 Wlodimir
788 1607 960 1672 kioviai
1008 1605 1292 1691 herczegnek
1330 1603 1548 1673 hedolata

953 1719 1045 1781 1388.

544 1841 757 1910 Wlodimirus
780 1842 858 1907 Dux
892 1842 1090 1926 Kyoviensis
1115 1849 1173 1908 eto.
1200 1842 1419 1927 significamus
1449 1851 1551 1910 tenore

437 1951 640 2031 presencium
666 1951 785 2034 quibus
811 1952 941 2035 expedit
966 1951 1134 2033 uniuersis,
1169 1951 1256 2035 quod
1281 1955 1446 2036 cupientes
1471 1955 1552 2019 sein

436 2058 602 2138 fidelitate,
629 2080 727 2142 quam
753 2079 832 2143 erga
853 2057 1083 2126 Serenissimos
1101 2059 1272 2144 Principes
1288 2062 1454 2126 dominum
1469 2061 1553 2127 Wla·

436 2165 574 2232 dislaum
591 2167 716 2250 Regem
732 2175 766 2233 et
782 2169 946 2234 dominam
971 2168 1155 2253 Hedvigem
1173 2171 1242 2234 eius
1258 2177 1439 2234 consortem
1463 2169 1555 2253 Regi·

435 2295 519 2354 nam,
537 2297 575 2340 ac
593 2274 756 2341 Coronam
771 2275 880 2359 Regni
897 2277 1033 2364 Polonie
1057 2277 1207 2359 gerimus,
1224 2277 1428 2344 constancius
1443 2299 1482 2344 ao
1496 2301 1555 2346 ma·

438 2381 488 2464 gis
504 2381 646 2447 fideliter
662 2405 819 2464 exercere,
837 2391 870 2448 et
886 2390 984 2468 prout
998 2385 1120 2478 iustum
1137 2392 1196 2464 est,
1211 2386 1300 2468 ipsos
1322 2385 1431 2452 faeere
1446 2389 1557 2454 cercio-

435 2510 501 2570 res;
521 2490 640 2556 eisdem
665 2492 795 2557 domino
814 2491 996 2560 Wlarlislao
1020 2493 1107 2576 Regi
1123 2500 1156 2559 et
1172 2493 1299 2559 domine
1325 2493 1473 2578 Hedn'gi
1497 2497 1557 2562 eius
1618 2553 1619 2556 ,

434 2600 576 2664 consorti
592 2600 726 2683 Regino,
752 2623 926 2686 eorumque
951 2602 1074 2688 liberis,
1091 2625 1130 2669 ac
1146 2603 1275 2670 Corone
1300 2605 1411 2689 Regni
1429 2604 1558 2670 Polonie
1618 2609 1619 2690 3

435 2712 610 2772 memorate
628 2709 714 2773 velut
730 2710 925 2793 homagialis
952 2717 1120 2796 perpetuo,
1137 2733 1208 2776 cum
1225 2709 1374 2777 omnibus
1390 2714 1501 2798 terris,
1514 2734 1559 2779 oa·
1617 2703 1619 2800 l

435 2814 521 2896 stris,
539 2813 710 2884 fortaliciis
735 2840 774 2884 ao
800 2819 986 2885 hominibus
1010 2819 1105 2884 nobis
1127 2820 1283 2886 subiectis
1299 2827 1414 2886 tenere
1429 2822 1561 2888 firmiter
1617 2807 1619 2894 J

435 2921 625 3004 pollicemur
641 2923 833 2991 fidelitatem
852 2927 1079 3008 omnimodam,
1102 2927 1406 3012 subieooioncmque
1422 2929 1561 2996 debitam
1618 2981 1619 2992 ,

434 3037 535 3111 atque
549 3053 674 3114 puram.
691 3033 818 3099 Tenore
834 3037 1035 3118 presencium
1046 3037 1284 3118 promittentes,
1295 3036 1463 3119 predictos
1474 3039 1563 3104 Prin·
1618 3021 1619 3024 Ἴ

435 3138 524 3219 cipes
549 3138 714 3205 dominum
741 3143 956 3210 wladislaum
982 3143 1106 3227 Regem
1133 3149 1166 3208 et
1191 3141 1356 3209 dominam
1381 3146 1562 3230 Hedeigenr
1617 3161 1619 3178 ¹

435 3243 597 3327 Reginam
614 3246 683 3310 eius
701 3256 892 3331 consortem,
909 3272 1086 3335 eorumque
1103 3250 1223 3317 liberos
1234 3257 1266 3316 et
1277 3250 1443 3319 Coronam
1461 3253 1563 3338 Regni
1618 3257 1619 3306 ἒ

435 3351 570 3417 Polonie
593 3374 758 3438 nunquam
785 3357 944 3437 deserere,
969 3359 1134 3443 aliumque
1159 3359 1336 3425 Dominum
1353 3369 1468 3445 preter
1483 3366 1564 3448 ipsos
1618 3347 1619 3406 ἶ

436 3481 580 3543 querere,
598 3485 653 3527 seu
670 3464 744 3528 aliis
772 3467 944 3549 exquisitis
969 3467 1132 3532 coloribus
1151 3467 1326 3548 adherere;
1352 3469 1410 3535 sed
1427 3493 1484 3537 eos
1500 3478 1564 3536 toto
1615 3417 1619 3584 l

435 3588 531 3649 posse
548 3577 581 3635 et
597 3571 720 3637 viribus
745 3574 908 3658 adiuvare,
935 3596 973 3640 ao
998 3575 1040 3640 ab
1067 3576 1218 3642 omnibus
1234 3577 1380 3642 hostium
1396 3581 1563 3647 insultibus
1617 3605 1619 3664 j

436 3677 571 3743 oonsilio
597 3686 630 3743 et
654 3681 779 3746 auxilio
806 3683 946 3749 fideliter
962 3685 1158 3767 premunire.
1184 3685 1324 3767 Harum,
1341 3688 1465 3770 quibus
1483 3687 1562 3772 sigil-
1617 3667 1619 3690 ⁴

436 3783 503 3848 lum
519 3795 667 3853 nostrum
693 3795 743 3853 est
768 3811 956 3874 appensum,
974 3793 1161 3859 testimonio
1177 3794 1372 3859 litterarum.
1393 3795 1520 3863 Datum
1534 3797 1562 3859 in

436 3891 566 3957 Luozko
591 3895 624 3959 in
650 3896 759 3978 vigilia
785 3896 887 3962 Beate
913 3899 1130 3983 Margarethe
1145 3920 1230 3965 anno
1248 3900 1383 3966 Domini
1400 3904 1561 3970 millesimo
1616 3857 1619 3986 l

436 4003 662 4068 trecentesimo
679 4007 900 4088 octuagesimo
917 4012 1044 4073 octauo.
1615 3989 1619 4114 l

439 4143 474 4226 3)
499 4143 670 4211 Lubart
702 4148 884 4215 Feodor
918 4150 1150 4216 vlodimiri
1183 4151 1473 4236 herczegnelr
1504 4155 1559 4218 ho
1616 4137 1619 4242 l

437 4252 595 4318 dolata
628 4257 647 4318 a
681 4259 883 4324 sevoriai
917 4259 1194 4344 hercaegseg
1235 4261 1558 4329 tekintetaben-
1616 4251 1619 4364 l

956 4373 1053 4435 1393.

547 4489 714 4556 Feodorus
740 4491 804 4557 Dei
831 4495 944 4577 gracia
969 4495 1046 4561 Dux
1071 4495 1336 4564 Vlodimiriensis
1355 4496 1556 4580 significans

440 4596 597 4661 uniuersis
615 4599 730 4679 quibus
746 4600 877 4682 expedit
903 4605 1102 4685 presencium
1120 4605 1275 4672 noticiam
1292 4603 1461 4688 habituris,
1477 4597 1555 4688 quod
