3190 5252
769 395 1002 443 nrrnouacnrnr
1018 385 1186 444 anabusn.

939 687 1012 749 260.

410 841 501 909 Aaou
517 843 643 908 kdnetelc
660 848 834 926 ntasitrisa,
849 846 935 913 taket
952 873 972 913 c
989 849 1143 913 velenczai
1158 849 1370 937 komdrsasdp
1393 851 1422 914 1.
1437 852 1519 934 Lejoa

411 974 551 1036 mcrgpar
567 952 681 1040 lcircily
696 955 810 1020 teleta
826 959 907 1020 ratde
924 957 1039 1022 Mriria
1055 956 1265 1043 kirnlyne'koz
1281 957 1414 1023 eraldus.
1440 959 1518 1021 1383.

518 1111 616 1179 Anno
642 1109 982 1180 MOCOLXXXIII.
1006 1115 1182 1183 indictione
1210 1125 1313 1200 sexta,
1338 1119 1390 1184 die
1417 1123 1518 1200 quarto

410 1222 530 1288 mensis
546 1222 721 1289 Februarii
746 1221 889 1307 Capta
905 1247 912 1289 :
930 1221 1025 1306 Quod
1041 1224 1099 1290 fiat
1115 1226 1296 1292 commissio
1306 1225 1519 1292 Ambaxatori·

410 1331 470 1396 bns
485 1331 608 1396 nostris
623 1330 718 1396 ituris
734 1331 777 1396 ad
793 1335 905 1415 partes
921 1330 1094 1415 Hungarie
1109 1333 1142 1398 in
1159 1334 1222 1398 hac
1238 1332 1353 1400 forma.

518 1441 590 1508 Nos
603 1437 768 1506 Antonius
779 1439 925 1508 Venerio
935 1439 996 1506 stb.
1022 1441 1255 1506 committimus
1273 1441 1363 1508 vobis
1378 1441 1523 1510 nobilibus

412 1545 488 1611 viris
503 1545 610 1612 Paulo
626 1547 828 1613 Mauroceno
844 1553 878 1612 et
893 1546 996 1624 Petro
1012 1547 1205 1630 Bragadino
1222 1548 1351 1615 dilectis
1369 1550 1484 1616 civibus
1496 1556 1522 1613 et

380 1693 385 1702 =
411 1655 560 1721 lidelibua
586 1657 716 1738 nostrie,
733 1655 910 1740 quodcum
926 1655 1045 1722 nostris
1070 1655 1191 1721 litteris
1217 1657 1427 1738 credulitatis
1451 1678 1520 1740 quas

411 1762 501 1829 vobis
517 1761 587 1830 fieri
602 1764 738 1830 fecimus
754 1785 944 1850 comparere
961 1764 1107 1832 debeatis
1124 1786 1235 1830 coram
1260 1763 1475 1831 serenissimis
1496 1771 1522 1828 et

410 1871 701 1938 Excellentissimis
717 1871 908 1939 dominabus
925 1873 1061 1957 Reginis
1076 1872 1248 1957 Hungarie
1274 1894 1347 1939 cum
1372 1874 1426 1940 illo
1449 1873 1520 1939 bono

411 1980 533 2060 ordine,
549 1981 606 2062 qni
621 1980 783 2046 videbitur
799 1981 963 2064 sapiencie
980 1985 1102 2062 restre3
1126 1980 1244 2064 quibus
1254 1980 1343 2047 facta
1353 1981 1520 2047 reverencia

412 2095 445 2152 et
461 2088 671 2172 salutacione,
686 2091 772 2154 sicut
789 2089 939 2155 convenit
956 2112 1014 2173 pro
1030 2087 1153 2154 honore
1164 2089 1266 2154 nostri
1281 2089 1520 2173 Dominiiexpo

410 2216 487 2260 nere
504 2195 661 2275 debeatis,
671 2199 756 2282 quod
769 2218 841 2262 cum
852 2197 995 2262 maxima
1005 2197 1113 2263 cordis
1123 2197 1353 2274 amaritudine,
1364 2199 1444 2263 sicut
1452 2195 1520 2261 alias

410 2305 598 2388 scripsimus
614 2305 822 2371 Excellencia
837 2303 912 2388 Sue,
933 2303 1153 2370 intelleximus
1169 2302 1209 2368 de
1235 2305 1328 2370 obitu
1354 2305 1520 2370 felicissime

410 2420 443 2476 et
458 2411 627 2478 recolende
653 2412 808 2479 memorie
834 2411 1042 2479 Serenissimi
1059 2419 1091 2478 et
1117 2411 1394 2480 Excellentissimi
1417 2409 1519 2478 domini

303 2589 307 2596 ,
410 2521 568 2586 Ludovici
585 2521 663 2586 olim
679 2519 782 2606 Regis
798 2519 982 2605 Hungarie,
999 2521 1039 2586 de
1057 2541 1121 2605 quo
1138 2527 1222 2586 teste
1238 2521 1320 2604 Deo,
1347 2524 1399 2588 cni
1422 2524 1520 2588 cuncta

411 2636 487 2693 sunt
503 2629 643 2712 cognita,
660 2629 804 2695 dolorem
820 2629 995 2694 maximum
1013 2633 1045 2693 et
1071 2627 1313 2712 displicenciam
1341 2629 1520 2714 singularem

413 2737 572 2802 sensimus
588 2743 622 2801 et
637 2737 793 2802 sentimus
810 2735 844 2800 in
860 2736 983 2800 intimis
1009 2737 1137 2818 nostrie,
1152 2741 1222 2801 tum
1239 2734 1281 2802 ob
1297 2735 1469 2821 dampnum
1481 2735 1518 2798 in-

410 2842 595 2909 extimabile
613 2843 674 2908 toti
691 2841 938 2909 Christianitati
953 2843 1070 2910 exinde
1080 2850 1234 2926 secutum,
1250 2849 1321 2908 tum
1332 2843 1375 2909 ob
1391 2845 1519 2909 intrinse-

411 2973 481 3015 cam
498 2949 714 3034 atieccionem,
731 2974 829 3036 quam
845 2953 1039 3036 gerebamus
1055 2957 1090 3017 et
1104 2971 1218 3036 gerere
1228 2950 1469 3018 intendebamus
1481 2953 1519 3015 in·

409 3067 574 3142 posterum
594 3058 659 3126 Sue
675 3059 780 3144 Regie
797 3059 979 3145 Majestati,
995 3059 1116 3126 utendo
1133 3059 1184 3125 his
1200 3065 1234 3124 et
1249 3058 1324 3124 aliis
1341 3060 1454 3144 verbis,
1468 3077 1517 3142 que
1570 3061 1572 3074 '

411 3166 501 3232 robis
518 3167 614 3234 utilia
630 3167 835 3234 videbuntur.

518 3273 764 3359 Subsequenter
780 3277 955 3359 exponetis,
972 3275 1058 3359 quod
1075 3277 1115 3342 de
1131 3277 1338 3359 promocione
1356 3282 1391 3342 et
1406 3293 1516 3341 corona·

409 3384 500 3448 aione
516 3381 805 3449 Serenissimarum
821 3390 854 3448 et
872 3383 1227 3450 Excellentissimarum
1252 3383 1453 3450 dominarum
1467 3381 1517 3447 lte

409 3491 561 3572 ginarum
577 3492 760 3576 Hnngarie,
776 3500 809 3558 et
825 3491 910 3558 bono
928 3500 1016 3558 statu
1027 3499 1059 3557 et
1071 3493 1176 3558 salute
1192 3514 1305 3559 earum
1314 3495 1485 3578 recepimus
1493 3493 1518 3554 et

409 3599 582 3682 recipimus
598 3603 631 3664 in
648 3599 755 3666 cordis
772 3601 875 3666 nostri
891 3599 975 3685 (igy)
993 3601 1168 3665 inanimam
1187 3601 1330 3666 leticiam
1347 3607 1381 3666 et
1396 3598 1517 3666 consola·

411 3707 545 3790 cionem,
562 3708 782 3794 supplicantes
798 3709 966 3775 humiliter
991 3707 1125 3775 Summo
1151 3708 1312 3788 Creatori,
1336 3730 1357 3773 a
1375 3729 1436 3791 quc
1450 3705 1517 3771 bona

411 3823 529 3883 cuncta
545 3817 737 3900 procedunt,
754 3818 842 3899 quod
858 3816 1009 3901 dignetur
1027 3815 1258 3883 Seuerissimas
1275 3822 1310 3882 et
1324 3813 1517 3882 Excellentis·

412 3925 512 3989 simas
528 3922 706 4008 Reginales
721 3947 878 4010 personas
895 3947 970 3991 snas
987 3928 1020 3991 in
1046 3925 1131 3991 bono
1151 3931 1185 3991 et
1209 3924 1347 4009 pacifico
1374 3930 1459 3991 statu
1473 3939 1518 4006 per

409 4031 759 4117 longissimatempora
768 4031 907 4099 feliciter
918 4053 1119 4118 conservare,
1129 4034 1172 4098 ad
1183 4032 1315 4098 laudem
1325 4035 1429 4116 ipsius
1437 4030 1516 4098 cra·

411 4139 492 4205 toris
525 4141 639 4223 nostri,
665 4141 923 4207 consolacionem
949 4150 1096 4207 nostram
1122 4148 1154 4205 et
1178 4142 1321 4206 omnium
1346 4144 1519 4214 amicorum

410 4247 533 4312 utendo
550 4249 651 4312 eciem
668 4249 756 4314 eirca
771 4248 832 4313 hoc
848 4248 910 4314 hiis
932 4253 964 4313 et
980 4248 1053 4313 aliis
1070 4247 1187 4331 verbis,
1212 4269 1274 4333 que
1300 4250 1458 4333 sapiencie
1478 4263 1516 4307 re-

411 4365 479 4420 stre
495 4355 588 4420 utilia
605 4357 807 4422 videbuntur.

518 4462 644 4529 Ultimo
671 4463 817 4530 debeatis
833 4463 950 4530 offerre
967 4465 1044 4548 ipsis
1063 4463 1284 4530 Serenissimis
1312 4471 1345 4529 et
1369 4459 1514 4530 Excellen-

410 4571 545 4637 tissimis
577 4571 768 4640 dominabus
793 4572 929 4659 Reginis
951 4595 1010 4641 uos
1036 4580 1070 4641 et
1095 4573 1272 4641 Commune
1297 4566 1513 4640 nostrumne
