3172 5254
587 415 681 476 1379.
1137 418 1201 481 165

1 599 2 606 ’
80 592 270 674 sublimatus,
288 594 351 659 sibi
367 593 496 658 Urbani
513 592 574 660 VI.
592 590 739 678 (nomen)
755 594 990 674 ascivit,acdie
1007 617 1072 678 qua
1090 592 1201 661 Ohris·

79 709 125 766 tus
137 703 232 768 Jesus
258 701 413 768 Summus
437 699 591 766 Pontifex
611 702 709 766 vitam
726 709 871 768 nostram
889 704 1090 788 resurgendo
1106 727 1199 790 repa·

1 821 2 824 ’
78 811 162 894 ravit,
177 810 260 876 sicut
278 813 313 875 in
337 810 489 876 Romana
504 809 653 874 Ecclesia
678 812 919 878 consuetudinis
937 819 995 898 est,
1011 814 1045 878 in
1061 813 1197 879 basilica

1 963 2 978 1
78 919 229 1003 Principis
245 915 480 1003 Apostolorum
497 918 537 983 de
553 917 632 984 urbe
648 940 719 983 cum
736 921 859 1002 ingenti
875 921 1020 1004 tripudio
1037 929 1071 986 et
1087 923 1193 987 letitia

79 1027 315 1093 innumerabilis
332 1027 446 1111 populi
464 1025 645 1092 Christiani
670 1026 857 1093 Pontificali
882 1028 1000 1112 Regno
1026 1027 1197 1113 magnifice

77 1142 103 1199 et
116 1137 335 1222 sollempniter
351 1137 479 1202 exstitit
488 1142 674 1200 coronatus.
692 1133 766 1220 Quo
786 1136 915 1219 quidem
934 1135 1112 1203 Serenitati
1128 1136 1194 1206 Ve-

78 1249 136 1309 stre
150 1245 221 1310 ideo
237 1245 435 1324 nuntiamus,
451 1249 488 1308 nt
504 1244 589 1308 sicut
604 1243 713 1310 abitus
729 1245 899 1311 memorati
910 1245 1031 1310 domini
1042 1244 1197 1329 Gregorii

1 1369 2 1375 ¹
80 1352 157 1417 robis
173 1351 403 1417 amaritudinis
429 1356 463 1416 et
487 1351 622 1416 tristitie
648 1351 782 1418 calicem
798 1353 995 1436 propinavit,
1012 1353 1057 1418 sic
1074 1355 1113 1419 de
1128 1374 1200 1436 pre-

79 1461 169 1524 sentis
185 1460 292 1544 patris
310 1458 517 1524 concessione
533 1458 627 1525 nobis
642 1459 755 1524 celitus
772 1459 860 1526 facta
876 1460 989 1544 gaudii
1006 1467 1040 1526 ct
1056 1461 1198 1526 exsulta-

77 1569 163 1632 tionis
178 1568 329 1651 spiritnm
345 1567 527 1632 assumatis.
539 1566 581 1631 In
597 1567 653 1650 illo
670 1568 765 1647 enim,
781 1569 874 1652 cnjus
889 1568 975 1632 uices
992 1568 1078 1633 idem
1087 1567 1200 1634 Domi-

1 1712 2 1752 ,
76 1698 128 1742 uns
143 1680 250 1740 noster
275 1675 364 1758 gerit
379 1675 413 1739 in
434 1676 541 1758 terrie,
557 1671 684 1740 firmam
702 1697 791 1758 spem
808 1675 1024 1760 fiduciamque
1042 1682 1198 1757 tenemus,

0 1867 1 1870 Ἴ
76 1785 154 1867 qnod
179 1784 239 1850 snb
266 1783 337 1866 ejus
364 1781 449 1848 felici
475 1783 632 1867 regimine
659 1788 766 1848 status
790 1783 939 1849 Romane
956 1791 990 1849 et
1006 1784 1198 1850 universalis

1 1957 2 1965 ,
75 1892 227 1958 Ecclesiae
252 1890 432 1972 reflorebit,
450 1899 483 1956 et
509 1889 693 1958 orthodoxa
708 1890 789 1957 fides
804 1890 883 1957 felix
900 1897 1113 1977 optatumque
1130 1913 1197 1956 sus·

74 1999 164 2082 cipiet
179 2000 427 2096 incpementnm.

130 2146 197 2212 (XV.
211 2145 324 2196 azazadi
336 2145 454 2196 herirati
468 2146 611 2210 codexbbl,
624 2163 641 2196 a
653 2147 750 2212 pra'gai
764 2147 899 2212 ktptalan
914 2147 1129 2212 kbnyvteirban.)

593 2436 666 2498 139.

72 2595 94 2658 f.
108 2597 263 2663 Jotaaaa
280 2596 408 2663 sicilici
423 2597 645 2684 dirrilync'oak
667 2597 796 2664 Venczel
812 2597 922 2661 rrimca'
938 2598 971 2662 c's
986 2599 1054 2662 caela
1071 2597 1194 2685 kirrily.

581 2708 676 2770 1379.

169 2866 387 2933 Serenissima
413 2864 581 2950 Princeps
606 2887 698 2931 soror
729 2865 858 2932 dilecta.
892 2865 1026 2932 Dudum
1052 2864 1195 2932 Serenis·

70 2975 135 3039 simi
150 2976 315 3060 Principis
332 2974 404 3040 dive
421 2975 574 3039 memorie
591 2975 713 3040 domini
735 2975 866 3056 Karoli,
884 2975 1110 3043 Romanorum
1126 2975 1192 3040 Im-

70 3086 228 3166 peratoris,
245 3083 404 3168 genitoris
421 3083 524 3148 nostri
550 3083 709 3148 carissimi
726 3083 848 3164 literas,
865 3085 941 3150 dum
958 3084 1066 3150 adhuc
1081 3090 1194 3166 ageret

70 3189 271 3271 inhumanis,
287 3191 330 3255 ad
346 3211 403 3256 vos
420 3191 582 3256 credimus
598 3193 793 3275 pervenisse,
808 3197 847 3256 ut
857 3191 899 3257 ab
915 3191 1104 3256 assistentia
1121 3190 1191 3254 An-

70 3298 174 3383 tipape
199 3299 404 3366 Gabenensis
428 3306 462 3365 et
477 3321 610 3365 suornm
629 3302 832 3385 complicum,
848 3302 904 3384 qui
921 3301 1114 3384 deceptoriis
1134 3301 1188 3365 do·

68 3404 244 3472 lositatibus
276 3414 310 3472 et
340 3407 504 3490 figmentis
536 3408 770 3492 rempublicam
796 3406 1014 3474 Sacrosancte
1038 3407 1188 3474 Romane

69 3513 206 3581 Ecclesia
231 3516 431 3596 subvertere,
457 3522 578 3582 statum
602 3517 736 3582 Domini
753 3517 857 3582 nostri
875 3515 1000 3583 Summi
1014 3517 1191 3600 Pontificis,
1289 3600 1292 3606 Ι

68 3621 181 3688 domini
196 3624 328 3690 Urbani
345 3622 435 3689 Sexti
451 3624 616 3690 fallaciter
632 3627 825 3708 opprimere,
842 3625 1001 3708 quinimo
1017 3625 1051 3689 in
1068 3626 1192 3692 Catho-

67 3727 123 3796 lica
138 3730 261 3798 Sancta
277 3731 342 3796 fide
357 3729 450 3796 fedas
468 3732 598 3797 hereses
627 3731 807 3799 moliuntur
838 3732 1070 3798 damnabiliter
1097 3736 1191 3799 semi·

67 3859 149 3920 nare,
175 3840 328 3906 recedere
353 3839 512 3905 deberetis
537 3840 581 3904 ad
606 3862 717 3905 rernm
734 3840 899 3906 dominum
916 3849 1064 3907 nostrum
1081 3841 1189 3906 Urba·

66 3967 136 4012 nnm
153 3947 279 4032 Papam
290 3946 424 4013 Sextum
435 3954 547 4013 sancte
558 3954 590 4013 et
601 3949 754 4014 canonice
764 3955 959 4033 promotum,
969 3951 993 4017 J
996 3971 1050 4014 esu
1063 3947 1187 4014 Christi

66 4052 188 4120 Domini
204 4055 269 4120 Dei
280 4056 422 4120 interris
438 4055 617 4137 Vinarium,
628 4058 769 4122 etBeati
785 4058 880 4123 Petri
895 4056 1050 4142 Apostoli
1067 4078 1191 4123 succes-

66 4183 174 4245 sorem,
191 4171 289 4248 pront
305 4165 340 4227 in
356 4164 518 4247 principio
546 4165 722 4230 creationis
738 4187 795 4231 sne
813 4171 846 4230 et
862 4166 1081 4230 coronationis
1097 4164 1188 4230 fecis·

1 4257 2 4266 ¹
66 4271 111 4352 tis,
135 4271 305 4338 sinceriter
330 4270 568 4354 convertenda3
591 4273 638 4338 sic
663 4277 697 4338 et
715 4293 775 4338 nos
790 4273 826 4337 in
842 4273 1021 4338 utilitatem
1037 4279 1188 4356 vestram,

66 4399 123 4460 que
140 4386 187 4445 est
201 4381 310 4446 anime
336 4386 444 4444 vestre
470 4381 568 4462 salus,
586 4403 642 4447 vos
669 4383 789 4447 seriose
815 4383 1011 4464 requirimus
1029 4387 1061 4446 et
1078 4381 1188 4448 horta·
1273 4393 1276 4400 '

65 4507 141 4567 mur,
166 4488 316 4568 volentes,
342 4495 380 4554 ut
406 4489 566 4554 scismatis
591 4511 702 4556 errore
728 4491 885 4573 deposit0,
911 4489 953 4554 ad
970 4489 1187 4556 obedientiam

66 4592 249 4680 Apostolice
277 4595 373 4666 Sedis
389 4604 422 4663 et
438 4595 516 4662 dicti
542 4597 663 4664 domini
688 4599 794 4666 nostri
811 4597 941 4664 Urbani
956 4597 1048 4684 Pape
1066 4606 1188 4685 quanto
1234 4605 1236 4610 '
