3182 5252
583 373 676 438 1383.
1127 377 1189 438 511

71 549 189 614 habeat
205 571 296 614 suum
314 550 457 614 drictum
473 551 514 615 de
530 551 703 616 sufficienti
714 571 863 634 persona,
880 551 1021 616 debeant
1037 551 1192 620 dicti‘duo

71 656 311 722 Ambaxatores
329 656 449 723 habere
465 681 485 723 a
502 665 614 723 nostro
631 656 801 725 Communi
827 659 963 724 ducatos
986 665 1117 724 centum
1132 682 1193 744 pro

69 764 214 846 quolibet
229 786 289 849 pro
304 771 375 830 toto
392 765 480 831 dicto
498 767 604 849 riagio
620 788 680 850 pro
696 766 860 832 induendo
877 789 930 848 se3
950 775 983 832 et
998 769 1124 851 possint
1140 790 1191 833 ex·

70 871 208 954 paudere
224 872 362 938 ducatos
379 873 520 956 quinque
536 874 567 938 in
585 875 639 940 die
654 895 714 958 pro
726 875 882 958 quolibet,
898 873 983 941 sicut
998 873 1101 958 pridie
1119 897 1193 958 eap-

70 986 135 1044 tum
152 979 272 1073 fuitne
288 1002 353 1047 sex.

174 1088 262 1174 Cap
275 1095 321 1154 ta
336 1113 345 1156 ε
362 1087 458 1173 Quod
473 1090 507 1154 in
523 1089 609 1156 bona
624 1093 734 1174 gratia
750 1091 808 1158 fiat
824 1091 1134 1157 uuus²Ambaxutor
1149 1090 1192 1155 ad

68 1203 178 1279 partes
195 1196 370 1280 Hungarie
384 1221 443 1282 per
458 1207 601 1281 quatuor
617 1221 730 1265 manus
747 1202 941 1266 electionum
967 1201 1000 1266 in
1017 1201 1080 1265 isto
1108 1197 1191 1264 Con·

67 1305 148 1388 silio,
169 1307 226 1390 qui
251 1307 374 1373 habeat
399 1307 439 1372 de
464 1308 585 1374 salario
610 1309 661 1374 vel
688 1311 871 1392 provisione
896 1311 1035 1376 ducatos
1061 1315 1191 1373 eentum

66 1415 136 1480 auri
152 1435 213 1497 pro
229 1414 392 1482 induendo
402 1437 436 1482 se
446 1437 505 1500 pro
522 1417 643 1483 honore
660 1418 765 1483 nostri
780 1417 934 1502 Dominii,
950 1439 1024 1483 cum
1041 1416 1191 1482 omuibus

64 1522 307 1588 conditionibus
323 1530 357 1589 et
373 1525 477 1590 modis
493 1524 578 1590 alies
594 1526 698 1609 captis
713 1526 750 1590 in
765 1524 827 1592 hoe
843 1525 1000 1591 Consilio.

118 1669 155 1728 (A
171 1668 281 1718 »Mistic
294 1670 385 1720 czimd
396 1671 536 1721 velenczei
550 1671 785 1735 allamkduyvbol.
796 1672 956 1723 XXXVIII.
969 1671 1027 1721 koa
1050 1674 1092 1719 95.
1106 1670 1138 1733 l.)

594 1964 668 2026 277.

64 2116 177 2184 Mc'ria
195 2120 417 2218 kirdlyndnak
428 2121 677 2209 prinicipium,
701 2121 847 2209 melylyel
872 2124 964 2208 ntyjn
980 2122 1010 2186 Ι.
1027 2122 1128 2206 Lajos
1143 2121 1186 2186 ki·

65 2228 139 2316 rdly
157 2225 298 2294 1364-ki
313 2232 628 2296 vdmszahadalmuit
655 2235 811 2296 erdattette
835 2255 911 2317 moy,
929 2257 949 2296 a
966 2231 1143 2316 adroderyi
1159 2233 1191 2293 e'a

295 2363 316 2402 a
329 2341 453 2425 prdpai
469 2339 661 2403 kereskeddlc
677 2344 836 2404 ezdmdra.
863 2342 958 2404 1383.

171 2499 283 2565 Maria
299 2499 364 2565 Dei
381 2500 492 2582 gracia
508 2499 692 2584 Hungarie,
717 2498 899 2574 Dalmacie,
916 2498 1061 2578 Oroacie,
1080 2497 1191 2580 Reme,

66 2603 190 2689 Seruio,
217 2605 367 2688 Gallicie,
393 2605 595 2688 Lodnmede,
622 2603 777 2672 Comanie
809 2607 1029 2691 Belgarieque
1053 2605 1191 2690 Regina7

65 2711 224 2798 Princeps
250 2713 468 2796 Salernitana,
493 2721 527 2779 et
550 2715 696 2780 Honoris
713 2715 837 2780 Montis
854 2713 966 2780 Sancti
984 2715 1106 2798 Angeli
1124 2711 1190 2778 Do-

9 2861 14 2878 ·
64 2823 150 2886 minu
166 2821 318 2888 omuibus
335 2820 460 2888 Christi
487 2820 635 2888 fidelibus
653 2829 719 2888 tam
738 2823 943 2905 presentibus
960 2843 1057 2906 quam
1073 2822 1191 2886 suturis

64 2931 268 3011 presencium
294 2929 450 2996 noticiam
478 2930 638 2996 habituris
655 2931 794 2996 salutem
809 2931 841 2995 in
859 2931 1000 2994 omnium
1019 2930 1191 2995 saluatore.

65 3035 112 3104 Vt
129 3061 179 3122 ea,
197 3060 258 3123 que
275 3048 434 3134 geruntur
459 3039 492 3103 in
518 3044 673 3123 tempore,
690 3038 777 3123 apud
794 3045 939 3123 posteros
955 3037 1192 3103 inuiolabiliter

68 3155 290 3230 perseuereut,
306 3148 493 3213 litterarum
509 3147 616 3213 solent
631 3148 815 3212 testimonio
836 3146 1057 3231 perhemna1·i;
1081 3147 1189 3210 incon·

65 3277 193 3321 cussum
220 3277 359 3339 namque
385 3255 419 3319 id
445 3261 622 3338 permanet,
649 3257 737 3338 quod
762 3256 866 3338 Regio
891 3255 1076 3339 patrocinio
1092 3253 1191 3318 fuerit

65 3364 305 3429 communitum.
324 3362 468 3429 Proinde
493 3363 534 3428 ad
562 3365 784 3429 uniuersorum
802 3364 956 3428 noticiam
974 3363 1091 3428 harum
1108 3361 1190 3426 serie

65 3472 212 3538 volumus
227 3472 407 3556 peruenire,
416 3470 511 3554 ·quod
529 3470 744 3537 Serenissimo
770 3470 924 3555 Principe
942 3471 1070 3536 domino
1085 3469 1191 3534 Lodo·

66 3581 135 3644 uico
151 3580 313 3663 premissa
328 3579 391 3644 Dei
408 3579 518 3661 gracia
535 3577 763 3644 Illustrissimo
788 3577 881 3662 Rege
898 3577 1077 3661 Hungarie,
1095 3575 1190 3641 Polo·

65 3689 124 3768 nie,
140 3687 313 3753 Dalmacie
340 3693 399 3751 etc.
425 3687 571 3770 genitore
591 3693 702 3752 nostro
718 3687 892 3753 karissimo
908 3685 1070 3754 laudanda
1085 3706 1190 3750 recor-

66 3793 220 3876 dacionis,
237 3796 363 3861 volente
379 3795 520 3860 Domino
547 3793 628 3877 Odi,
655 3796 746 3861 cuius
763 3803 844 3860 nutu
859 3796 968 3860 omnia
984 3798 1140 3878 reguntur
1156 3801 1189 3858 et

64 3901 290 3987 disponuntur,
307 3891 431 3985 abs'que
446 3904 538 3986 prole
555 3904 735 3968 masculina
746 3903 785 3969 de
796 3903 902 3968 medio
919 3902 1058 3984 sublato,
1074 3900 1190 3966 Nobis-

65 4033 125 4095 que
150 4016 221 4080 iure
246 4015 445 4080 successorio
472 4020 505 4078 et
531 4015 644 4078 ordine
667 4016 817 4098 geniture
834 4013 997 4079 Coronam
1014 4019 1046 4077 et
1063 4010 1187 4077 Solium

64 4121 142 4186 dicti
168 4123 276 4207 Regni
301 4123 483 4205 Hungarie‚
504 4143 542 4187 ac
558 4129 688 4206 sceptra
715 4124 880 4206 regiminis
907 4121 1009 4206 ipsius
1028 4121 1186 4202 genitoris

63 4233 167 4297 nostri
183 4233 320 4297 feliciter
337 4233 482 4315 adeptis3
499 4231 656 4314 prouidus
673 4235 721 4299 vir
738 4233 868 4302 Vlricus
887 4229 1045 4315 Eyzsogol
1060 4228 1140 4294 ciuis
1156 4234 1189 4292 et

64 4347 224 4406 mercator
234 4341 274 4406 de
283 4340 516 4422 Neurumpurg
526 4361 586 4404 sua
596 4362 636 4405 ac
645 4342 868 4406 uniuersorum
880 4339 999 4404 ciuium
1016 4343 1052 4402 et
1065 4357 1190 4401 merca·

65 4453 171 4513 torum
188 4449 229 4513 de
244 4449 358 4514 eadem
375 4455 409 4512 et
425 4448 465 4513 de
481 4447 592 4530 Praga
608 4450 642 4514 in
659 4450 805 4533 personis
822 4450 865 4513 ad
881 4446 1002 4512 Nostro
1026 4443 1190 4510 Serenita-

66 4557 109 4621 tis
126 4557 282 4622 veniendo
298 4558 511 4638 presenciam,
537 4555 684 4622 exhibuit
705 4557 797 4622 nobis
814 4554 969 4638 quasdem
987 4554 1117 4617 litteras
1132 4572 1189 4636 pa·
