<?xml version="1.0" encoding="UTF-8"?>
<!DOCTYPE html PUBLIC "-//W3C//DTD XHTML 1.0 Transitional//EN"
    "http://www.w3.org/TR/xhtml1/DTD/xhtml1-transitional.dtd">
<html xmlns="http://www.w3.org/1999/xhtml" xml:lang="en" lang="en">
 <head>
  <title>
</title>
<meta http-equiv="Content-Type" content="text/html;charset=utf-8" />
  <meta name='ocr-system' content='tesseract 3.04.00' />
  <meta name='ocr-capabilities' content='ocr_page ocr_carea ocr_par ocr_line ocrx_word'/>
</head>
<body>
  <div class='ocr_page' id='page_1' title='image "./magyardiplomacz00wenzgoog_0665.png"; bbox 0 0 3214 5250; ppageno 0'>
   <div class='ocr_carea' id='block_1_1' title="bbox 574 468 1183 535">
    <p class='ocr_par' dir='ltr' id='par_1_1' title="bbox 574 468 1183 535">
     <span class='ocr_line' id='line_1_1' title="bbox 574 468 1183 535; baseline 0 -1"><span class='ocrx_word' id='word_1_1' title='bbox 574 468 669 535; x_wconf 71' lang='lat' dir='ltr'>last.</span> <span class='ocrx_word' id='word_1_2' title='bbox 1119 471 1183 535; x_wconf 87' lang='grc'>645</span> 
     </span>
    </p>
   </div>
   <div class='ocr_carea' id='block_1_2' title="bbox 48 646 1183 951">
    <p class='ocr_par' dir='ltr' id='par_1_2' title="bbox 48 646 1183 951">
     <span class='ocr_line' id='line_1_2' title="bbox 159 646 1182 736; baseline 0.003 -21"><span class='ocrx_word' id='word_1_3' title='bbox 159 649 249 717; x_wconf 87' lang='lat' dir='ltr'>Acta</span> <span class='ocrx_word' id='word_1_4' title='bbox 274 651 409 718; x_wconf 88' lang='lat' dir='ltr'>fuerunt</span> <span class='ocrx_word' id='word_1_5' title='bbox 435 649 584 736; x_wconf 87' lang='lat' dir='ltr'>predicta</span> <span class='ocrx_word' id='word_1_6' title='bbox 609 651 642 714; x_wconf 92' lang='lat' dir='ltr'>iu</span> <span class='ocrx_word' id='word_1_7' title='bbox 668 648 800 714; x_wconf 83' lang='lat' dir='ltr'>civitate</span> <span class='ocrx_word' id='word_1_8' title='bbox 825 646 995 715; x_wconf 84' lang='lat' dir='ltr'>Florentie</span> <span class='ocrx_word' id='word_1_9' title='bbox 1012 651 1044 716; x_wconf 92' lang='lat' dir='ltr'>in</span> <span class='ocrx_word' id='word_1_10' title='bbox 1061 648 1182 734; x_wconf 91' lang='lat' dir='ltr'>populo</span> 
     </span>
     <span class='ocr_line' id='line_1_3' title="bbox 49 755 1180 842; baseline -0.002 -16"><span class='ocrx_word' id='word_1_11' title='bbox 49 759 167 826; x_wconf 78' lang='lat' dir='ltr'>Sancti</span> <span class='ocrx_word' id='word_1_12' title='bbox 194 761 289 826; x_wconf 87' lang='lat' dir='ltr'>Petri</span> <span class='ocrx_word' id='word_1_13' title='bbox 305 759 487 842; x_wconf 84' lang='lat' dir='ltr'>Scheradii,</span> <span class='ocrx_word' id='word_1_14' title='bbox 503 757 708 842; x_wconf 79' lang='lat' dir='ltr'>presentibus</span> <span class='ocrx_word' id='word_1_15' title='bbox 725 755 899 822; x_wconf 77' lang='lat' dir='ltr'>Nobilibus</span> <span class='ocrx_word' id='word_1_16' title='bbox 917 765 949 822; x_wconf 91' lang='lat' dir='ltr'>et</span> <span class='ocrx_word' id='word_1_17' title='bbox 966 759 1180 842; x_wconf 78' lang='lat' dir='ltr'><strong>prudentibus</strong></span> 
     </span>
     <span class='ocr_line' id='line_1_4' title="bbox 48 863 1183 951; baseline 0 -20"><span class='ocrx_word' id='word_1_18' title='bbox 48 869 131 933; x_wconf 86' lang='lat' dir='ltr'>viris</span> <span class='ocrx_word' id='word_1_19' title='bbox 149 869 280 934; x_wconf 83' lang='lat' dir='ltr'>domino</span> <span class='ocrx_word' id='word_1_20' title='bbox 295 868 415 934; x_wconf 77' lang='lat' dir='ltr'>Blasio</span> <span class='ocrx_word' id='word_1_21' title='bbox 439 867 594 951; x_wconf 83' lang='lat' dir='ltr'>Bouaccij</span> <span class='ocrx_word' id='word_1_22' title='bbox 622 866 662 932; x_wconf 90' lang='lat' dir='ltr'>dc</span> <span class='ocrx_word' id='word_1_23' title='bbox 688 863 927 946; x_wconf 80' lang='lat' dir='ltr'>Guascouibus,</span> <span class='ocrx_word' id='word_1_24' title='bbox 958 864 1087 933; x_wconf 86' lang='lat' dir='ltr'>domino</span> <span class='ocrx_word' id='word_1_25' title='bbox 1103 865 1183 932; x_wconf 88' lang='lat' dir='ltr'>Paz-</span> 
     </span>
    </p>
   </div>
   <div class='ocr_carea' id='block_1_3' title="bbox 7 971 1268 4414">
    <p class='ocr_par' dir='ltr' id='par_1_3' title="bbox 7 971 1268 4414">
     <span class='ocr_line' id='line_1_5' title="bbox 47 971 1180 1058; baseline -0.002 -16"><span class='ocrx_word' id='word_1_26' title='bbox 47 978 120 1042; x_wconf 88' lang='lat' dir='ltr'>zino</span> <span class='ocrx_word' id='word_1_27' title='bbox 139 977 261 1042; x_wconf 89' lang='lat' dir='ltr'>domini</span> <span class='ocrx_word' id='word_1_28' title='bbox 279 977 447 1042; x_wconf 89' lang='lat' dir='ltr'>Francisci</span> <span class='ocrx_word' id='word_1_29' title='bbox 472 974 512 1039; x_wconf 90' lang='lat' dir='ltr'>de</span> <span class='ocrx_word' id='word_1_30' title='bbox 539 973 681 1040; x_wconf 86' lang='lat' dir='ltr'>Strozzis</span> <span class='ocrx_word' id='word_1_31' title='bbox 703 971 876 1052; x_wconf 83' lang='lat' dir='ltr'>Militibus,</span> <span class='ocrx_word' id='word_1_32' title='bbox 893 973 1023 1039; x_wconf 91' lang='lat' dir='ltr'>domino</span> <span class='ocrx_word' id='word_1_33' title='bbox 1040 975 1180 1058; x_wconf 85' lang='lat' dir='ltr'>Filippo,</span> 
     </span>
     <span class='ocr_line' id='line_1_6' title="bbox 7 1079 1182 1165; baseline -0.003 -15"><span class='ocrx_word' id='word_1_34' title='bbox 7 1153 13 1165; x_wconf 68' lang='grc'><strong>,</strong></span> <span class='ocrx_word' id='word_1_35' title='bbox 46 1085 172 1150; x_wconf 89' lang='lat' dir='ltr'>domiui</span> <span class='ocrx_word' id='word_1_36' title='bbox 198 1083 298 1150; x_wconf 83' lang='lat' dir='ltr'>Teme</span> <span class='ocrx_word' id='word_1_37' title='bbox 323 1084 363 1150; x_wconf 91' lang='lat' dir='ltr'>de</span> <span class='ocrx_word' id='word_1_38' title='bbox 389 1081 535 1149; x_wconf 82' lang='lat' dir='ltr'>Corsinis</span> <span class='ocrx_word' id='word_1_39' title='bbox 552 1083 677 1164; x_wconf 81' lang='lat' dir='ltr'>Legum</span> <span class='ocrx_word' id='word_1_40' title='bbox 702 1081 855 1158; x_wconf 77' lang='lat' dir='ltr'>Doctum,</span> <span class='ocrx_word' id='word_1_41' title='bbox 883 1079 999 1147; x_wconf 86' lang='lat' dir='ltr'>Nofrio</span> <span class='ocrx_word' id='word_1_42' title='bbox 1016 1081 1182 1148; x_wconf 89' lang='lat' dir='ltr'>Johannis</span> 
     </span>
     <span class='ocr_line' id='line_1_7' title="bbox 46 1184 1182 1276; baseline -0.001 -20"><span class='ocrx_word' id='word_1_43' title='bbox 46 1192 175 1260; x_wconf 86' lang='lat' dir='ltr'>domini</span> <span class='ocrx_word' id='word_1_44' title='bbox 201 1193 287 1276; x_wconf 83' lang='lat' dir='ltr'>Lepi</span> <span class='ocrx_word' id='word_1_45' title='bbox 313 1190 452 1272; x_wconf 85' lang='lat' dir='ltr'>Arnolfi,</span> <span class='ocrx_word' id='word_1_46' title='bbox 479 1190 689 1257; x_wconf 85' lang='lat' dir='ltr'>Bartolomco</span> <span class='ocrx_word' id='word_1_47' title='bbox 705 1187 821 1254; x_wconf 89' lang='lat' dir='ltr'>Lorini</span> <span class='ocrx_word' id='word_1_48' title='bbox 838 1189 1003 1268; x_wconf 88' lang='lat' dir='ltr'>Bonaiuti,</span> <span class='ocrx_word' id='word_1_49' title='bbox 1030 1184 1182 1255; x_wconf 83' lang='lat' dir='ltr'>Joh&#39;anne</span> 
     </span>
     <span class='ocr_line' id='line_1_8' title="bbox 43 1295 1180 1381; baseline -0.003 -15"><span class='ocrx_word' id='word_1_50' title='bbox 43 1300 182 1366; x_wconf 87' lang='lat' dir='ltr'>Bartoli</span> <span class='ocrx_word' id='word_1_51' title='bbox 207 1300 247 1364; x_wconf 87' lang='lat' dir='ltr'>de</span> <span class='ocrx_word' id='word_1_52' title='bbox 274 1299 430 1381; x_wconf 87' lang='lat' dir='ltr'>Biliottis‚</span> <span class='ocrx_word' id='word_1_53' title='bbox 456 1296 655 1364; x_wconf 83' lang='lat' dir='ltr'>Francischo</span> <span class='ocrx_word' id='word_1_54' title='bbox 681 1296 767 1380; x_wconf 86' lang='lat' dir='ltr'>Lepi</span> <span class='ocrx_word' id='word_1_55' title='bbox 792 1296 980 1380; x_wconf 85' lang='lat' dir='ltr'>Fedcrighi,</span> <span class='ocrx_word' id='word_1_56' title='bbox 997 1303 1049 1362; x_wconf 89' lang='lat' dir='ltr'>scr</span> <span class='ocrx_word' id='word_1_57' title='bbox 1067 1295 1180 1363; x_wconf 91' lang='lat' dir='ltr'>Domi-</span> 
     </span>
     <span class='ocr_line' id='line_1_9' title="bbox 42 1401 1182 1489; baseline -0.004 -17"><span class='ocrx_word' id='word_1_58' title='bbox 42 1409 120 1473; x_wconf 91' lang='lat' dir='ltr'>nicc</span> <span class='ocrx_word' id='word_1_59' title='bbox 138 1405 300 1489; x_wconf 87' lang='lat' dir='ltr'>Silveslri,</span> <span class='ocrx_word' id='word_1_60' title='bbox 316 1412 349 1471; x_wconf 88' lang='lat' dir='ltr'>et</span> <span class='ocrx_word' id='word_1_61' title='bbox 365 1427 417 1471; x_wconf 89' lang='lat' dir='ltr'>ser</span> <span class='ocrx_word' id='word_1_62' title='bbox 433 1405 524 1470; x_wconf 90' lang='lat' dir='ltr'>Mino</span> <span class='ocrx_word' id='word_1_63' title='bbox 544 1426 595 1470; x_wconf 88' lang='lat' dir='ltr'>ser</span> <span class='ocrx_word' id='word_1_64' title='bbox 615 1403 780 1468; x_wconf 91' lang='lat' dir='ltr'>Dominici</span> <span class='ocrx_word' id='word_1_65' title='bbox 797 1401 956 1483; x_wconf 80' lang='lat' dir='ltr'>Notariis,</span> <span class='ocrx_word' id='word_1_66' title='bbox 973 1403 1121 1470; x_wconf 87' lang='lat' dir='ltr'>omnibus</span> <span class='ocrx_word' id='word_1_67' title='bbox 1138 1406 1182 1471; x_wconf 92' lang='lat' dir='ltr'>ci-</span> 
     </span>
     <span class='ocr_line' id='line_1_10' title="bbox 41 1509 1181 1596; baseline -0.001 -16"><span class='ocrx_word' id='word_1_68' title='bbox 41 1515 139 1580; x_wconf 81' lang='lat' dir='ltr'>vibus</span> <span class='ocrx_word' id='word_1_69' title='bbox 157 1513 363 1596; x_wconf 78' lang='lat' dir='ltr'>Florentinis,</span> <span class='ocrx_word' id='word_1_70' title='bbox 380 1520 413 1579; x_wconf 91' lang='lat' dir='ltr'>et</span> <span class='ocrx_word' id='word_1_71' title='bbox 430 1512 502 1579; x_wconf 89' lang='lat' dir='ltr'>aliis</span> <span class='ocrx_word' id='word_1_72' title='bbox 518 1510 657 1577; x_wconf 86' lang='lat' dir='ltr'>testibus</span> <span class='ocrx_word' id='word_1_73' title='bbox 673 1509 716 1576; x_wconf 90' lang='lat' dir='ltr'>ad</span> <span class='ocrx_word' id='word_1_74' title='bbox 731 1510 890 1593; x_wconf 88' lang='lat' dir='ltr'>premissa</span> <span class='ocrx_word' id='word_1_75' title='bbox 912 1511 1044 1592; x_wconf 87' lang='lat' dir='ltr'>vocatis,</span> <span class='ocrx_word' id='word_1_76' title='bbox 1060 1511 1181 1579; x_wconf 86' lang='lat' dir='ltr'>habitis</span> 
     </span>
     <span class='ocr_line' id='line_1_11' title="bbox 42 1612 570 1709; baseline 0 -19"><span class='ocrx_word' id='word_1_77' title='bbox 42 1631 75 1690; x_wconf 90' lang='lat' dir='ltr'>ct</span> <span class='ocrx_word' id='word_1_78' title='bbox 93 1625 236 1709; x_wconf 85' lang='lat' dir='ltr'>rogatis.</span> <span class='ocrx_word' id='word_1_79' title='bbox 566 1612 570 1624; x_wconf 79' lang='grc'>’</span> 
     </span>
     <span class='ocr_line' id='line_1_12' title="bbox 589 1727 1182 1813; baseline 0.003 -18"><span class='ocrx_word' id='word_1_80' title='bbox 589 1731 663 1813; x_wconf 81' lang='lat' dir='ltr'>Ego</span> <span class='ocrx_word' id='word_1_81' title='bbox 687 1727 877 1796; x_wconf 86' lang='lat' dir='ltr'>Nicolectus</span> <span class='ocrx_word' id='word_1_82' title='bbox 903 1730 1068 1813; x_wconf 89' lang='lat' dir='ltr'>quondam</span> <span class='ocrx_word' id='word_1_83' title='bbox 1084 1732 1182 1797; x_wconf 89' lang='lat' dir='ltr'>Pauli</span> 
     </span>
     <span class='ocr_line' id='line_1_13' title="bbox 480 1836 1182 1906; baseline 0 -2"><span class='ocrx_word' id='word_1_84' title='bbox 480 1840 521 1904; x_wconf 87' lang='lat' dir='ltr'>dc</span> <span class='ocrx_word' id='word_1_85' title='bbox 546 1836 776 1904; x_wconf 78' lang='lat' dir='ltr'>Montcvarchi</span> <span class='ocrx_word' id='word_1_86' title='bbox 793 1839 871 1904; x_wconf 84' lang='lat' dir='ltr'>civis</span> <span class='ocrx_word' id='word_1_87' title='bbox 887 1837 1098 1906; x_wconf 85' lang='lat' dir='ltr'>Florentinus</span> <span class='ocrx_word' id='word_1_88' title='bbox 1118 1840 1182 1905; x_wconf 91' lang='lat' dir='ltr'>Im-</span> 
     </span>
     <span class='ocr_line' id='line_1_14' title="bbox 482 1944 1181 2032; baseline 0.003 -20"><span class='ocrx_word' id='word_1_89' title='bbox 482 1947 597 2032; x_wconf 87' lang='lat' dir='ltr'>periali</span> <span class='ocrx_word' id='word_1_90' title='bbox 623 1947 821 2012; x_wconf 87' lang='lat' dir='ltr'>auctoritate</span> <span class='ocrx_word' id='word_1_91' title='bbox 846 1944 957 2011; x_wconf 86' lang='lat' dir='ltr'>Judex</span> <span class='ocrx_word' id='word_1_92' title='bbox 984 1947 1181 2014; x_wconf 91' lang='lat' dir='ltr'>Ordinarius</span> 
     </span>
     <span class='ocr_line' id='line_1_15' title="bbox 482 2053 1182 2142; baseline 0 -22"><span class='ocrx_word' id='word_1_93' title='bbox 482 2061 516 2120; x_wconf 89' lang='lat' dir='ltr'>et</span> <span class='ocrx_word' id='word_1_94' title='bbox 542 2053 704 2120; x_wconf 89' lang='lat' dir='ltr'>Notarius</span> <span class='ocrx_word' id='word_1_95' title='bbox 730 2053 894 2136; x_wconf 84' lang='lat' dir='ltr'>Publicus,</span> <span class='ocrx_word' id='word_1_96' title='bbox 910 2055 1064 2138; x_wconf 83' lang='lat' dir='ltr'>predictis</span> <span class='ocrx_word' id='word_1_97' title='bbox 1081 2058 1182 2142; x_wconf 84' lang='lat' dir='ltr'>omni-</span> 
     </span>
     <span class='ocr_line' id='line_1_16' title="bbox 482 2161 1181 2247; baseline 0 -18"><span class='ocrx_word' id='word_1_98' title='bbox 482 2163 542 2229; x_wconf 92' lang='lat' dir='ltr'>bus</span> <span class='ocrx_word' id='word_1_99' title='bbox 567 2170 601 2229; x_wconf 87' lang='lat' dir='ltr'>ct</span> <span class='ocrx_word' id='word_1_100' title='bbox 625 2162 771 2247; x_wconf 82' lang='lat' dir='ltr'>singulis,</span> <span class='ocrx_word' id='word_1_101' title='bbox 788 2161 865 2228; x_wconf 90' lang='lat' dir='ltr'>dum</span> <span class='ocrx_word' id='word_1_102' title='bbox 881 2169 1065 2246; x_wconf 82' lang='lat' dir='ltr'>agerentur,</span> <span class='ocrx_word' id='word_1_103' title='bbox 1081 2164 1181 2230; x_wconf 83' lang='lat' dir='ltr'>inter·</span> 
     </span>
     <span class='ocr_line' id='line_1_17' title="bbox 110 2270 1268 2358; baseline 0 -20"><span class='ocrx_word' id='word_1_104' title='bbox 110 2273 270 2358; x_wconf 75' lang='lat' dir='ltr'>(chyubi</span> <span class='ocrx_word' id='word_1_105' title='bbox 284 2271 385 2358; x_wconf 85' lang='lat' dir='ltr'>jcgy.)</span> <span class='ocrx_word' id='word_1_106' title='bbox 477 2271 533 2355; x_wconf 89' lang='lat' dir='ltr'>fui,</span> <span class='ocrx_word' id='word_1_107' title='bbox 558 2292 661 2354; x_wconf 88' lang='lat' dir='ltr'>eaque</span> <span class='ocrx_word' id='word_1_108' title='bbox 687 2274 822 2354; x_wconf 81' lang='lat' dir='ltr'>rogatus</span> <span class='ocrx_word' id='word_1_109' title='bbox 848 2270 990 2334; x_wconf 90' lang='lat' dir='ltr'>scribere</span> <span class='ocrx_word' id='word_1_110' title='bbox 1019 2271 1134 2356; x_wconf 86' lang='lat' dir='ltr'>scripsi</span> <span class='ocrx_word' id='word_1_111' title='bbox 1150 2279 1182 2338; x_wconf 89' lang='lat' dir='ltr'>et</span> <span class='ocrx_word' id='word_1_112' title='bbox 1267 2299 1268 2302; x_wconf 43' lang='lat'>¹</span> 
     </span>
     <span class='ocr_line' id='line_1_18' title="bbox 481 2377 1180 2461; baseline 0.003 -18"><span class='ocrx_word' id='word_1_113' title='bbox 481 2377 678 2460; x_wconf 81' lang='lat' dir='ltr'>imbreviavi,</span> <span class='ocrx_word' id='word_1_114' title='bbox 695 2384 728 2442; x_wconf 89' lang='lat' dir='ltr'>et</span> <span class='ocrx_word' id='word_1_115' title='bbox 737 2377 930 2460; x_wconf 89' lang='lat' dir='ltr'>complcuda</span> <span class='ocrx_word' id='word_1_116' title='bbox 941 2384 973 2443; x_wconf 91' lang='lat' dir='ltr'>et</span> <span class='ocrx_word' id='word_1_117' title='bbox 982 2377 1180 2461; x_wconf 87' lang='lat' dir='ltr'>publicanda</span> 
     </span>
     <span class='ocr_line' id='line_1_19' title="bbox 481 2481 1181 2568; baseline 0.003 -17"><span class='ocrx_word' id='word_1_118' title='bbox 481 2485 632 2551; x_wconf 86' lang='lat' dir='ltr'>commixi</span> <span class='ocrx_word' id='word_1_119' title='bbox 655 2483 864 2568; x_wconf 87' lang='lat' dir='ltr'>infrascripto</span> <span class='ocrx_word' id='word_1_120' title='bbox 881 2503 932 2549; x_wconf 87' lang='lat' dir='ltr'>ser</span> <span class='ocrx_word' id='word_1_121' title='bbox 948 2481 1093 2551; x_wconf 89' lang='lat' dir='ltr'>Johanui</span> <span class='ocrx_word' id='word_1_122' title='bbox 1120 2487 1181 2553; x_wconf 89' lang='lat' dir='ltr'>Pe·</span> 
     </span>
     <span class='ocr_line' id='line_1_20' title="bbox 480 2591 1181 2664; baseline 0.009 -7"><span class='ocrx_word' id='word_1_123' title='bbox 480 2592 558 2657; x_wconf 91' lang='lat' dir='ltr'>trini</span> <span class='ocrx_word' id='word_1_124' title='bbox 568 2592 608 2657; x_wconf 89' lang='lat' dir='ltr'>de</span> <span class='ocrx_word' id='word_1_125' title='bbox 619 2591 808 2657; x_wconf 85' lang='lat' dir='ltr'>Montaione</span> <span class='ocrx_word' id='word_1_126' title='bbox 826 2591 887 2657; x_wconf 83' lang='lat' dir='ltr'>civi</span> <span class='ocrx_word' id='word_1_127' title='bbox 899 2591 1082 2661; x_wconf 86' lang='lat' dir='ltr'>etNotario</span> <span class='ocrx_word' id='word_1_128' title='bbox 1094 2595 1181 2664; x_wconf 89' lang='lat' dir='ltr'>Pub-</span> 
     </span>
     <span class='ocr_line' id='line_1_21' title="bbox 479 2698 1181 2790; baseline 0.01 -24"><span class='ocrx_word' id='word_1_129' title='bbox 479 2701 542 2766; x_wconf 92' lang='lat' dir='ltr'>lico</span> <span class='ocrx_word' id='word_1_130' title='bbox 558 2700 762 2782; x_wconf 81' lang='lat' dir='ltr'>Florentino,</span> <span class='ocrx_word' id='word_1_131' title='bbox 779 2706 811 2764; x_wconf 87' lang='lat' dir='ltr'>ct</span> <span class='ocrx_word' id='word_1_132' title='bbox 827 2698 901 2766; x_wconf 88' lang='lat' dir='ltr'>ideo</span> <span class='ocrx_word' id='word_1_133' title='bbox 918 2720 969 2764; x_wconf 88' lang='lat' dir='ltr'>me</span> <span class='ocrx_word' id='word_1_134' title='bbox 994 2704 1181 2790; x_wconf 87' lang='lat' dir='ltr'>subscripsi,</span> 
     </span>
     <span class='ocr_line' id='line_1_22' title="bbox 482 2812 1181 2895; baseline 0.009 -19"><span class='ocrx_word' id='word_1_135' title='bbox 482 2818 514 2876; x_wconf 90' lang='lat' dir='ltr'>et</span> <span class='ocrx_word' id='word_1_136' title='bbox 538 2812 666 2895; x_wconf 88' lang='lat' dir='ltr'>siguum</span> <span class='ocrx_word' id='word_1_137' title='bbox 692 2831 797 2875; x_wconf 90' lang='lat' dir='ltr'>meum</span> <span class='ocrx_word' id='word_1_138' title='bbox 824 2813 961 2895; x_wconf 90' lang='lat' dir='ltr'>apposui</span> <span class='ocrx_word' id='word_1_139' title='bbox 984 2821 1181 2882; x_wconf 87' lang='lat' dir='ltr'>consuetum.</span> 
     </span>
     <span class='ocr_line' id='line_1_23' title="bbox 587 2917 1181 3004; baseline 0.01 -19"><span class='ocrx_word' id='word_1_140' title='bbox 587 2921 660 3004; x_wconf 84' lang='lat' dir='ltr'>Ego</span> <span class='ocrx_word' id='word_1_141' title='bbox 676 2917 700 2984; x_wconf 86' lang='lat' dir='ltr'>J</span> <span class='ocrx_word' id='word_1_142' title='bbox 702 2919 847 2985; x_wconf 87' lang='lat' dir='ltr'>ohannes</span> <span class='ocrx_word' id='word_1_143' title='bbox 864 2919 951 2987; x_wconf 88' lang='lat' dir='ltr'>filius</span> <span class='ocrx_word' id='word_1_144' title='bbox 961 2922 1040 2987; x_wconf 91' lang='lat' dir='ltr'>olim</span> <span class='ocrx_word' id='word_1_145' title='bbox 1052 2925 1181 2990; x_wconf 90' lang='lat' dir='ltr'>Petriui</span> 
     </span>
     <span class='ocr_line' id='line_1_24' title="bbox 483 3026 1181 3116; baseline 0.006 -22"><span class='ocrx_word' id='word_1_146' title='bbox 483 3028 524 3094; x_wconf 88' lang='lat' dir='ltr'>dc</span> <span class='ocrx_word' id='word_1_147' title='bbox 550 3027 742 3094; x_wconf 87' lang='lat' dir='ltr'>Montaione</span> <span class='ocrx_word' id='word_1_148' title='bbox 771 3026 955 3094; x_wconf 76' lang='lat' dir='ltr'>Comitatus</span> <span class='ocrx_word' id='word_1_149' title='bbox 987 3028 1181 3116; x_wconf 84' lang='lat' dir='ltr'>Florentini,</span> 
     </span>
     <span class='ocr_line' id='line_1_25' title="bbox 479 3132 1180 3225; baseline 0.007 -24"><span class='ocrx_word' id='word_1_150' title='bbox 479 3136 559 3202; x_wconf 84' lang='lat' dir='ltr'>ciris</span> <span class='ocrx_word' id='word_1_151' title='bbox 585 3141 618 3200; x_wconf 90' lang='lat' dir='ltr'>et</span> <span class='ocrx_word' id='word_1_152' title='bbox 643 3132 802 3201; x_wconf 89' lang='lat' dir='ltr'>Notarius</span> <span class='ocrx_word' id='word_1_153' title='bbox 828 3135 1046 3220; x_wconf 84' lang='lat' dir='ltr'>Florentinus,</span> <span class='ocrx_word' id='word_1_154' title='bbox 1073 3139 1180 3225; x_wconf 87' lang='lat' dir='ltr'>Impe-</span> 
     </span>
     <span class='ocr_line' id='line_1_26' title="bbox 479 3243 1180 3315; baseline 0.006 -6"><span class='ocrx_word' id='word_1_155' title='bbox 479 3244 554 3310; x_wconf 91' lang='lat' dir='ltr'>riali</span> <span class='ocrx_word' id='word_1_156' title='bbox 572 3245 771 3310; x_wconf 78' lang='lat' dir='ltr'>auctoritaie</span> <span class='ocrx_word' id='word_1_157' title='bbox 787 3243 897 3310; x_wconf 86' lang='lat' dir='ltr'>Judex</span> <span class='ocrx_word' id='word_1_158' title='bbox 923 3243 1116 3313; x_wconf 86' lang='lat' dir='ltr'>Ordinarius</span> <span class='ocrx_word' id='word_1_159' title='bbox 1133 3255 1180 3315; x_wconf 89' lang='lat' dir='ltr'>at·</span> 
     </span>
     <span class='ocr_line' id='line_1_27' title="bbox 481 3351 1180 3438; baseline 0.013 -22"><span class='ocrx_word' id='word_1_160' title='bbox 481 3374 543 3435; x_wconf 88' lang='lat' dir='ltr'>quc</span> <span class='ocrx_word' id='word_1_161' title='bbox 559 3351 718 3419; x_wconf 81' lang='lat' dir='ltr'>Notarius</span> <span class='ocrx_word' id='word_1_162' title='bbox 735 3352 890 3417; x_wconf 90' lang='lat' dir='ltr'>Publicus</span> <span class='ocrx_word' id='word_1_163' title='bbox 906 3354 1056 3438; x_wconf 89' lang='lat' dir='ltr'>predicta</span> <span class='ocrx_word' id='word_1_164' title='bbox 1070 3361 1180 3426; x_wconf 87' lang='lat' dir='ltr'>omnia</span> 
     </span>
     <span class='ocr_line' id='line_1_28' title="bbox 102 3458 1177 3548; baseline 0.003 -19"><span class='ocrx_word' id='word_1_165' title='bbox 102 3462 149 3548; x_wconf 85' lang='lat' dir='ltr'>(J</span> <span class='ocrx_word' id='word_1_166' title='bbox 153 3461 266 3544; x_wconf 78' lang='lat' dir='ltr'>egyziii</span> <span class='ocrx_word' id='word_1_167' title='bbox 279 3458 381 3544; x_wconf 85' lang='lat' dir='ltr'>jcgy.)</span> <span class='ocrx_word' id='word_1_168' title='bbox 474 3465 507 3524; x_wconf 90' lang='lat' dir='ltr'>et</span> <span class='ocrx_word' id='word_1_169' title='bbox 524 3459 652 3543; x_wconf 86' lang='lat' dir='ltr'>singula</span> <span class='ocrx_word' id='word_1_170' title='bbox 668 3481 707 3524; x_wconf 90' lang='lat' dir='ltr'>ex</span> <span class='ocrx_word' id='word_1_171' title='bbox 723 3461 949 3545; x_wconf 86' lang='lat' dir='ltr'>rogationibus</span> <span class='ocrx_word' id='word_1_172' title='bbox 966 3469 998 3528; x_wconf 89' lang='lat' dir='ltr'>et</span> <span class='ocrx_word' id='word_1_173' title='bbox 1014 3464 1100 3531; x_wconf 91' lang='lat' dir='ltr'>libro</span> <span class='ocrx_word' id='word_1_174' title='bbox 1122 3468 1177 3532; x_wconf 88' lang='lat' dir='ltr'>im·</span> 
     </span>
     <span class='ocr_line' id='line_1_29' title="bbox 477 3568 1177 3654; baseline 0.013 -21"><span class='ocrx_word' id='word_1_175' title='bbox 477 3568 738 3634; x_wconf 87' lang='lat' dir='ltr'>breviaturarum</span> <span class='ocrx_word' id='word_1_176' title='bbox 755 3570 970 3654; x_wconf 88' lang='lat' dir='ltr'>suprascripti</span> <span class='ocrx_word' id='word_1_177' title='bbox 987 3593 1040 3638; x_wconf 90' lang='lat' dir='ltr'>ser</span> <span class='ocrx_word' id='word_1_178' title='bbox 1055 3571 1089 3639; x_wconf 91' lang='lat' dir='ltr'>N</span> <span class='ocrx_word' id='word_1_179' title='bbox 1091 3574 1177 3642; x_wconf 92' lang='lat' dir='ltr'>icho-</span> 
     </span>
     <span class='ocr_line' id='line_1_30' title="bbox 476 3678 1176 3766; baseline 0.009 -22"><span class='ocrx_word' id='word_1_180' title='bbox 476 3678 551 3744; x_wconf 87' lang='lat' dir='ltr'>letti</span> <span class='ocrx_word' id='word_1_181' title='bbox 578 3678 674 3745; x_wconf 81' lang='lat' dir='ltr'>Pauli</span> <span class='ocrx_word' id='word_1_182' title='bbox 700 3679 845 3763; x_wconf 88' lang='lat' dir='ltr'>Notarij,</span> <span class='ocrx_word' id='word_1_183' title='bbox 871 3691 903 3745; x_wconf 90' lang='lat' dir='ltr'>ct</span> <span class='ocrx_word' id='word_1_184' title='bbox 927 3703 987 3765; x_wconf 89' lang='lat' dir='ltr'>per</span> <span class='ocrx_word' id='word_1_185' title='bbox 1004 3683 1111 3766; x_wconf 90' lang='lat' dir='ltr'>ipsum</span> <span class='ocrx_word' id='word_1_186' title='bbox 1126 3707 1176 3750; x_wconf 92' lang='lat' dir='ltr'>ro·</span> 
     </span>
     <span class='ocr_line' id='line_1_31' title="bbox 477 3789 1178 3872; baseline 0.013 -21"><span class='ocrx_word' id='word_1_187' title='bbox 477 3793 555 3870; x_wconf 79' lang='lat' dir='ltr'>gata</span> <span class='ocrx_word' id='word_1_188' title='bbox 583 3794 615 3852; x_wconf 91' lang='lat' dir='ltr'>et</span> <span class='ocrx_word' id='word_1_189' title='bbox 640 3789 771 3872; x_wconf 90' lang='lat' dir='ltr'>scripta,</span> <span class='ocrx_word' id='word_1_190' title='bbox 802 3789 914 3872; x_wconf 84' lang='lat' dir='ltr'>rigore</span> <span class='ocrx_word' id='word_1_191' title='bbox 946 3793 1178 3861; x_wconf 87' lang='lat' dir='ltr'>commissionis</span> 
     </span>
     <span class='ocr_line' id='line_1_32' title="bbox 477 3895 1175 3983; baseline 0.011 -25"><span class='ocrx_word' id='word_1_192' title='bbox 477 3897 695 3980; x_wconf 87' lang='lat' dir='ltr'>suprascripte</span> <span class='ocrx_word' id='word_1_193' title='bbox 713 3896 811 3962; x_wconf 89' lang='lat' dir='ltr'>michi</span> <span class='ocrx_word' id='word_1_194' title='bbox 828 3895 870 3962; x_wconf 87' lang='lat' dir='ltr'>ab</span> <span class='ocrx_word' id='word_1_195' title='bbox 888 3919 934 3980; x_wconf 88' lang='lat' dir='ltr'>co,</span> <span class='ocrx_word' id='word_1_196' title='bbox 951 3904 1103 3983; x_wconf 90' lang='lat' dir='ltr'>utsupra</span> <span class='ocrx_word' id='word_1_197' title='bbox 1119 3921 1175 3983; x_wconf 89' lang='lat' dir='ltr'>pa·</span> 
     </span>
     <span class='ocr_line' id='line_1_33' title="bbox 480 4005 1176 4090; baseline 0.01 -22"><span class='ocrx_word' id='word_1_198' title='bbox 480 4011 537 4084; x_wconf 85' lang='lat' dir='ltr'>tet,</span> <span class='ocrx_word' id='word_1_199' title='bbox 563 4005 657 4085; x_wconf 87' lang='lat' dir='ltr'>secte,</span> <span class='ocrx_word' id='word_1_200' title='bbox 674 4005 815 4071; x_wconf 85' lang='lat' dir='ltr'>fideliter</span> <span class='ocrx_word' id='word_1_201' title='bbox 840 4007 971 4090; x_wconf 87' lang='lat' dir='ltr'>sumpsi,</span> <span class='ocrx_word' id='word_1_202' title='bbox 992 4013 1025 4074; x_wconf 89' lang='lat' dir='ltr'>et</span> <span class='ocrx_word' id='word_1_203' title='bbox 1041 4008 1074 4072; x_wconf 93' lang='lat' dir='ltr'>in</span> <span class='ocrx_word' id='word_1_204' title='bbox 1090 4009 1176 4076; x_wconf 87' lang='lat' dir='ltr'>hanc</span> 
     </span>
     <span class='ocr_line' id='line_1_34' title="bbox 475 4113 1175 4202; baseline 0.006 -24"><span class='ocrx_word' id='word_1_205' title='bbox 475 4113 640 4197; x_wconf 90' lang='lat' dir='ltr'>publicam</span> <span class='ocrx_word' id='word_1_206' title='bbox 670 4114 809 4179; x_wconf 89' lang='lat' dir='ltr'>formam</span> <span class='ocrx_word' id='word_1_207' title='bbox 844 4115 954 4198; x_wconf 84' lang='lat' dir='ltr'>redegi</span> <span class='ocrx_word' id='word_1_208' title='bbox 986 4122 1019 4181; x_wconf 88' lang='lat' dir='ltr'>ct</span> <span class='ocrx_word' id='word_1_209' title='bbox 1051 4119 1175 4202; x_wconf 88' lang='lat' dir='ltr'>scripsi,</span> 
     </span>
     <span class='ocr_line' id='line_1_35' title="bbox 472 4220 1175 4308; baseline 0.01 -22"><span class='ocrx_word' id='word_1_210' title='bbox 472 4220 611 4303; x_wconf 88' lang='lat' dir='ltr'>ideoque</span> <span class='ocrx_word' id='word_1_211' title='bbox 622 4243 673 4288; x_wconf 90' lang='lat' dir='ltr'>me</span> <span class='ocrx_word' id='word_1_212' title='bbox 683 4221 868 4308; x_wconf 90' lang='lat' dir='ltr'>subscripsi,</span> <span class='ocrx_word' id='word_1_213' title='bbox 880 4231 912 4290; x_wconf 87' lang='lat' dir='ltr'>et</span> <span class='ocrx_word' id='word_1_214' title='bbox 927 4225 1055 4308; x_wconf 83' lang='lat' dir='ltr'>signum</span> <span class='ocrx_word' id='word_1_215' title='bbox 1068 4247 1175 4292; x_wconf 88' lang='lat' dir='ltr'>meum</span> 
     </span>
     <span class='ocr_line' id='line_1_36' title="bbox 474 4327 689 4414; baseline 0.005 -21"><span class='ocrx_word' id='word_1_216' title='bbox 474 4327 527 4396; x_wconf 93' lang='lat' dir='ltr'>hic</span> <span class='ocrx_word' id='word_1_217' title='bbox 543 4330 689 4414; x_wconf 88' lang='lat' dir='ltr'>apposui.</span> 
     </span>
    </p>
   </div>
   <div class='ocr_carea' id='block_1_4' title="bbox 15 4475 1170 4640">
    <p class='ocr_par' dir='ltr' id='par_1_4' title="bbox 15 4475 1170 4640">
     <span class='ocr_line' id='line_1_37' title="bbox 15 4475 1170 4552; baseline 0 -16"><span class='ocrx_word' id='word_1_218' title='bbox 15 4478 181 4552; x_wconf 84' lang='lat' dir='ltr'>(Eredetie</span> <span class='ocrx_word' id='word_1_219' title='bbox 208 4475 380 4540; x_wconf 75' lang='lat' dir='ltr'>borhsrcysn</span> <span class='ocrx_word' id='word_1_220' title='bbox 404 4492 437 4527; x_wconf 86' lang='lat' dir='ltr'>az</span> <span class='ocrx_word' id='word_1_221' title='bbox 462 4479 540 4528; x_wconf 78' lang='lat' dir='ltr'>»Atti</span> <span class='ocrx_word' id='word_1_222' title='bbox 571 4479 681 4528; x_wconf 90' lang='lat' dir='ltr'>Publici</span> <span class='ocrx_word' id='word_1_223' title='bbox 713 4479 742 4529; x_wconf 89' lang='lat' dir='ltr'>‹li</span> <span class='ocrx_word' id='word_1_224' title='bbox 772 4479 891 4543; x_wconf 70' lang='lat' dir='ltr'>napoli«</span> <span class='ocrx_word' id='word_1_225' title='bbox 918 4479 995 4529; x_wconf 90' lang='lat' dir='ltr'>VIII.</span> <span class='ocrx_word' id='word_1_226' title='bbox 1021 4480 1170 4536; x_wconf 70' lang='lat' dir='ltr'>kbtattbeu</span> 
     </span>
     <span class='ocr_line' id='line_1_38' title="bbox 305 4567 920 4640; baseline 0.005 -22"><span class='ocrx_word' id='word_1_227' title='bbox 305 4571 347 4620; x_wconf 78' lang='grc'>46.</span> <span class='ocrx_word' id='word_1_228' title='bbox 361 4583 398 4619; x_wconf 86' lang='lat' dir='ltr'>sz.</span> <span class='ocrx_word' id='word_1_229' title='bbox 413 4584 448 4637; x_wconf 79' lang='lat' dir='ltr'>a,</span> <span class='ocrx_word' id='word_1_230' title='bbox 462 4585 479 4620; x_wconf 90' lang='lat' dir='ltr'>a</span> <span class='ocrx_word' id='word_1_231' title='bbox 492 4571 624 4622; x_wconf 87' lang='lat' dir='ltr'>florenczi</span> <span class='ocrx_word' id='word_1_232' title='bbox 637 4587 711 4637; x_wconf 69' lang='grc' dir='ltr'>ηας]</span> <span class='ocrx_word' id='word_1_233' title='bbox 724 4567 920 4640; x_wconf 72' lang='lat' dir='ltr'>levaturum.)</span> 
     </span>
    </p>
   </div>
   <div class='ocr_carea' id='block_1_5' title="bbox 529 4733 687 4746">
    <p class='ocr_par' dir='ltr' id='par_1_5' title="bbox 529 4733 687 4746">
     <span class='ocr_line' id='line_1_39' title="bbox 529 4733 687 4746; baseline -0.013 -1"><span class='ocrx_word' id='word_1_234' title='bbox 529 4733 687 4746; x_wconf 62' lang='lat' dir='ltr'>-vO-</span> 
     </span>
    </p>
   </div>
   <div class='ocr_carea' id='block_1_6' title="bbox 0 0 1612 5250">
    <p class='ocr_par' dir='ltr' id='par_1_6' title="bbox 0 0 1612 5250">
     <span class='ocr_line' id='line_1_40' title="bbox 0 0 1612 5250; baseline 0 2"><span class='ocrx_word' id='word_1_235' title='bbox 0 0 1612 5250; x_wconf 95' lang='lat' dir='ltr'> </span> 
     </span>
    </p>
   </div>
  </div>
 </body>
</html>
