3182 5252
425 357 488 420 526
779 372 1013 418 nrsnouncnmr
1031 355 1199 416 suchans.

422 533 500 597 dulo
515 532 738 597 Ambaxatori
755 537 876 612 nostro,
893 529 981 614 quod
1007 532 1188 614 recepimus
1214 529 1329 596 literas
1356 557 1431 602 suas
1457 537 1529 601 datas

421 640 514 704 Bude
530 640 582 703 die
598 645 711 704 octavo
728 640 848 702 mensis
874 635 1085 720 Septembris,
1112 645 1145 703 et
1169 637 1327 722 replicata
1346 640 1469 707 Vieune
1489 643 1527 707 die

422 745 647 812 XVIlI.dicti
658 746 892 828 mensis,super
902 745 988 811 facto
998 744 1254 829 hgeficndecum
1264 745 1420 832 Reginali
1431 745 1529 814 Maies-

421 861 490 919 tate
507 854 679 937 Hungaria
696 859 763 918 etc..
781 851 908 936 Quibus
924 853 1110 937 plenissime
1137 853 1320 936 intellectis,
1344 855 1528 940 diligentiam

421 984 511 1028 suam
529 960 800 1038 commendantes,
822 960 1037 1043 rescribimus,
1058 959 1145 1042 quod
1161 960 1300 1027 intentio
1313 969 1428 1029 nostra
1454 969 1531 1027 estet

421 1073 467 1134 sic
483 1070 631 1136 volumus
649 1075 681 1133 et
697 1067 898 1150 mandamus,
915 1067 1003 1152 quod
1030 1069 1099 1151 ipse
1124 1077 1235 1133 noster
1262 1067 1466 1136 Amhaxator
1486 1069 1526 1132 da

420 1179 498 1244 beat
513 1197 572 1260 per
587 1175 702 1241 literas
718 1196 801 1256 suaa,
819 1195 901 1258 quas
917 1177 1028 1240 mittat
1043 1174 1086 1240 ad
1103 1197 1218 1240 manus
1229 1176 1400 1243 Francisci
1417 1178 1528 1244 cher·

421 1284 525 1350 nardo
543 1283 720 1349 secundum
741 1282 890 1347 ordinem
907 1280 1030 1362 datum,
1052 1281 1250 1365 respondere
1275 1283 1407 1350 domino
1433 1281 1531 1350 Ocniti

419 1391 574 1457 Palatino
590 1391 622 1454 in
638 1389 701 1454 hac
716 1387 821 1456 forma
845 1387 1015 1454 videlicet:
1034 1387 1129 1473 Quod
1155 1391 1224 1474 ipse
1251 1387 1454 1458 Ambaxator
1474 1412 1531 1456 nos·

420 1507 469 1564 ter
487 1497 600 1564 habuit
617 1496 855 1581 responsionem
873 1519 893 1560 a
919 1502 1030 1561 nostro
1067 1495 1230 1579 Dominio,
1247 1497 1333 1579 quod
1361 1497 1474 1566 debeat
1494 1519 1531 1564 rc·

419 1607 556 1691 gratiari
567 1607 629 1691 ipsi
639 1607 769 1670 domino
780 1603 900 1670 Comiti
918 1603 957 1668 de
973 1605 1133 1670 laudabili
1150 1612 1183 1670 et
1199 1607 1324 1672 sincera
1339 1607 1532 1692 dispositione

418 1736 476 1780 sua
492 1737 570 1798 erga
588 1715 740 1780 honorem
758 1720 788 1777 et
807 1719 930 1778 statum
947 1713 1052 1777 nostri
1063 1712 1218 1792 Dominii,
1243 1714 1410 1798 tangendo
1436 1715 1530 1790 etiam,

419 1821 559 1906 qualiter
575 1820 766 1885 Dominatio
782 1818 908 1884 Nostra
925 1841 1051 1903 semper
1067 1817 1138 1900 fuit,
1154 1824 1204 1884 cst
1221 1827 1254 1884 et
1271 1821 1334 1884 erit
1350 1821 1530 1905 optimedis·

419 1929 528 2013 posita
558 1927 601 1992 ad
626 1949 755 1993 omnem
781 1927 945 2005 honorem,
971 1933 1179 2009 augmentum
1206 1935 1240 1992 et
1265 1930 1529 1994 conservationem

420 2036 589 2120 Reginalis
607 2035 796 2100 Maiestatis
813 2033 986 2116 Hungarie
1002 2054 1075 2098 cum
1091 2036 1177 2099 omni
1205 2036 1397 2100 sinceritate
1415 2045 1447 2101 et
1462 2038 1530 2102 bono

418 2142 524 2208 corde.
542 2141 737 2206 Adiectum
755 2162 830 2206 vero
846 2141 920 2224 lige,
937 2141 1024 2224 quod
1042 2141 1233 2208 Dominatio
1250 2144 1389 2224 Nostra,
1406 2145 1532 2209 sicutest

417 2252 581 2316 notarium
597 2251 659 2314 toti
676 2247 804 2330 mundo,
819 2253 869 2312 est
884 2248 916 2310 in
929 2247 1016 2312 bona
1031 2253 1064 2311 et
1080 2253 1237 2331 perpetua
1253 2269 1332 2332 pace
1349 2272 1422 2314 cum
1450 2250 1532 2333 Regi·

419 2359 484 2422 nali
501 2357 678 2422 Maiestate
695 2354 873 2437 Hungarie,
891 2365 924 2417 et
941 2357 1038 2420 etiam
1049 2376 1123 2419 cum
1139 2355 1228 2437 aliis;
1253 2378 1351 2438 quam
1367 2380 1477 2441 pacem
1493 2380 1532 2421 su-

419 2488 489 2530 mus
506 2465 655 2548 dispositi
679 2461 909 2528 inviolabiliter
935 2462 1115 2542 observare,
1141 2468 1173 2527 et
1199 2465 1304 2529 vivere
1320 2465 1354 2529 in
1379 2488 1459 2549 pace
1473 2485 1531 2530 cum

418 2571 567 2639 omnihus
583 2577 693 2637 nostro
711 2591 815 2653 posse,
832 2571 907 2652 quia
932 2571 979 2635 sic
994 2590 1123 2653 semper
1146 2569 1208 2635 fuit
1234 2569 1273 2636 de
1298 2593 1389 2637 more
1415 2581 1531 2650 nostro;

417 2678 575 2762 rogando,
591 2676 677 2761 quod
693 2676 823 2761 placeat
839 2677 881 2741 ad
898 2677 1019 2742 factum
1037 2678 1123 2742 dicte
1139 2679 1204 2762 lige
1221 2701 1279 2744 nos
1296 2677 1415 2747 habere
1431 2683 1530 2747 merito

418 2793 597 2851 excusatos.
614 2787 661 2852 ut
676 2786 772 2850 missa
791 2784 879 2849 dicta
903 2784 1002 2849 litera
1027 2807 1085 2867 per
1111 2784 1371 2852 Ambaxatorem
1398 2797 1527 2854 nostrum

419 2895 548 2959 domino
559 2890 679 2957 (inmiti
695 2893 850 2959 Palatino
860 2914 933 2957 cum
949 2893 1063 2958 ordine
1079 2891 1234 2976 predicto,
1252 2892 1459 2961 Ambaxator
1470 2915 1528 2959 noa

417 3007 468 3064 ter
484 2999 642 3066 Venetiae
658 3007 854 3065 revertatur.

472 3126 507 3184 (A
523 3127 630 3175 »misti«
646 3128 735 3175 czimtl
747 3125 884 3174 velenczei
897 3125 1125 3190 aillamkbnyvbdl
1137 3127 1298 3178 XXXVIII.
1313 3129 1371 3178 hot.
1389 3134 1446 3179 143.
1458 3129 1484 3188 l.)
1580 3188 1583 3200 Ι

902 3286 1060 3295 -----

943 3416 1016 3476 985.

417 3576 559 3641 Pccrtko
576 3575 596 3639 I
598 3574 626 3638 I.
644 3574 664 3638 I
665 3577 759 3640 aleria
776 3574 861 3636 scarb
878 3575 910 3637 a's
920 3573 1065 3638 mezerici
1076 3574 1255 3661 circipanis
1266 3599 1287 3639 a
1299 3577 1451 3641 veleoczei
1465 3576 1527 3640 tos

413 3690 513 3772 canday
530 3684 724 3770 arepeapcdi,
749 3685 829 3768 hopp
859 3681 1067 3746 Velenczdbcn
1084 3682 1135 3746 lcc't
1148 3683 1262 3768 palpas
1279 3685 1529 3769 falasar-ellassam

933 3791 1028 3853 1383.

522 3949 621 4015 Anno
638 3944 977 4013 MOCOLXXXlIl.
997 3948 1174 4012 indictione
1191 3947 1252 4014 VI.
1272 3951 1324 4015 die
1342 3953 1456 4034 quinto
1479 3946 1530 4012 Or·

411 4059 527 4125 tubris.
566 4055 730 4138 Capta:
759 4054 854 4138 Quod
886 4057 1127 4138 complaceatm·
1159 4055 1373 4125 serenissimo
1408 4057 1526 4124 domino

413 4168 499 4250 Regi
516 4166 619 4230 Raxio
638 4162 819 4227 honorabili
837 4164 897 4226 civi
912 4170 1034 4242 nostro,
1054 4164 1112 4229 hoc
1128 4164 1222 4229 valde
1248 4167 1466 4232 amicabiliter
1488 4184 1526 4228 re

295 4317 298 4324 ·
414 4273 563 4358 quirenti,
582 4271 669 4356 quod
686 4271 789 4352 possit
805 4269 912 4334 facere
928 4269 1084 4335 fabricari
1102 4270 1183 4338 duas
1210 4274 1325 4356 galeas
1341 4275 1373 4337 in
1396 4271 1528 4340 Venetiis

413 4382 455 4447 ad
472 4403 547 4448 suas
567 4400 735 4462 expensas.

1582 4441 1584 4470 l

470 4509 505 4570 (a
522 4506 629 4556 »msam
645 4507 736 4555 ezimc
750 4506 888 4555 vennone
903 4505 1130 4570 allamkonyvbol
1145 4505 1305 4556 xxxvur.
1320 4507 1378 4557 sot.
1396 4513 1450 4559 ns.
1462 4507 1489 4567 1.)

896 4631 973 4639 ..——
977 4633 1054 4639 ..-.-.-.-
