3226 5254
622 403 717 464 1380.
838 451 846 460 ..
1168 402 1232 462 389

108 577 330 659 stipulantibus
356 581 389 640 et
413 576 645 660 recipientibus
671 598 731 660 pro
757 576 844 640 dicto
872 574 1043 642 Communi
1060 576 1233 642 Florencie

1 748 2 774 3
107 689 136 747 et
150 684 246 768 ipsius
262 681 454 750 Communis
464 683 636 767 colligatis
654 690 685 750 et
701 685 803 769 ipsius
814 681 1004 750 Communis
1021 690 1055 748 et
1070 683 1240 774 dictorum¹

1 792 2 846 ἕ
107 791 335 876 colligatorum,
346 798 379 857 at
388 791 559 858 cuiuslibet
569 814 679 858 eorum
690 793 756 857 vice
767 799 800 858 et
810 793 947 872 nornine,
964 799 997 858 et
1007 794 1075 859 vice
1086 794 1230 860 etnomi·

1 887 2 982 J
105 919 142 963 ne
151 901 293 964 omnium
303 906 337 964 et
348 899 548 982 singulorum
559 900 706 984 aliorum,
719 902 999 982 quoruminterest
1009 900 1059 966 vel
1075 901 1231 967 interesse

103 1013 214 1090 posset,
240 1009 328 1090 quod
354 1006 494 1091 predicti
520 1006 729 1093 CapitaneuS,
757 1005 970 1090 seneschalli,
997 1007 1176 1093 Caporalos
1196 1015 1231 1074 et

102 1113 325 1196 Conductores,
340 1122 374 1180 et
384 1121 497 1198 gentes
514 1138 586 1181 cum
602 1117 683 1199 ipsis
699 1117 884 1198 existentes,
902 1138 968 1182 non
986 1115 1153 1183 offendent
1169 1121 1230 1182 aut

1 1227 2 1317 ,
102 1223 315 1290 molestabunt
330 1223 397 1288 ullo
412 1222 519 1305 modo,
535 1232 569 1288 et
585 1245 638 1288 seu
664 1224 773 1308 aliquo
789 1231 946 1307 tempore,
964 1245 1028 1308 quo
1046 1223 1178 1289 stabunt
1194 1224 1230 1288 in

1 1337 2 1417 ᾗ
101 1333 244 1414 partibus
261 1334 375 1400 Ytslie
393 1354 451 1416 pro
467 1333 532 1399 isto
548 1334 675 1414 viatico,
685 1334 836 1399 videlicet
853 1341 1028 1418 antequam
1044 1333 1078 1398 in
1093 1332 1228 1417 ngha·

1 1421 2 1434 ¹
99 1441 177 1506 riam
194 1447 412 1524 reuertamur,
439 1440 619 1509 Commune
647 1443 827 1523 Florencie,
854 1450 913 1508 aut
934 1442 1126 1510 Communia
1141 1442 1228 1508 Bon·

1 1561 2 1636 l
100 1553 198 1632 nonie,
215 1550 355 1631 Perusii,
372 1550 535 1632 Pisarum,
553 1549 713 1617 Senarum
730 1558 763 1616 et
778 1551 959 1632 Lucanum,
969 1552 1037 1618 eius
1047 1551 1227 1636 colligatos,

1 1645 2 1648 ¹
98 1664 129 1721 et
147 1679 201 1723 seu
219 1658 298 1724 dicti
315 1656 505 1724 Communis
520 1657 703 1740 Floreucie,
719 1665 752 1723 et
767 1659 1005 1743 colligatorum,
1021 1659 1071 1724 uel
1087 1660 1226 1726 alicuius

98 1785 205 1828 eorum
232 1767 331 1848 ciues,
347 1766 502 1848 subditos,
519 1766 686 1846 vassallos,
703 1767 900 1848 censuarios,
917 1764 1088 1851 Ciuitates,
1112 1775 1226 1850 terras,

99 1874 271 1955 territoria,
288 1872 475 1939 Comitatus
490 1880 524 1938 et
540 1871 717 1955 districtus,
734 1881 768 1940 st
783 1873 945 1956 ciuitates,
968 1880 1077 1940 terras
1094 1881 1128 1939 st
1143 1875 1225 1960 loca,

98 2003 159 2064 que
176 2004 236 2066 per
253 1982 374 2048 dictum
400 1979 578 2048 Commune
605 1987 639 2048 et
664 1981 837 2064 colligatos
856 1981 906 2046 vel
922 1983 1063 2066 aliquem
1079 1982 1224 2066 ipsorum

95 2092 136 2156 ad
152 2113 286 2175 presens
302 2097 466 2174 tenentur,
491 2092 541 2156 rel
557 2093 591 2156 in
610 2090 728 2175 quibus
754 2090 876 2157 habeut
897 2092 959 2175 ipsi
975 2091 1025 2157 vel
1041 2091 1160 2176 aliquis
1176 2093 1224 2176 ip·

95 2219 201 2264 sorum
218 2200 513 2283 prohemineuciem
530 2199 580 2265 rel
598 2199 858 2282 custodiam,nec
873 2200 907 2264 in
925 2199 1020 2265 dictis
1037 2195 1223 2267 Communi-

93 2305 225 2391 tatibus,
249 2309 426 2374 territoriis
450 2309 501 2374 vel
527 2307 731 2374 districtibus
756 2308 884 2374 venient
900 2307 951 2373 vel
968 2303 1138 2374 intrabunt
1154 2309 1223 2373 sine

93 2414 294 2499 beneplacito
320 2422 354 2481 et
378 2414 543 2482 voluntate
569 2416 773 2482 dominorum
800 2415 954 2482 Priorum
979 2424 1012 2482 ct
1036 2413 1222 2484 Vexilliferi

91 2524 115 2588 J
117 2522 232 2589 usticie
268 2523 387 2608 Populi
412 2531 446 2590 et
471 2522 661 2589 Communis
692 2523 864 2589 Florencie
901 2521 1010 2606 quoad
1045 2521 1222 2590 Commune

1 2623 2 2674 l
69 2629 265 2697 'Florencie
292 2637 327 2696 et
352 2632 420 2697 eius
446 2638 553 2697 terras
569 2638 602 2698 et
618 2632 797 2712 territoria,
818 2630 921 2697 firmis
936 2639 1046 2696 tamen
1063 2633 1221 2696 manenti-

88 2738 145 2804 bus
161 2741 268 2822 pactis
293 2761 352 2823 pro
379 2739 473 2806 dictis
497 2739 663 2824 Ungharis
690 2738 786 2806 factis
802 2760 861 2824 per
878 2737 1100 2824 supradictum
1117 2739 1218 2804 domi·

0 2839 1 2842 '
86 2869 162 2912 num
172 2847 483 2915 Johannsmecrum
503 2846 800 2932 Capitaneumcum
820 2848 1017 2942 supradictis
1034 2844 1214 2914 Ambaxia·

88 2955 215 3021 toribus
232 2961 266 3020 et
282 2955 424 3023 Sindicis
440 2957 624 3023 nominibus
641 2955 758 3040 quibus
773 2978 882 3040 supra,
898 2956 1064 3040 dequibus
1091 2963 1220 3022 constat

1 3063 3 3145 ῗ
85 3064 284 3148 publicsper
298 3065 547 3131 instrumentum
565 3066 640 3131 inde
659 3085 777 3148 perine
797 3065 968 3132 Ristorum
978 3061 1153 3129 Notarium
1169 3065 1216 3128 in·

1 3149 3 3198 l
84 3170 294 3255 trascriptum
303 3173 375 3238 heri
384 3180 541 3258 rogatum.
553 3173 599 3239 Et
613 3173 657 3240 ad
673 3174 974 3240 corroboracionem
992 3171 1214 3257 predictorum

1 3264 2 3326 l
87 3287 119 3345 et
135 3281 291 3346 maiorem
308 3281 468 3348 cautelam
494 3281 675 3366 supradicti
700 3282 849 3348 dominus
875 3280 1077 3366 Capitaneus
1103 3286 1136 3345 et
1162 3276 1216 3346 Se·

1 3431 2 3435 =
85 3389 243 3458 neschalli
259 3411 393 3473 presens
408 3392 656 3457 instrumentum
674 3381 811 3474 sigillari
829 3390 974 3457 fecerunt
989 3391 1050 3474 ipsi
1067 3398 1100 3470 et
1116 3391 1210 3474 quili-

1 3485 2 3568 Ϊ
86 3497 144 3564 bet
159 3519 271 3564 eorum
289 3505 322 3565 et
338 3500 510 3566 cuiuslibet
525 3522 635 3566 eorum
661 3501 805 3585 propriis
822 3500 950 3584 sigillis,
967 3507 1066 3583 prout
1082 3499 1168 3567 infra
1183 3501 1217 3564 iu

85 3605 148 3671 line
173 3606 333 3689 presentis
358 3607 564 3674 instrumenti
590 3613 737 3692 apparet.
762 3608 809 3674 Et
837 3606 925 3690 quod
942 3607 1022 3672 dicti
1038 3606 1218 3690 Caporales

1 3713 2 3804 ]
87 3715 250 3794 dixerunt,
267 3735 300 3780 se
317 3736 381 3780 non
396 3713 516 3781 habere
533 3715 639 3798 sigilla
650 3716 795 3800 propria,
812 3716 957 3782 conteuti
973 3715 1113 3797 fuerunt,
1129 3716 1217 3800 quod

1 3809 2 3884 ἶ
85 3819 173 3886 dicta
190 3819 298 3904 sigilla
323 3823 552 3907 intelligantur
578 3825 732 3907 apposita
757 3845 815 3907 pro
838 3824 934 3889 dictis
952 3822 1170 3907 Caporalibus
1186 3828 1220 3888 et
1244 3819 1246 3824 ’

1 3951 2 3984 ;
84 3927 232 4012 quolibet
256 3950 379 4010 eorum,
404 3937 437 3996 et
462 3929 661 3996 haberentur
679 3937 712 3996 et
728 3937 845 4012 essent,
863 3930 946 3997 acsi
964 3937 1072 3998 essent
1086 3931 1220 4016 propria

1 4108 2 4112 Ἰ
84 4035 193 4118 sigilla
208 4035 369 4102 dictorum
386 4036 600 4123 Caporalium
616 4045 650 4104 et
666 4039 840 4107 cuiuslibet
850 4062 971 4106 eorum.
989 4041 1158 4124 Rogantes
1168 4061 1219 4104 me

1 4219 2 4222 Ἴ
85 4144 255 4211 Ristorum
272 4147 448 4213 Notarium
474 4146 727 4232 infrascriptum,
753 4149 840 4233 quod
857 4148 897 4213 de
913 4150 1102 4233 prescriptis
1119 4149 1219 4213 omni'·

84 4250 144 4316 bus
160 4253 327 4337 publicum
343 4255 536 4322 conficerem
552 4256 815 4323 instrumentum.

622 4363 696 4446 Ego
721 4365 876 4430 Ristorus
901 4363 986 4429 filius
1012 4362 1148 4428 condam
1165 4385 1217 4428 ser

513 4469 1216 4553 Jacobi,CivisFlorentinusImperialiauc·

150 4575 305 4664 (degyzbi
318 4575 418 4668 jegy.)
509 4580 645 4650 toritate
660 4580 686 4646 J
687 4579 771 4649 udea
787 4580 985 4651 Ordinarius
1002 4585 1035 4645 et
1052 4578 1212 4650 Notarius
