3210 5252
403 355 448 416 84
755 371 988 416 nurnouncnrsr
1005 357 1173 415 nuntnnn.

402 551 461 614 per
477 527 726 613 recuperatione
754 527 973 613 predictorum
999 528 1109 612 Regni
1126 526 1245 609 Sicilie,
1261 527 1486 594 Comitatnum
1503 536 1536 596 et

403 637 591 720 Terrarum,
616 636 668 702 vel
684 635 780 702 aliter
798 637 974 704 secundum
991 635 1079 720 quod
1096 635 1260 702 ridebitur
1274 635 1482 718 faciendum}
1503 645 1535 704 et

403 744 558 832 quicquid
574 747 606 810 in
623 745 791 830 premissis
807 751 841 810 et
855 746 942 811 circa
951 745 1111 830 premissa
1126 751 1160 810 et
1175 745 1346 828 quodlibet
1361 745 1532 830 premisso·

401 877 472 920 rum
498 854 757 939 dependentibus
782 862 816 921 et
841 857 993 922 connexis
1027 855 1164 922 fecerint
1188 863 1221 922 et
1244 857 1473 938 tractauerint,
1498 879 1534 924 ac

401 962 676 1030 concordauerint
699 962 751 1029 vel
775 961 988 1044 firmauerint,
1015 963 1142 1029 etiamsi
1168 965 1294 1030 maiora
1318 963 1443 1032 fuerint
1457 985 1529 1049 pre·

399 1070 498 1136 missa
523 1089 687 1156 expressa,
712 1075 744 1134 et
769 1070 959 1136 mandatum
990 1071 1125 1154 exigant
1149 1072 1301 1155 speciale,
1326 1073 1361 1136 in
1386 1072 1530 1138 animam

398 1185 545 1244 nostram
560 1176 700 1257 iurandi,
717 1184 751 1242 et
766 1198 826 1242 nos
842 1177 887 1242 ad
902 1197 942 1243 ea
951 1176 1143 1244 fortioribus
1158 1177 1293 1245 vinoidis
1305 1185 1339 1244 et
1354 1179 1457 1262 penis,
1474 1177 1528 1243 ob·

397 1286 611 1370 ligationibus
628 1291 662 1350 et
677 1285 956 1367 submissionibus,
976 1285 1093 1368 quibus
1108 1285 1180 1352 fieri
1204 1287 1336 1370 poterit,
1352 1283 1531 1370 obligandi,

401 1401 434 1460 et
449 1394 559 1459 omnia
583 1392 734 1476 faciendi,
754 1413 817 1476 que
833 1413 894 1458 nos
910 1393 945 1458 in
961 1394 1007 1458 eis
1024 1397 1058 1458 et
1072 1394 1161 1460 circa
1175 1414 1216 1460 ea
1230 1415 1400 1479 possemus
1416 1392 1532 1474 fecere,

398 1501 426 1566 si
450 1507 617 1584 presentes
643 1507 677 1567 et
691 1501 908 1586 personaliter
932 1500 1171 1568 interessemus.
1188 1501 1425 1568 Promittentes
1444 1501 1530 1567 bona

397 1607 461 1674 fide
487 1616 520 1675 et
544 1610 578 1675 in
595 1608 693 1675 verbo
720 1607 833 1692 Regio,
860 1615 893 1674 et
917 1629 976 1693 per
1000 1608 1220 1675 iuramentum
1250 1614 1401 1675 nostrum
1428 1629 1526 1692 super

399 1714 524 1783 Sancta
547 1717 611 1783 Dei
636 1716 821 1800 Euangelia
846 1716 1061 1800 corporaliter
1086 1717 1269 1800 prestitum,
1294 1737 1333 1782 ea
1358 1723 1472 1782 tenere
1498 1723 1531 1780 et

396 1823 539 1890 fideliter
556 1823 742 1908 adimplere,
768 1845 827 1889 nec
845 1844 905 1907 per
930 1843 989 1890 nos
1015 1823 1065 1889 vel
1089 1845 1147 1907 per
1164 1823 1264 1890 alium
1281 1823 1315 1890 in
1330 1821 1531 1890 contrarium

397 1930 505 1998 iacere
521 1933 573 1998 vel
590 1933 708 2014 venire,
719 1937 828 1997 ratum
844 1938 878 1998 et
893 1937 1024 2015 gratum
1039 1930 1198 1997 habentes
1214 1936 1248 1997 et
1264 1937 1422 2016 perpetuo
1439 1928 1530 1996 habi·

395 2040 472 2120 turi,
488 2039 643 2123 quicquid
658 2040 692 2104 in
712 2038 879 2122 premissis
895 2043 929 2103 et
943 2039 1031 2104 circa
1046 2038 1205 2122 premissa
1219 2058 1280 2122 per
1296 2038 1402 2106 dictos
1412 2058 1523 2121 procu·

396 2151 522 2212 ratores
530 2151 661 2212 nostros
672 2145 804 2227 factum,
820 2144 1052 2212 concordatum
1068 2150 1102 2210 et
1117 2150 1296 2210 tractatum
1310 2145 1459 2211 extiterit
1474 2144 1525 2209 vel

397 2251 563 2319 firmatum
587 2251 694 2318 fuerit
720 2251 761 2317 In
788 2273 926 2335 quorum
957 2253 1178 2318 testimonium
1209 2251 1353 2337 sigillum
1378 2259 1525 2320 nostrum

397 2357 603 2443 presentibus
627 2358 733 2424 literis
758 2359 908 2426 duximus
924 2359 1163 2443 apponendum.
1182 2358 1309 2424 Datum
1324 2359 1418 2438 Bude
1435 2360 1523 2426 sede

398 2469 480 2534 cimo
507 2467 559 2534 die
577 2468 697 2533 mensis
712 2467 838 2551 Aprilis
855 2488 940 2532 anno
957 2465 1093 2532 Domini
1108 2467 1282 2534 millesimo
1299 2470 1526 2535 trecentesimo

381 2571 638 2670 'septuagesimo
664 2581 792 2660 quarto.
817 2572 907 2642 Acta
923 2573 1055 2640 fuerunt
1071 2574 1131 2641 hec
1145 2574 1286 2642 Parisiis
1302 2578 1336 2641 in
1353 2574 1472 2643 Castro
1487 2577 1528 2642 de

394 2683 532 2767 'Inupara
563 2706 657 2768 anno,
688 2684 874 2764 indictione,
898 2705 1019 2767 mense,
1049 2684 1102 2749 die
1133 2691 1165 2749 et
1190 2682 1393 2750 Pontificatu
1410 2683 1529 2768 quibus

396 2813 503 2875 supra
529 2791 741 2858 Presentibus
770 2790 935 2857 nobilibus
968 2799 1001 2858 et
1031 2791 1248 2876 prudentibus
1279 2791 1358 2858 viris
1390 2791 1528 2858 dominis

395 2898 546 2964 Emerico
562 2899 675 2964 Zudar
685 2897 859 2984 Proposito
868 2896 958 2966 Albe
973 2899 1128 2983 Regalis;
1145 2899 1247 2967 Petro
1265 2897 1377 2966 Oierte
1393 2898 1436 2966 de
1450 2897 1532 2967 Yda

395 3007 499 3074 milite
514 3004 682 3090 Aquensis
698 3005 894 3088 Diooeseos;
918 3006 1062 3074 Ricardo
1073 3007 1207 3074 Decano
1218 3007 1367 3074 Ecclesia
1383 3006 1529 3073 Bisonti-

395 3115 523 3196 nensis;
540 3115 668 3180 Feruco
685 3113 725 3180 de
741 3113 851 3197 Metis,
867 3121 900 3180 et
914 3113 1086 3181 Euerardo
1103 3113 1143 3180 de
1159 3112 1385 3197 Gramogensi,
1400 3113 1531 3180 Utrius-

395 3243 457 3305 que
472 3219 497 3285 J
500 3222 566 3288 uris
579 3221 843 3304 Professoribus3
860 3243 899 3288 ac
914 3221 1076 3306 Magistro
1088 3221 1216 3287 Thema
1232 3221 1274 3287 de
1288 3221 1442 3289 Bononia
1457 3221 1531 3290 Ma·

394 3331 499 3412 gistro
525 3331 560 3395 in
574 3329 715 3398 Artibus
731 3335 765 3398 et
780 3328 963 3412 Medocina,
987 3328 1126 3396 testibus
1150 3328 1193 3396 ad
1217 3330 1378 3412 premissa
1404 3331 1529 3397 uocatis

396 3439 582 3522 specialiter
598 3445 632 3505 ot
647 3440 781 3524 rogatis.
806 3438 946 3523 Insuper
964 3460 1060 3520 anno,
1075 3439 1265 3519 indiccione,
1280 3459 1400 3520 meuse,
1416 3440 1477 3520 die,
1494 3447 1528 3505 et.

393 3543 594 3612 Pontificatn
618 3547 784 3629 predictis,
808 3544 1038 3614 Illustrissima
1063 3542 1205 3612 Domina
1222 3545 1353 3612 domina
1366 3545 1525 3614 Jobanna

334 3655 336 3660 “
394 3651 526 3736 Regina
548 3653 697 3737 Francis,
722 3655 756 3719 in
772 3655 938 3739 presentia
953 3654 1015 3720 mei
1031 3651 1166 3719 Alberti
1179 3651 1314 3719 Notarii
1338 3653 1476 3740 Publici,
1496 3662 1531 3722 et

393 3759 526 3826 testium
551 3759 820 3844 subscriptorum,
835 3760 875 3826 de
891 3761 1095 3827 authoritate
1120 3758 1257 3844 predicti
1278 3760 1402 3828 domini
1419 3759 1537 3846 Regis.
1593 3769 1598 3858 ’ς

393 3865 540 3950 Francis,
557 3868 680 3934 iurauit
696 3868 739 3934 ad
757 3866 879 3935 Sancta
902 3868 967 3935 Dei
994 3867 1180 3952 Euangelia
1196 3867 1410 3952 corporaliter
1426 3874 1533 3941 tacta,

394 3977 502 4042 omnia
530 3983 562 4041 et
588 3976 717 4060 singula
742 3977 975 4062 suprascripte,
1000 3981 1099 4062 prout
1114 3998 1173 4061 per
1198 3976 1321 4042 dietum
1356 3976 1526 4042 dominum

391 4081 516 4166 Regem
539 4081 680 4149 Francis
704 4084 813 4150 iurata
837 4083 971 4151 fuerunt
995 4091 1028 4151 et
1052 4085 1225 4169 promissa,
1251 4083 1391 4151 testibus
1407 4084 1450 4150 ad
1465 4084 1529 4150 hec

391 4191 512 4256 vocatis
539 4189 725 4273 specialiter
749 4197 781 4256 et
811 4193 946 4276 rogatis,
977 4192 1117 4258 dominis
1149 4192 1303 4258 Emerioo
1335 4191 1460 4272 anar,
1494 4203 1530 4258 et

392 4296 493 4364 Petro
519 4298 629 4366 Cierte
645 4299 685 4366 de
701 4299 780 4366 Ydu
808 4301 974 4385 predictis,
1000 4323 1147 4368 necnon
1172 4302 1377 4386 presentibus
1402 4300 1449 4367 ad
1469 4302 1534 4368 bec

395 4404 534 4473 dominis
575 4407 881 4478 Ambassiatoribus
923 4411 1002 4477 dicti
1043 4411 1164 4476 domini
1206 4409 1309 4495 Regis
1351 4409 1534 4493 Hungarie

395 4513 597 4601 subscriptis.
