3226 5258
600 429 693 490 1372.
1167 435 1206 494 21

11 587 13 670 ξ
103 603 144 668 ur
163 603 276 672 litteris
301 603 373 672 Tne
398 603 595 672 Serenitatis
614 601 719 672 'manu
746 607 876 690 scriptis
900 608 1095 691 accepimus,
1120 610 1208 692 quod

100 733 160 776 cum
173 714 337 780 carissimo
354 714 389 778 in
404 713 540 782 Christo
557 711 624 780 filio
640 721 752 780 nostro
769 711 938 780 Ludovioo
955 714 1046 800 Rege
1061 712 1210 799 Vngarie

99 817 199 886 illustri
216 820 444 887 concordatas.
466 818 563 906 Quod
583 827 676 887 tanto
691 820 814 888 nostris
830 821 1002 888 affectibus
1017 822 1105 888 venit
1120 843 1210 890 acoe-

99 927 178 1010 ptius‚
191 935 315 1013 quanto
331 929 367 994 id
381 928 647 997 desiderabamus
660 929 837 1011 ardentius,
846 936 1035 1015 quantoque
1050 913 1085 996 id
1101 931 1144 997 ad
1159 938 1205 998 to·

11 1095 13 1104 ,
99 1033 154 1100 cius
167 1033 344 1101 Christiani
371 1035 482 1120 populi
501 1037 754 1120 prosperitatem
772 1041 805 1102 et
824 1036 978 1121 gaudium
995 1037 1139 1103 noscitur
1158 1059 1207 1104 re·

99 1137 233 1210 duudare.
244 1141 456 1226 Imperialem
465 1142 567 1226 igitur
582 1143 819 1209 Excellentiam
837 1148 972 1227 paterne
983 1144 1133 1210 caritatis
1143 1168 1208 1212 mo·

98 1251 161 1316 uitis
182 1231 408 1335 exhortamur,
428 1255 590 1335 quatenus
616 1255 777 1336 quantum
802 1250 836 1316 iu
867 1255 901 1316 te
924 1250 1033 1331 fuerit,
1049 1252 1083 1316 in
1099 1252 1208 1319 huius·

99 1358 169 1423 modi
186 1358 359 1424 eoncordia
375 1363 532 1441 tanquam
541 1357 633 1441 pacis
649 1356 737 1422 filius
752 1357 901 1423 continue
917 1378 1125 1441 perseueres:
1148 1383 1207 1426 nos

96 1463 304 1550 enimprefato
314 1465 399 1550 Regi
409 1466 665 1532 exhortationem
682 1464 820 1530 similem
831 1464 1040 1532 destinamus.
1053 1465 1207 1534 Ceterum

95 1575 327 1654 eruderantes,
353 1573 440 1659 quod
457 1597 550 1642 mora
574 1573 769 1641 venerabilis
785 1571 899 1640 fratris
915 1575 1019 1640 nostri
1034 1573 1059 1642 J
1061 1575 1198 1642 ohannis

95 1681 270 1748 Patriarohe
294 1680 522 1764 Alexandrini,
548 1678 740 1767 Apostolioe
757 1679 852 1746 Sedis
868 1679 988 1747 Nuncii
1004 1683 1038 1748 in
1054 1683 1205 1767 partibus

11 1787 23 1866 ἶ·
93 1786 256 1875 Alemanie,
281 1789 353 1856 Tne
377 1788 602 1874 Magnitudini
627 1795 789 1874 oportuna
804 1789 844 1854 de
861 1795 970 1855 cetero
995 1809 1060 1854 non
1083 1790 1204 1873 existit,

93 1904 119 1962 et
133 1899 214 1982 qnod
229 1921 268 1964 ex
285 1900 352 1965 suis
368 1898 538 1983 stipendiis
552 1898 668 1965 Clerus
684 1897 815 1963 illarum
824 1898 968 1982 partium
978 1905 1203 1982 pregravatnr3

12 2001 13 2004 ’
93 2004 143 2069 nisi
160 2008 225 2072 eius
248 2007 413 2092 presentia
438 2006 575 2072 multum
595 2006 753 2090 indigeas,
779 2005 981 2090 providimus
997 2027 1070 2071 eum
1088 2005 1129 2071 ad
1147 2027 1202 2071 no·

11 2161 12 2164 η
92 2119 179 2178 stram
195 2115 392 2198 presenciam
408 2112 644 2194 reuocandum
667 2112 755 2196 quod
771 2133 810 2176 ex
826 2112 932 2178 causis
952 2113 1119 2197 premissis
1135 2134 1201 2177 rno-

11 2199 13 2216 ’
92 2218 159 2286 leste
182 2245 243 2288 non
267 2221 354 2288 ferat
371 2218 514 2288 Cesarea
529 2217 708 2286 Celsitudo.
729 2221 853 2287 Datum
869 2218 1031 2288 Arinione
1047 2218 1114 2286 HL
1130 2219 1205 2287 idus

92 2324 213 2411 Aprilis,
228 2328 445 2396 Pontificatus
461 2332 566 2397 nostri
582 2351 668 2394 amro
685 2327 834 2395 secundo.

394 2471 454 2538 (XI.
469 2475 590 2540 Gergely
600 2474 673 2540 papa
686 2473 876 2540 regesttibol.)

614 2778 665 2842 19.

12 2943 13 2946 ’
88 2933 249 3006 Gontorim'
264 2943 380 3007 Endre
396 2941 546 3006 celerasset
556 2940 700 3023 clope'nek
716 2963 737 3003 a
748 2959 896 3026 mopyur,
904 2937 1061 3026 florescet
1069 2941 1204 3026 e'epiuai

512 3047 649 3112 kdvetek.
675 3048 770 3111 1372.

11 3271 12 3274 ,
181 3207 304 3275 Littere
335 3203 610 3274 Ambaxiatorum
637 3205 757 3272 domini
782 3205 885 3291 Regis
917 3204 1100 3290 Hungarie,
1125 3204 1201 3270 Flo·

11 3313 13 3326 ³
86 3314 181 3380 rencie
196 3324 227 3382 et
241 3315 394 3382 Pisarum
412 3312 455 3380 ad
472 3314 597 3380 Ducem
613 3311 838 3381 Verreciarum.

181 3425 295 3491 Inclite
321 3429 355 3489 et
379 3423 518 3490 Excelse
543 3421 692 3489 Domine.
718 3421 804 3486 Ecce
831 3420 991 3487 Dominus
1019 3419 1198 3488 Paduanus

11 3531 13 3536 '
85 3527 156 3594 lecit
177 3531 259 3597 dirui
286 3532 411 3614 domos,
426 3530 600 3615 planoones
624 3528 759 3610 destrui,
774 3536 807 3596 et
822 3529 941 3596 turrim
958 3527 1072 3596 Sancti
1089 3527 1197 3610 Baldi,

11 3645 12 3650 ’
84 3635 231 3705 demolitis
247 3637 396 3706 omnibus
412 3635 547 3703 edificiis
566 3637 654 3702 cirea
673 3637 777 3720 ipsam
792 3659 813 3702 a
828 3643 974 3721 tempore
991 3642 1061 3702 orte
1078 3636 1197 3704 discor·

11 3757 13 3770 ·
85 3740 134 3806 die
154 3743 251 3829 laetis,
275 3747 310 3812 irr
335 3745 509 3830 pristinum
535 3751 657 3811 statum
682 3745 811 3810 restitui
835 3745 928 3810 iuxta
951 3745 1199 3829 requisicionem

83 3846 315 3936 Magnifioeueie
339 3852 459 3923 Vestre
484 3872 617 3938 pernes
633 3851 696 3918 sibi
721 3851 918 3935 expositam
942 3858 974 3918 et
999 3852 1143 3937 quinque
1159 3852 1200 3918 de

81 3957 143 4024 suis
164 3962 264 4047 elegit,
290 3960 468 4047 Syndicum
493 3981 554 4046 pro
578 3961 811 4045 compromisso
836 3959 1016 4044 deputarit,
1033 3968 1066 4026 et
1080 3959 1197 4026 letanti

12 4141 13 4144 Ἴ
82 4066 171 4133 corde
184 4069 224 4136 ad
239 4092 354 4155 pacem
371 4076 403 4136 et
418 4069 625 4136 concordiam
641 4075 691 4135 est
708 4066 884 4153 dispositus
901 4075 934 4135 et
948 4075 1094 4153 paratus.
1115 4066 1198 4134 Cum

82 4172 172 4255 igitur
192 4200 250 4262 pro
266 4177 330 4246 hac
346 4177 556 4245 desiderabili
572 4183 606 4243 et
620 4177 793 4245 benedicta
810 4174 984 4243 concordia
1003 4196 1113 4242 sumus
1128 4179 1198 4241 tam

83 4277 210 4350 sementi
234 4291 268 4351 et
292 4284 461 4352 laborioso
485 4284 602 4351 itinere
626 4285 768 4368 fatigati,
800 4282 925 4350 Eadem
944 4281 1196 4367 Magnificencia

82 4382 193 4456 Vestra
217 4391 368 4459 ordinare
394 4393 555 4478 dignetur,
572 4394 665 4459 etsie
682 4393 827 4480 petimus
842 4396 1039 4468 reuerentes,
1055 4395 1090 4454 rt
1105 4409 1196 4472 aper-

82 4492 126 4558 tis
146 4498 259 4580 palatis
283 4500 396 4566 nauali
422 4501 531 4585 quiete
556 4499 600 4566 ad
624 4505 766 4566 vestram
791 4500 992 4584 presenciam
1017 4497 1196 4565 redeamus.
1218 4576 1222 4582 ¹

83 4596 215 4686 Dignum
231 4609 316 4675 enim
341 4614 400 4693 est,
416 4613 450 4673 ut
466 4609 522 4693 qui
538 4629 599 4693 pro
624 4608 800 4676 multorum
817 4608 1055 4694 tranquillitate
1071 4606 1196 4675 facisci-
