3190 5252
604 409 700 472 men.
998 369 1003 381 ’
1149 408 1213 470 nes

86 571 193 641 dimus
209 576 357 646 intimam
373 586 603 669 etprecipuam
614 585 820 652 devotionem
838 590 869 650 et
885 584 1089 651 affectionem
1106 585 1148 650 ad
1159 585 1216 651 bo-

85 708 194 754 norem
213 696 247 754 et
261 695 381 757 statum
398 691 611 762 Serenissime
622 695 726 780 Regie
736 693 925 760 Maiestatis
936 694 1118 778 Hungarie‚
1129 700 1163 761 et
1173 695 1216 760 ed

86 795 339 865 serenissimum
355 801 520 868 dominum
537 802 663 886 Regem
680 801 864 884 Karolum;
889 801 946 868 sed
966 801 1093 886 prefate
1109 803 1215 886 Regis

83 906 275 972 Maiestatis
290 907 464 993 Hungarie
480 917 513 976 et
529 912 591 976 toti
608 909 728 975 mundo
746 910 814 975 noti
832 916 907 977 sunt
923 909 1070 975 immensi
1085 909 1215 977 labores

9 1083 12 1088 Δ
82 1015 188 1080 nostri
205 1021 240 1080 et
255 1037 404 1101 expense,
414 1041 496 1102 quos
513 1026 548 1084 et
558 1039 638 1102 quas
648 1017 738 1102 passi
754 1039 864 1084 sumus
880 1039 939 1101 pro
955 1018 1103 1083 maximis
1118 1037 1214 1102 guer-

80 1123 127 1188 ris
145 1143 248 1206 nuper
264 1125 394 1208 elapsis,
405 1147 466 1209 qne
477 1125 636 1192 lisetDeo
656 1124 756 1191 dente
773 1125 878 1209 sopite
889 1131 973 1206 sunt,
985 1132 1096 1191 tamen
1107 1124 1212 1191 adhuc

81 1228 264 1296 Commune
278 1237 425 1300 nostrum
441 1241 614 1317 gravatum
631 1240 681 1299 est
696 1232 791 1299 valde
808 1232 934 1312 debitis,
950 1232 1066 1316 quibus
1082 1237 1214 1298 tenetur
1269 1293 1272 1298 .

82 1338 208 1405 civibus
225 1346 259 1405 et
273 1339 424 1408 fidelibus
440 1343 569 1425 nostris,
587 1348 619 1407 et
635 1346 740 1407 restat
759 1338 866 1408 adhuc
889 1342 1007 1426 exequi
1032 1340 1121 1407 istud
1146 1339 1211 1408 fac·

78 1453 150 1512 tum
169 1447 402 1534 Thenedi‚p1·o
419 1471 483 1533 quo
498 1449 634 1516 fecimus
650 1454 685 1514 et
703 1445 896 1513 fecimusne
920 1445 1027 1514 facere
1051 1449 1214 1513 incessan-

78 1560 129 1619 ter
147 1555 346 1622 intendimus
362 1562 467 1623 totum
483 1578 579 1642 posse
595 1562 743 1623 nostrum
758 1575 818 1639 pro
834 1555 1061 1621 observatione
1077 1555 1214 1639 promis·

76 1684 188 1728 sorum
205 1684 260 1727 ver
275 1685 342 1746 nos,
359 1665 444 1730 sicut
458 1671 510 1730 est
525 1664 565 1729 de
581 1663 725 1730 naturali
740 1682 832 1728 more
849 1669 970 1729 nostro.
996 1663 1106 1729 Etiam
1123 1663 1212 1728 misi·

76 1794 151 1838 mus
167 1779 318 1855 potentes
334 1774 494 1839 exercitus
510 1779 641 1839 nostros
656 1771 839 1838 maritimos
856 1778 889 1837 et
905 1777 1076 1837 terrestres
1092 1771 1135 1838 ad
1145 1771 1212 1837 dic·

76 1887 131 1947 tas
148 1885 261 1963 partes
279 1880 428 1947 Thenedi
444 1902 517 1946 cum
535 1881 681 1946 maximis
697 1885 732 1944 et
742 1879 942 1962 gravissimis
958 1881 1108 1964 expensis
1124 1885 1212 1946 nost-

76 1990 134 2070 ris,
152 1994 186 2053 et
201 2010 261 2074 pro
277 1991 393 2056 maiori
409 1995 505 2075 parte
521 2009 633 2056 omnes
649 1990 743 2073 galee
759 1994 870 2053 nostre
886 1995 962 2054 sunt
986 1995 1080 2054 extra
1106 1987 1212 2056 Vene-

74 2098 158 2178 cias,
172 2102 243 2162 tum
258 2097 302 2163 ad
318 2097 520 2164 obsidionem
536 2097 616 2164 dicti
632 2096 695 2164 loci
722 2095 869 2163 Thenedi
888 2103 960 2162 tum
975 2117 1036 2181 pro
1052 2104 1211 2162 mercato-

74 2206 172 2272 ribus
189 2206 222 2270 in
241 2206 372 2272 diversis
388 2207 547 2290 pertibus.
560 2203 692 2290 Quibus
708 2207 858 2272 omnibus
869 2207 1004 2273 attentis
1020 2212 1053 2271 et
1069 2204 1212 2273 conside-

76 2315 163 2380 ratis
189 2335 254 2378 non
280 2313 432 2395 uidemus,
458 2315 547 2397 quod
567 2314 635 2379 ullo
660 2313 756 2380 modo
782 2317 941 2399 possimus
966 2335 1026 2381 nos
1052 2315 1210 2398 impedire

73 2447 137 2490 nec
154 2423 328 2489 attendere
344 2423 386 2488 ad
402 2424 468 2489 ista
483 2422 581 2490 fecte.
598 2421 664 2488 Sed
681 2422 833 2490 debemus
849 2422 937 2507 apud
962 2421 1127 2507 prefatam
1153 2421 1209 2488 Se·

73 2532 283 2598 renissimem
299 2531 439 2615 Regiam
457 2531 669 2598 Maiestatem
686 2531 858 2615 Hungarie
875 2537 907 2598 et
931 2536 1038 2598 totum
1054 2531 1210 2596 mundum

71 2661 148 2705 esse
165 2639 410 2705 rationabiliter
426 2640 582 2704 excusati.
597 2639 644 2706 Et
660 2660 733 2705 cum
746 2639 812 2716 biis
829 2645 864 2705 et
889 2639 963 2706 aliis
989 2638 1095 2705 verbis
1110 2645 1144 2707 et
1161 2661 1211 2705 ra·

75 2747 226 2814 tionibus
241 2746 427 2813 lntanemns
444 2747 485 2812 ab
503 2747 564 2812 hoo
579 2745 666 2814 facto
682 2768 739 2831 per
755 2747 837 2812 illud
853 2747 994 2828 modum,
1019 2749 1074 2831 qni
1091 2747 1211 2814 videbi·

73 2863 132 2923 tur
147 2855 272 2921 utilior.
290 2855 378 2920 Etsi
397 2856 511 2938 aliqua
536 2855 602 2920 elia
627 2855 727 2921 verba
751 2877 810 2940 per
826 2853 1070 2922 Ambaxntores
1086 2856 1209 2939 Regios

73 2963 268 3029 dicerentur
284 2961 371 3028 circa
386 2961 537 3047 predicta
552 2963 603 3027 vel
629 2961 847 3047 dependentia
863 2985 883 3028 a
899 2962 1056 3046 predictis
1071 2968 1139 3028 tam
1156 2986 1209 3029 su·

72 3092 135 3156 per
152 3070 242 3136 sacto
259 3069 394 3154 consilii,
412 3091 510 3153 quam
527 3092 626 3154 super
642 3070 755 3154 aliqua
780 3071 847 3136 elia
863 3092 898 3136 rc
913 3072 946 3136 in
972 3070 1114 3156 speciali,
1141 3093 1205 3137 res·

71 3178 262 3263 pondeatnr
278 3179 324 3244 eis
341 3200 414 3243 cum
431 3179 496 3245 illis
512 3179 635 3263 pulcris
651 3179 757 3246 verbis
773 3183 808 3244 et
827 3180 1023 3264 racionibus,
1040 3201 1104 3262 que
1121 3177 1206 3244 vide-

72 3287 208 3368 buntur,
223 3284 404 3352 lutanando
421 3302 478 3351 nos
496 3287 627 3352 omnino
637 3307 657 3352 a
668 3287 763 3351 dictis
779 3283 874 3351 factis
884 3307 943 3370 per
960 3285 1051 3353 illum
1068 3286 1208 3370 modum,

74 3397 135 3478 qui
151 3395 307 3476 Domino,
328 3391 543 3478 consiliariis,
559 3393 733 3478 Capitibus
750 3400 783 3460 et
800 3391 1011 3476 sapientibus
1026 3395 1077 3461 vel
1091 3395 1209 3462 maiori

73 3503 167 3588 parti
185 3502 299 3569 utilior
315 3500 487 3566 videbitur.

113 3647 149 3708 (s
165 3647 278 3697 ›nini‹
292 3647 383 3696 cumo
395 3647 534 3698 vennam
547 3619 728 3712 tramant
742 3647 884 3700 xxxvn.
898 3615 1043 3700 roiensem
1059 3654 1117 3700 rm.
1131 3651 1161 3699 ι.ι

606 3955 681 4018 251.

73 4116 106 4178 Ι.
134 4117 235 4199 Lcjoc
250 4137 391 4201 moqyar
407 4116 440 4179 c‘e
455 4115 579 4201 tenpyel
595 4115 708 4203 lcirctly
733 4116 916 4181 doldtdnulc
931 4117 1053 4198 tire're,
1069 4143 1091 4182 α
1107 4118 1208 4182 velen·

294 4221 358 4286 rzei
377 4222 658 4310 kdztstrsasdpcak
674 4224 869 4289 dotdrozata
889 4227 985 4288 1382.

183 4380 285 4448 Anno
295 4379 585 4448 MOCOXXXII.
594 4381 772 4449 indictione
782 4389 882 4462 sexta,
891 4383 944 4448 die
956 4381 1034 4450 VII.
1046 4382 1208 4451 Octobris.

75 4490 164 4574 Quia
172 4490 292 4554 nedum
301 4489 393 4572 utile,
408 4490 465 4556 sed
480 4491 697 4556 necessarium
713 4497 762 4556 est
775 4511 835 4574 pro
850 4491 934 4571 bono
944 4497 1056 4556 nostro
1066 4495 1208 4575 etegen-

75 4599 193 4665 dorum
210 4605 396 4664 nostrorum
411 4597 585 4684 providere
601 4597 641 4664 de
656 4599 816 4666 mittendo
835 4597 1010 4666 solemnem
1029 4597 1208 4667 Ambaxia·
