3226 5254
346 363 411 424 364
696 383 932 429 nvvnounczurr
948 372 1119 430 aurdanu.

345 541 503 625 subditos,
517 542 683 624 vassallos,
698 543 883 608 censuarios
900 545 950 610 vel
966 550 1081 624 terras,
1106 545 1166 610 uisi
1193 553 1351 628 quatenus
1366 549 1471 631 ipsum

345 650 523 717 Commune
548 656 718 716 teneretur
733 673 771 716 ex
789 651 899 736 aliqua
915 653 1127 735 promissione
1144 653 1194 719 vel
1212 653 1276 718 fide
1292 675 1351 738 per
1367 654 1473 739 ipsum

349 755 527 824 Commune
543 758 700 825 hactenus
716 757 807 825 facta
822 779 879 824 seu
894 761 1043 844 prestita.

453 868 538 932 ltem
556 866 642 950 quod
661 867 765 933 dictus
782 868 931 934 domiuus
956 868 1103 934 Karolus
1128 890 1186 934 suo
1212 870 1263 935 vel
1289 869 1393 935 alieno
1419 893 1476 935 no-

343 975 430 1040 mine
446 995 510 1040 nou
527 975 714 1042 molestabit
728 974 780 1041 vel
795 975 946 1059 gravabit
960 997 1019 1059 per
1035 997 1069 1042 se
1084 976 1135 1042 vel
1160 977 1289 1060 aliquas
1305 1000 1379 1044 suas
1395 999 1474 1061 gen-

345 1089 396 1149 tes
413 1084 479 1148 ullo
496 1083 592 1149 modo
608 1083 733 1149 directe
749 1083 799 1148 vel
820 1083 978 1150 indirecte
1004 1083 1181 1150 Commune
1206 1085 1388 1170 predictum
1415 1091 1476 1151 aut·

344 1192 485 1275 aliquem
501 1192 553 1258 vel
568 1192 696 1274 aliquos
713 1192 779 1256 eius
795 1192 887 1274 cirea,
902 1193 952 1258 vel
969 1192 1126 1274 subditos,
1142 1194 1313 1259 occasione
1329 1192 1379 1258 vel
1395 1213 1469 1277 pre-

344 1306 437 1366 textu
452 1299 587 1365 alicuius
604 1299 827 1383 promissionis
853 1299 904 1365 vel
929 1300 1148 1384 obligationis,
1165 1300 1209 1366 ad
1227 1321 1324 1383 quam
1341 1323 1398 1367 seu
1416 1322 1477 1384 per

346 1428 444 1492 quam
469 1408 593 1473 dictum
620 1406 799 1473 Commune
824 1412 998 1490 teneretur,
1017 1408 1066 1473 vel
1095 1408 1198 1473 teneri
1215 1415 1272 1474 aut
1296 1408 1474 1474 obnoxium

346 1516 417 1581 sore
442 1515 605 1580 diceretur
631 1512 844 1579 Sanctissimo
860 1515 894 1578 in
912 1512 1045 1580 Christo
1071 1514 1164 1581 Patri
1190 1516 1321 1581 domino
1342 1514 1479 1581 Urbano

346 1626 437 1708 Papo
454 1621 564 1704 Sexto,
580 1628 639 1688 aut
654 1619 774 1688 Sancte
790 1620 939 1687 Romane
951 1621 1107 1703 Ecclesia,
1118 1624 1216 1688 etiam
1234 1625 1261 1688 si
1275 1622 1315 1688 de
1331 1624 1392 1690 tali
1402 1645 1478 1707 pro-

345 1732 499 1798 missione
519 1728 571 1796 vel
592 1728 792 1813 obligatione
806 1731 907 1794 totius
923 1728 972 1793 vel
987 1729 1091 1812 partis
1116 1729 1247 1812 aliquod
1260 1731 1314 1813 jus
1330 1730 1478 1805 haberet,

347 1841 452 1906 ctiam
482 1860 541 1924 per
574 1839 706 1904 modum
731 1835 782 1904 uel
808 1837 940 1903 titulum
966 1837 1120 1903 cessionis
1156 1838 1206 1902 vel
1241 1841 1474 1921 cuiuscumque

349 1946 571 2014 concessionis.

452 2055 537 2121 Item
555 2053 642 2137 quod
658 2049 839 2119 Commune
856 2053 1027 2118 Florentio
1044 2072 1108 2117 non
1127 2052 1333 2118 obstantibus
1349 2053 1477 2136 predio-

344 2165 387 2230 tis
402 2170 436 2229 et
452 2161 676 2246 infrascriptis,
692 2163 743 2226 vel
759 2163 870 2246 aliquo
886 2164 1041 2246 ipsorum,
1053 2162 1157 2246 possit
1167 2161 1238 2227 etei
1249 2161 1349 2227 liceat
1365 2170 1478 2228 acten-

347 2273 423 2338 dero
439 2278 470 2336 et
489 2272 661 2338 observare
681 2291 867 2354 quecunque
884 2275 982 2355 pacta
1007 2277 1040 2336 et
1066 2271 1295 2336 conventiones
1321 2272 1477 2353 vigentes,

345 2387 380 2447 et
397 2401 478 2462 quas
505 2384 538 2445 et
564 2400 626 2463 que
651 2377 750 2444 habet
775 2400 847 2443 oum
872 2378 1148 2460 supranominatis
1171 2379 1239 2463 ejus
1256 2377 1430 2461 colligatis
1446 2384 1481 2442 et

345 2489 433 2572 quod
457 2486 607 2570 predicta
632 2486 684 2551 vel
709 2485 917 2569 infrascripta
942 2493 1000 2553 aut
1024 2487 1159 2570 aliquod
1185 2487 1331 2570 ipsorum
1357 2486 1393 2550 in
1419 2485 1480 2550 ali-

345 2618 409 2681 quo
425 2617 490 2662 non
509 2596 710 2680 preiudicent
735 2615 795 2660 nec
821 2595 1027 2678 preiudioare
1050 2595 1278 2680 intelligantur
1303 2593 1402 2660 alicui
1428 2593 1481 2658 vel

345 2704 508 2786 aliquibus
533 2703 654 2770 talibus
678 2702 783 2787 pactis
799 2709 832 2768 et
858 2702 1134 2785 conventionibus,
1152 2709 1185 2768 et
1200 2701 1288 2786 quod
1304 2703 1403 2768 etiam
1420 2722 1483 2784 per

346 2812 436 2877 dicta
454 2817 552 2894 pacta
568 2818 601 2876 et
626 2811 853 2878 conventiones
870 2831 934 2875 non
950 2811 1173 2894 preiudicetur
1188 2809 1342 2893 capitulis
1358 2810 1393 2874 in
1408 2828 1483 2892 pre·

346 2921 431 2988 senti
448 2925 616 2986 contractu
633 2919 773 2984 insertis.

453 3025 635 3109 Itemquod
647 3025 871 3109 suprascripta
888 3030 921 3090 et
936 3021 1148 3107 infrascripta
1168 3022 1278 3088 omnia
1298 3027 1332 3088 et
1349 3022 1482 3106 singula
1610 3071 1612 3075 ⁴

346 3134 574 3218 intelligantur
590 3138 623 3198 et
639 3133 780 3216 intelligi
797 3132 938 3197 debeant
953 3152 1013 3216 pro
1030 3137 1167 3218 utraque
1183 3135 1279 3213 parte
1306 3128 1392 3195 bona
1407 3129 1483 3222 fide,

346 3246 378 3306 et
394 3241 569 3307 secundum
594 3261 706 3307 sanum
732 3247 765 3306 et
781 3259 900 3324 purum
916 3238 1126 3322 intellectum,
1145 3237 1279 3302 remotis
1299 3237 1484 3304 cavillatio-

347 3349 454 3428 nibuS,
471 3355 503 3413 et
518 3350 668 3416 omnibus
684 3349 793 3433 pravis
810 3345 1144 3430 interpretationibus.

454 3455 600 3523 Nomina
617 3457 748 3539 quidem
765 3453 1024 3536 exbaunitorum,
1040 3451 1352 3536 condempnatorum
1381 3459 1414 3519 et
1434 3475 1485 3518 re·

346 3564 480 3630 bellium
498 3565 577 3630 dicti
597 3562 787 3630 Communis
805 3563 983 3644 Florentia,
999 3561 1038 3626 de
1055 3560 1173 3644 quibus
1190 3560 1378 3645 disponitur
1394 3569 1429 3628 et
1445 3564 1484 3628 fit

347 3673 466 3736 mentio
484 3694 584 3755 supra
600 3673 635 3737 in
653 3672 790 3754 septimo
807 3670 950 3755 capitulo
968 3675 1043 3734 sunt
1058 3669 1132 3751 ista,
1143 3667 1297 3734 videlieet
1315 3695 1322 3734 ε
1337 3669 1484 3735 Bernar-

346 3778 406 3844 dus
423 3780 523 3863 Lippi
541 3780 651 3846 Cionis
669 3779 724 3846 del
740 3777 838 3858 Cane,
864 3776 1054 3843 Bernardus
1080 3776 1220 3842 Antonii
1246 3775 1389 3858 Nicholi,
1405 3777 1482 3842 Ma-

344 3886 456 3950 rianus
472 3887 581 3953 Laudi
598 3888 637 3952 de
660 3885 797 3966 Albizis,
814 3887 1020 3970 Tommasius
1037 3884 1193 3968 Raynerij
1212 3883 1252 3948 de
1270 3883 1483 3951 Cavaloanti-

346 3992 416 4078 bns,
433 3994 571 4060 Toccius
587 3994 760 4060 Bochaocii
777 3994 818 4059 de
835 3991 1061 4073 Gherardinis,
1078 3993 1102 4058 J
1104 3993 1250 4058 ohannes
1278 3992 1409 4058 Bartoli
1427 3994 1487 4058 Bi-

345 4103 445 4184 liocti,
461 4100 614 4167 Andreas
631 4101 775 4185 Segniui,
792 4099 991 4166 Adovardus
1008 4100 1048 4165 de
1074 4100 1195 4183 PuloiS,
1222 4100 1382 4166 Nioolaus
1399 4101 1490 4166 Bru-

346 4208 441 4288 neeri,
459 4206 586 4273 Cennes
612 4206 724 4273 Naddi
740 4207 780 4272 de
798 4207 1011 4287 Oricellariis,
1030 4206 1257 4273 Bartolomeus
1273 4206 1386 4273 Nicoli
1411 4207 1489 4274 Cio-

346 4317 406 4395 nis,
430 4313 602 4381 Johannes
628 4314 795 4399 Gucrrerij
825 4315 865 4381 de
897 4315 1022 4398 Rossis,
1048 4314 1196 4381 Jacobus
1235 4315 1412 4382 Bochaccii
1443 4316 1488 4383 de

346 4421 599 4504 Brunellesclris‚
626 4423 771 4490 Matteus
797 4430 831 4487 et
855 4423 879 4488 J
882 4423 1028 4488 ohannes
1060 4421 1147 4488 dello
1174 4421 1294 4504 Scelto,
1320 4422 1488 4508 Ugolinus

347 4527 449 4595 Noldi
466 4527 506 4592 de
532 4526 765 4610 Gheraudinis‚
791 4529 981 4596 Bernartius
1006 4529 1125 4597 Jacobi
1152 4529 1345 4614 Beohanugi
1370 4538 1404 4597 et
1426 4531 1487 4598 Ja-
