3172 5254
393 343 456 402 202
748 353 981 402 nuroouaozuuu
998 343 1166 402 aurdanu.

392 516 583 598 Tarvisium,
599 515 836 600 Coneglanum,
845 513 1002 581 Castrum
1012 515 1210 600 Francbum,
1226 518 1352 584 Mestrc
1369 522 1401 583 et
1412 497 1513 584 bnon·
1574 495 1575 498 Ἴ

391 626 467 706 lum,
503 625 604 692 donec
640 626 748 692 soluta
772 624 875 690 fuerit
902 626 1040 710 pecunia
1064 626 1099 690 in
1124 627 1267 711 capitulo
1303 634 1463 706 contenta,
1486 633 1512 690 et

391 733 468 800 date
483 733 716 817 fidejussiones
735 732 894 798 Preterea
913 733 1099 800 addidimus
1109 732 1180 816 hoc,
1197 734 1286 819 quod
1303 735 1510 802 sentiebamus

392 841 528 926 afirmo,
554 843 642 928 quod
669 839 872 927 Capitoneus
899 842 1083 926 gallearum
1108 841 1326 910 Januensium
1346 845 1507 928 scripserat

391 952 522 1018 domino
538 951 675 1032 Karolo,
701 951 788 1036 quod
813 956 987 1036 receperat
1010 950 1158 1018 litteram
1184 973 1274 1019 suam
1301 953 1469 1032 credentia,
1482 958 1509 1016 et

390 1058 597 1126 intellexerat
612 1060 718 1126 relata
743 1082 802 1144 per
827 1057 1025 1125 familiarem
1050 1060 1139 1144 ejus;
1162 1060 1323 1142 videlicet,
1351 1061 1435 1145 quod
1458 1080 1509 1143 pro

390 1167 514 1236 honore
539 1169 645 1254 Regio
670 1170 739 1253 ipse
766 1169 914 1235 dominus
940 1168 1089 1236 Karalus
1114 1169 1246 1237 volebat
1270 1172 1426 1238 iuteresse
1448 1190 1509 1235 curu

391 1277 542 1361 gentibus
558 1277 681 1344 domini
705 1278 807 1361 Regis
832 1278 883 1343 bis
909 1296 971 1360 que
995 1277 1065 1343 fieri
1084 1277 1266 1360 debebant3
1290 1279 1337 1343 ad
1351 1276 1435 1363 quod
1449 1279 1509 1362 ipsc

390 1384 619 1469 respondebat,
636 1385 724 1468 quod
741 1386 782 1452 de
798 1386 861 1451 hoc
876 1386 1014 1452 multum
1030 1387 1116 1452 letus
1132 1394 1221 1469 erat3
1246 1393 1279 1452 et
1295 1385 1434 1470 rogabat
1448 1407 1510 1450 euun

391 1495 560 1574 instanter,
577 1495 665 1579 quod
683 1497 882 1578 quamoioius
898 1515 968 1561 esse
984 1501 1104 1579 posset,
1115 1495 1288 1562 reduceret
1304 1517 1338 1562 se
1354 1495 1397 1560 ad
1412 1499 1509 1579 partos

390 1601 464 1668 illas
495 1624 555 1687 pro
588 1603 777 1687 exequendo
808 1603 1023 1668 intentionem
1056 1605 1257 1688 predictam,
1281 1625 1357 1670 nam
1387 1607 1509 1688 paratus

391 1717 462 1776 erat
487 1718 520 1777 et
544 1710 700 1794 sperabat
724 1732 796 1777 cum
821 1713 931 1794 gratia
954 1711 1020 1776 Dei
1046 1710 1166 1778 babere
1191 1711 1405 1780 intentionem
1430 1729 1509 1774 snam

390 1817 498 1884 finalis
525 1819 757 1886 destructionis
781 1820 986 1886 inimicorum
1012 1819 1201 1904 Regiorum.
1226 1819 1298 1905 Quo
1323 1821 1387 1887 duo
1402 1824 1509 1904 puncta

389 1928 434 1993 ad
452 1927 628 1994 cautellam
654 1927 874 1994 ordinavimus
900 1928 1062 2011 replicari.
1087 1927 1188 1994 Ultra
1206 1929 1355 2012 predicta
1369 1927 1509 1994 babemus
1573 1965 1575 1970 -

392 2035 431 2100 de
448 2057 532 2101 novo
549 2062 555 2101 :
572 2035 658 2101 Heri
675 2035 904 2120 applicuerunt
920 2034 985 2100 huc
999 2033 1111 2102 lancee
1128 2033 1155 2100 O
1172 2034 1275 2101 Ducis
1286 2033 1442 2118 Leopoldi
1456 2032 1509 2098 sub

391 2141 497 2209 tribus
513 2142 697 2226 Capitibus,
714 2149 748 2208 et
765 2149 900 2227 possunt
917 2163 987 2209 csse
1005 2143 1081 2225 equi
1099 2142 1216 2224 HEC,
1241 2165 1302 2227 que
1319 2143 1436 2226 Capita
1450 2139 1509 2204 sne

389 2256 467 2316 runt
492 2250 536 2316 ad
562 2250 728 2318 dominum
744 2250 917 2333 Karolum,
934 2251 1106 2318 offerentes
1122 2273 1157 2317 se
1173 2273 1245 2318 cum
1262 2258 1360 2335 gente
1376 2250 1509 2335 predicta

390 2379 449 2443 pro
460 2364 557 2442 parte
572 2358 652 2424 dicti
679 2357 800 2423 domini
825 2358 987 2443 Leopoldi
1012 2359 1055 2426 ad
1080 2380 1208 2426 omnem
1227 2359 1385 2426 honorem
1400 2357 1508 2425 domini

391 2464 494 2546 Regis
511 2470 544 2532 et
560 2464 752 2530 mandatum
769 2484 871 2530 suum.
897 2465 943 2531 Et
958 2487 1016 2550 per
1032 2487 1070 2533 ea
1088 2487 1149 2550 que
1164 2469 1331 2550 potuimus
1348 2467 1509 2550 percipere,

390 2575 445 2640 isti
461 2572 611 2640 videntur
628 2573 756 2641 omnino
773 2593 843 2640 esse
869 2580 1055 2640 constantes
1071 2575 1105 2639 in
1122 2573 1265 2658 capitulo
1298 2574 1459 2658 Tergesti3
1482 2579 1509 2636 et

390 2682 592 2749 arbitramur
617 2687 754 2766 propter
780 2683 956 2749 adventum
981 2684 1119 2748 istarum
1145 2684 1292 2767 gentium
1318 2681 1419 2748 Ducis
1434 2682 1506 2747 beo·

390 2790 489 2876 poldi,
507 2792 594 2876 quod
619 2793 735 2875 petitio
761 2793 914 2877 Tergesti
939 2791 1066 2858 fiatad
1093 2793 1284 2878 petitionem
1300 2795 1403 2877 ipsius
1417 2791 1509 2858 Ducis

390 2900 558 2984 Leopoldi.
576 2899 712 2966 Peterea
728 2901 885 2968 sensimus
903 2923 924 2967 a
940 2907 1030 2967 certo
1047 2902 1081 2966 in
1098 2903 1236 2967 instanti
1251 2902 1344 2982 hora,
1360 2900 1443 2985 quod
1450 2899 1509 2964 Do·

389 3008 495 3072 minus
511 3007 626 3073 Padue
643 3007 824 3075 notificavit
840 3009 972 3074 domino
992 3009 1130 3094 Karolo,
1146 3009 1289 3094 qualiter
1306 3013 1375 3095 ipse
1392 3004 1423 3075 et'
1437 3006 1508 3074 Am·

391 3117 571 3183 basiatores
587 3117 805 3184 Januensium
830 3120 883 3185 die
909 3118 1071 3184 dominico
1096 3120 1245 3203 proximo
1264 3139 1334 3186 esse
1351 3115 1507 3185 intendunt
1572 3149 1573 3152 ¹

390 3227 424 3290 in
442 3249 556 3311 campo
569 3228 665 3312 juxta
681 3228 874 3320 Tarvisium,
892 3235 925 3294 et
939 3251 999 3313 pro
1014 3233 1164 3296 tractatu
1182 3230 1273 3314 pacis
1289 3229 1395 3295 fiendo
1410 3248 1510 3294 secun·

389 3334 467 3399 dum
483 3334 629 3400 ordinem
656 3335 768 3402 datum
793 3359 851 3420 per
878 3337 1043 3403 dominum
1060 3337 1206 3420 Regem3
1231 3359 1334 3421 qnare
1361 3335 1509 3420 suppbca

389 3444 437 3508 rit
463 3444 524 3526 ipsi
550 3442 679 3509 domino
706 3444 844 3527 Karolo,
871 3445 1058 3530 quodcum
1084 3446 1157 3530 aliis
1173 3445 1361 3512 Beronibus
1378 3451 1410 3511 et
1424 3449 1509 3528 gente

390 3572 449 3616 sua
464 3551 634 3618 reduceret
650 3573 683 3616 se
699 3554 786 3619 circa
811 3553 995 3620 Tarvisium
1012 3553 1055 3620 ad
1070 3555 1246 3620 terminum
1263 3553 1461 3637 predictum,
1481 3555 1510 3614 et

389 3679 462 3724 cras
479 3657 576 3725 debet
592 3661 714 3726 moveri
739 3682 871 3745 campus
898 3663 938 3728 de
964 3664 1114 3747 partibus
1130 3663 1213 3728 istis.
1230 3660 1509 3729 Tamannouna

389 3766 506 3849 dimus,
524 3769 618 3855 vquod
645 3769 793 3835 dominus
820 3769 969 3838 Karolus
994 3779 1027 3839 et
1051 3773 1108 3858 alij
1135 3772 1285 3838 Barones
1302 3772 1379 3838 binc
1393 3774 1439 3836 ita
1453 3771 1510 3835 cito

388 3873 550 3940 recedant.
566 3874 727 3942 Dominus
743 3876 886 3959 Magnus
904 3876 1021 3945 Comes
1039 3879 1212 3946 Palatinus
1229 3886 1278 3944 est
1294 3881 1348 3946 bio
1363 3901 1469 3965 prope,
1484 3883 1510 3940 et

388 4002 460 4047 cras
485 3981 537 4047 bic
562 3983 692 4048 omnino
718 4005 788 4050 esse
814 3984 920 4051 debet.
952 3987 1099 4052 Litteras
1126 3985 1369 4055 Dominatiouis
1400 3985 1510 4054 Vestro

388 4090 484 4156 datas
509 4087 654 4156 XXIII.
680 4095 713 4156 et
737 4090 900 4159 XXHII.
926 4093 1008 4162 bene
1033 4098 1222 4182 recepimus.
1253 4095 1356 4163 Sacili
1381 4091 1510 4162 XXVI.

390 4195 538 4282 Augusti
553 4197 634 4265 bora
650 4197 772 4266 XXII.

497 4303 669 4389 Replicata
694 4307 746 4374 die
772 4307 949 4380 XXVIII.
976 4310 1122 4398 Augusti
1142 4335 1216 4381 cum
1231 4315 1298 4381 ista
1312 4314 1510 4381 addictione:
1572 4349 1573 4352 =

390 4410 477 4494 quod
494 4413 577 4481 sicut
593 4436 652 4499 per
669 4416 750 4483 alias
766 4416 895 4484 litteras
914 4428 1044 4487 nostras
1061 4423 1259 4506 scripsimus,
1275 4422 1413 4502 videtur,
1431 4419 1509 4504 quod

391 4517 416 4583 J
418 4539 577 4586 annenses
607 4521 779 4590 intendant
794 4545 913 4608 ponere
940 4534 1070 4612 gentem
1087 4531 1120 4595 in
1136 4530 1242 4611 litore,
1260 4537 1293 4596 et
1308 4551 1451 4616 pugnare
1467 4533 1509 4594 sta
