3214 5250
725 367 962 414 nrruounozrnr
979 357 1145 414 umidarum

902 659 976 720 385.

376 821 521 890 Toartlco
536 821 587 888 II.
602 821 714 884 Isinda
730 820 818 885 ozerb
834 821 867 884 c'o
882 819 1025 884 ὂοεεηίαἰ
1054 819 1236 906 kirdlyaak
1261 821 1367 886 kdvelc
1397 821 1518 885 Velen-

640 930 739 995 rzc'bdl
757 928 976 994 oisszootozilc
993 931 1122 992 urdkoz.
1141 931 1236 994 1388.

483 1091 583 1158 Anno
614 1088 986 1158 MCCOLXXXVHI.
1019 1090 1194 1156 indictione
1225 1089 1290 1156 XL
1323 1091 1376 1156 die
1408 1093 1521 1157 tercio

377 1201 495 1266 mensis
511 1199 612 1266 Maii:
630 1201 716 1284 quod
732 1221 816 1265 unus
832 1197 1051 1264 Ambaxiotor
1068 1196 1258 1265 Serenissim
1269 1199 1395 1266 domiui
1406 1200 1521 1285 Regis

378 1309 497 1374 Rassie
514 1310 618 1392 possit
633 1309 736 1375 levari
753 1330 851 1392 super
866 1307 1069 1392 presentibus
1086 1308 1190 1391 galeis
1207 1307 1339 1392 Culphy
1365 1330 1440 1373 cum
1470 1309 1522 1373 sa·

377 1419 482 1497 mulis,
499 1417 656 1484 localibus
672 1425 705 1483 et
720 1416 845 1484 levibus
860 1417 1007 1498 ornesiis,
1023 1423 1056 1480 et
1072 1416 1191 1500 deponi
1206 1417 1240 1480 in
1257 1414 1445 1482 Solsvonis„

482 1563 518 1626 (Α
534 1565 641 1614 ›uisu‹
656 1549 745 1614 oziau
759 1565 897 1614 verenczer
911 1563 1138 1628 ellamkonyvbol
1152 1565 1211 1615 xn.
1225 1564 1282 1613 roe.
1297 1567 1359 1614 sss.
1373 1564 1405 1622 1.)

866 1723 1021 1736 ——u-Q

907 1877 982 1938 386.

382 2033 412 2100 A
429 2033 581 2102 velenczei
597 2037 809 2122 kiiztdrsaso'q
834 2033 951 2100 kliuelet
977 2033 1060 2102 kield
1086 2035 1254 2115 Georrdbo,
1279 2036 1361 2124 hoqy
1379 2058 1455 2100 ezem
1473 2032 1526 2097 a'l·

383 2146 520 2210 lametula
536 2171 557 2210 a
574 2147 840 2232 mopyororszo'pi
856 2145 988 2248 ttpyelset
1017 2149 1175 2232 tdrpyozp'
1201 2145 1382 2209 szdadokor
1406 2145 1523 2208 lcitud·

838 2255 945 2317 hassa.
965 2255 1061 2317 1388.

394 2408 398 2416 ’
491 2413 591 2479 Anno
617 2405 991 2479 MCCCLXXXVIII.
1016 2413 1195 2478 indictione
1222 2412 1289 2478 XI.
1315 2409 1369 2476 die
1395 2421 1521 2495 quarto

386 2523 504 2586 mensis
521 2522 614 2588 Maii.
631 2519 795 2604 Capta:
814 2518 899 2604 Quia
916 2519 1116 2603 divulgatum
1134 2527 1184 2586 est
1201 2527 1234 2586 et
1250 2520 1441 2604 divulgatur
1461 2541 1524 2604 per

388 2632 525 2716 aliquos,
542 2630 628 2714 quod
644 2629 785 2694 intencio
802 2627 1017 2694 Januensium
1045 2635 1095 2695 est
1121 2651 1194 2695 cum
1219 2630 1333 2714 galeis,
1358 2649 1443 2713 quas
1472 2651 1524 2694 ar·

388 2746 480 2807 ruant
506 2740 550 2804 od
574 2761 716 2823 presens,
742 2736 792 2802 vel
818 2759 890 2802 cum
916 2745 1012 2822 parte
1029 2759 1139 2803 earum
1157 2736 1335 2804 conducere
1351 2737 1524 2821 adportes

389 2849 559 2913 Dalmacie
585 2847 749 2912 dominam
775 2846 935 2930 Reginam
951 2847 1169 2931 Margaritam
1195 2853 1228 2912 et
1252 2848 1322 2912 eius
1346 2845 1463 2926 filium,
1490 2853 1524 2910 et

389 2957 518 3041 sapiens
544 2956 587 3020 sit
612 2954 734 3020 habere
769 2975 866 3038 super
902 2955 963 3020 hoc
993 2954 1089 3037 facto,
1121 2954 1207 3040 quod
1237 2954 1524 3020 vehementissime

388 3065 500 3148 tangit
525 3069 646 3128 statum
672 3069 826 3146 nostrum,
855 3062 929 3128 illas
958 3063 1195 3130 declarationes
1212 3072 1246 3131 et
1260 3063 1525 3142 informationes

389 3195 450 3260 que
476 3173 588 3238 haberi
617 3177 759 3257 possunt,
784 3177 822 3237 ut
840 3173 943 3256 possit
958 3172 1055 3240 factis
1081 3177 1201 3240 nostris
1227 3175 1389 3241 salubrius
1412 3174 1526 3258 prori-

389 3281 476 3360 deri3
510 3279 601 3344 radit
633 3302 716 3362 pars,
751 3281 838 3363 quod
864 3280 1045 3364 Collegium
1076 3283 1217 3366 Domini,
1249 3281 1525 3348 Consilisriorum

391 3386 549 3472 Cupitum
576 3395 609 3454 et
637 3387 829 3472 Sapientum
846 3388 983 3455 Consilii
1009 3396 1041 3454 et
1066 3386 1226 3458 Ordinum
1244 3391 1365 3457 habeat
1388 3388 1524 3456 liberta—

390 3483 456 3561 tem
481 3495 631 3562 mittendi
656 3496 801 3564 Januom
828 3518 927 3562 unum
954 3497 1167 3566 sufficientem
1192 3502 1343 3566 nuncium
1365 3521 1438 3564 cum
1465 3498 1524 3562 illa

394 3605 615 3670 commissione
633 3613 666 3670 et
682 3608 786 3674 verbis
812 3607 944 3674 utilibus
968 3614 1001 3674 et
1026 3609 1207 3696 fructuosis,
1233 3633 1295 3694 que
1320 3610 1399 3676 dieti
1414 3605 1522 3674 Colle
1602 3683 1604 3690 Α

391 3715 445 3798 gio
471 3715 521 3779 vel
547 3715 665 3781 maiori
689 3717 776 3799 porti
804 3717 1001 3783 videbuntur
1027 3739 1087 3804 pro
1113 3719 1197 3785 bono
1223 3717 1423 3806 agendorum
1453 3739 1522 3802 pre·
1603 3751 1604 3754 ¹

392 3821 560 3888 dictorum.

392 3972 428 4034 (A
455 3971 582 4021 »Secreta
607 3973 721 4023 Consilii
743 3974 932 4038 Rogatorum«
957 3975 1048 4024 ozimd
1070 3977 1292 4030 rillamaktstkbdl
1316 3982 1347 4030 R.
1371 3981 1515 4032 kotetsnol

885 4071 975 4118 18.sz.
991 4069 1027 4130 a.)

880 4338 1039 4348 ..-..--..-..
