<?xml version="1.0" encoding="UTF-8"?>
<!DOCTYPE html PUBLIC "-//W3C//DTD XHTML 1.0 Transitional//EN"
    "http://www.w3.org/TR/xhtml1/DTD/xhtml1-transitional.dtd">
<html xmlns="http://www.w3.org/1999/xhtml" xml:lang="en" lang="en">
 <head>
  <title>
</title>
<meta http-equiv="Content-Type" content="text/html;charset=utf-8" />
  <meta name='ocr-system' content='tesseract 3.04.00' />
  <meta name='ocr-capabilities' content='ocr_page ocr_carea ocr_par ocr_line ocrx_word'/>
</head>
<body>
  <div class='ocr_page' id='page_1' title='image "./magyardiplomacz00wenzgoog_0441.png"; bbox 0 0 3190 5252; ppageno 0'>
   <div class='ocr_carea' id='block_1_1' title="bbox 641 407 1249 485">
    <p class='ocr_par' dir='ltr' id='par_1_1' title="bbox 641 407 1249 485">
     <span class='ocr_line' id='line_1_1' title="bbox 641 407 1249 485; baseline -0.003 -2"><span class='ocrx_word' id='word_1_1' title='bbox 641 422 736 485; x_wconf 85' lang='lat' dir='ltr'><strong>1aso.</strong></span> <span class='ocrx_word' id='word_1_2' title='bbox 1184 407 1249 483; x_wconf 79' lang='lat'><strong>421</strong></span> 
     </span>
    </p>
   </div>
   <div class='ocr_carea' id='block_1_2' title="bbox 120 595 1248 681">
    <p class='ocr_par' dir='ltr' id='par_1_2' title="bbox 120 595 1248 681">
     <span class='ocr_line' id='line_1_2' title="bbox 120 595 1248 681; baseline 0.002 -21"><span class='ocrx_word' id='word_1_3' title='bbox 120 617 217 680; x_wconf 84' lang='lat' dir='ltr'><strong>quam</strong></span> <span class='ocrx_word' id='word_1_4' title='bbox 234 595 274 662; x_wconf 87' lang='lat' dir='ltr'><strong>ds</strong></span> <span class='ocrx_word' id='word_1_5' title='bbox 290 617 399 662; x_wconf 89' lang='lat' dir='ltr'><strong>mense</strong></span> <span class='ocrx_word' id='word_1_6' title='bbox 416 596 570 664; x_wconf 73' lang='lat' dir='ltr'><strong>Octobris</strong></span> <span class='ocrx_word' id='word_1_7' title='bbox 586 599 732 681; x_wconf 84' lang='lat' dir='ltr'><strong>proxime</strong></span> <span class='ocrx_word' id='word_1_8' title='bbox 744 595 902 680; x_wconf 88' lang='lat' dir='ltr'><strong>preteriti,</strong></span> <span class='ocrx_word' id='word_1_9' title='bbox 914 603 951 662; x_wconf 92' lang='lat' dir='ltr'><strong>ut</strong></span> <span class='ocrx_word' id='word_1_10' title='bbox 967 596 1083 679; x_wconf 86' lang='lat' dir='ltr'><strong>dictur,</strong></span> <span class='ocrx_word' id='word_1_11' title='bbox 1100 598 1248 663; x_wconf 89' lang='lat' dir='ltr'><strong>dominus</strong></span> 
     </span>
    </p>
   </div>
   <div class='ocr_carea' id='block_1_3' title="bbox 1 702 1248 789">
    <p class='ocr_par' dir='ltr' id='par_1_3' title="bbox 1 702 1248 789">
     <span class='ocr_line' id='line_1_3' title="bbox 1 702 1248 789; baseline 0.001 -20"><span class='ocrx_word' id='word_1_12' title='bbox 1 739 2 746; x_wconf 20' lang='grc' dir='ltr'><strong>κ</strong></span> <span class='ocrx_word' id='word_1_13' title='bbox 119 702 291 770; x_wconf 86' lang='lat' dir='ltr'><strong>Johannes</strong></span> <span class='ocrx_word' id='word_1_14' title='bbox 307 702 419 770; x_wconf 87' lang='lat' dir='ltr'><strong>Banus</strong></span> <span class='ocrx_word' id='word_1_15' title='bbox 435 703 674 771; x_wconf 88' lang='lat' dir='ltr'><strong>Machoviensis</strong></span> <span class='ocrx_word' id='word_1_16' title='bbox 691 711 768 770; x_wconf 91' lang='lat' dir='ltr'><strong>tuno</strong></span> <span class='ocrx_word' id='word_1_17' title='bbox 781 726 840 789; x_wconf 89' lang='lat' dir='ltr'><strong>pro</strong></span> <span class='ocrx_word' id='word_1_18' title='bbox 858 704 945 769; x_wconf 87' lang='lat' dir='ltr'><strong>dicto</strong></span> <span class='ocrx_word' id='word_1_19' title='bbox 965 703 1058 788; x_wconf 83' lang='lat' dir='ltr'><strong>Rege</strong></span> <span class='ocrx_word' id='word_1_20' title='bbox 1078 703 1248 787; x_wconf 83' lang='lat' dir='ltr'><strong>Ungbaric</strong></span> 
     </span>
    </p>
   </div>
   <div class='ocr_carea' id='block_1_4' title="bbox 1 807 1246 897">
    <p class='ocr_par' dir='ltr' id='par_1_4' title="bbox 1 807 1246 897">
     <span class='ocr_line' id='line_1_4' title="bbox 1 807 1246 897; baseline 0.006 -27"><span class='ocrx_word' id='word_1_21' title='bbox 1 811 2 870; x_wconf 70' lang='lat' dir='ltr'>L</span> <span class='ocrx_word' id='word_1_22' title='bbox 120 807 323 895; x_wconf 71' lang='lat' dir='ltr'>capitaneus</span> <span class='ocrx_word' id='word_1_23' title='bbox 341 809 513 877; x_wconf 81' lang='lat' dir='ltr'>Generalis</span> <span class='ocrx_word' id='word_1_24' title='bbox 530 811 737 897; x_wconf 84' lang='lat' dir='ltr'><strong>Ungarorum</strong></span> <span class='ocrx_word' id='word_1_25' title='bbox 753 813 786 878; x_wconf 92' lang='lat' dir='ltr'><strong>in</strong></span> <span class='ocrx_word' id='word_1_26' title='bbox 803 812 953 896; x_wconf 87' lang='lat' dir='ltr'><strong>partibus</strong></span> <span class='ocrx_word' id='word_1_27' title='bbox 969 811 1087 878; x_wconf 80' lang='lat' dir='ltr'><strong>Tuscis</strong></span> <span class='ocrx_word' id='word_1_28' title='bbox 1107 812 1246 878; x_wconf 86' lang='lat' dir='ltr'><strong>existen·</strong></span> 
     </span>
    </p>
   </div>
   <div class='ocr_carea' id='block_1_5' title="bbox 1 917 1250 1005">
    <p class='ocr_par' dir='ltr' id='par_1_5' title="bbox 1 917 1250 1005">
     <span class='ocr_line' id='line_1_5' title="bbox 1 917 1250 1005; baseline 0.002 -22"><span class='ocrx_word' id='word_1_29' title='bbox 1 985 2 990; x_wconf 64' lang='grc'>,</span> <span class='ocrx_word' id='word_1_30' title='bbox 122 921 212 1000; x_wconf 86' lang='lat' dir='ltr'><strong>tium,</strong></span> <span class='ocrx_word' id='word_1_31' title='bbox 228 917 352 984; x_wconf 81' lang='lat' dir='ltr'><strong>dimisit</strong></span> <span class='ocrx_word' id='word_1_32' title='bbox 369 919 408 984; x_wconf 93' lang='lat' dir='ltr'><strong>de</strong></span> <span class='ocrx_word' id='word_1_33' title='bbox 424 940 550 987; x_wconf 85' lang='lat' dir='ltr'><strong>summa</strong></span> <span class='ocrx_word' id='word_1_34' title='bbox 569 920 791 1004; x_wconf 86' lang='lat' dir='ltr'><strong>quadraginta</strong></span> <span class='ocrx_word' id='word_1_35' title='bbox 815 919 940 985; x_wconf 91' lang='lat' dir='ltr'><strong>milium</strong></span> <span class='ocrx_word' id='word_1_36' title='bbox 966 919 1162 986; x_wconf 87' lang='lat' dir='ltr'><strong>florenorum</strong></span> <span class='ocrx_word' id='word_1_37' title='bbox 1187 921 1250 1005; x_wconf 88' lang='lat' dir='ltr'><strong>ipsi</strong></span> 
     </span>
    </p>
   </div>
   <div class='ocr_carea' id='block_1_6' title="bbox 118 1026 1250 1220">
    <p class='ocr_par' dir='ltr' id='par_1_6' title="bbox 118 1026 1250 1220">
     <span class='ocr_line' id='line_1_6' title="bbox 118 1026 1248 1112; baseline 0.001 -19"><span class='ocrx_word' id='word_1_38' title='bbox 118 1027 304 1110; x_wconf 84' lang='lat' dir='ltr'><strong>Capitoneo</strong></span> <span class='ocrx_word' id='word_1_39' title='bbox 329 1032 366 1092; x_wconf 92' lang='lat' dir='ltr'><strong>ut</strong></span> <span class='ocrx_word' id='word_1_40' title='bbox 381 1028 589 1111; x_wconf 84' lang='lat' dir='ltr'><strong>procuratori</strong></span> <span class='ocrx_word' id='word_1_41' title='bbox 604 1027 684 1094; x_wconf 88' lang='lat' dir='ltr'><strong>dieti</strong></span> <span class='ocrx_word' id='word_1_42' title='bbox 710 1028 833 1093; x_wconf 91' lang='lat' dir='ltr'><strong>domini</strong></span> <span class='ocrx_word' id='word_1_43' title='bbox 857 1026 960 1112; x_wconf 82' lang='lat' dir='ltr'><strong>Regis</strong></span> <span class='ocrx_word' id='word_1_44' title='bbox 985 1048 1044 1112; x_wconf 89' lang='lat' dir='ltr'><strong>per</strong></span> <span class='ocrx_word' id='word_1_45' title='bbox 1070 1027 1248 1095; x_wconf 82' lang='lat' dir='ltr'><strong>Commune</strong></span> 
     </span>
     <span class='ocr_line' id='line_1_7' title="bbox 118 1132 1250 1220; baseline 0 -20"><span class='ocrx_word' id='word_1_46' title='bbox 118 1135 293 1201; x_wconf 82' lang='lat' dir='ltr'><strong>Florentio</strong></span> <span class='ocrx_word' id='word_1_47' title='bbox 323 1141 546 1201; x_wconf 80' lang='lat' dir='ltr'><strong>mutuaturum</strong></span> <span class='ocrx_word' id='word_1_48' title='bbox 571 1156 668 1220; x_wconf 88' lang='lat' dir='ltr'><strong>penes</strong></span> <span class='ocrx_word' id='word_1_49' title='bbox 694 1135 858 1201; x_wconf 91' lang='lat' dir='ltr'><strong>dominum</strong></span> <span class='ocrx_word' id='word_1_50' title='bbox 883 1134 1024 1202; x_wconf 88' lang='lat' dir='ltr'><strong>Rossum</strong></span> <span class='ocrx_word' id='word_1_51' title='bbox 1052 1132 1093 1200; x_wconf 89' lang='lat' dir='ltr'><strong>de</strong></span> <span class='ocrx_word' id='word_1_52' title='bbox 1117 1133 1250 1216; x_wconf 88' lang='lat' dir='ltr'><strong>Ricciis‚</strong></span> 
     </span>
    </p>
   </div>
   <div class='ocr_carea' id='block_1_7' title="bbox 1 1241 1250 1327">
    <p class='ocr_par' dir='ltr' id='par_1_7' title="bbox 1 1241 1250 1327">
     <span class='ocr_line' id='line_1_8' title="bbox 1 1241 1250 1327; baseline 0.002 -20"><span class='ocrx_word' id='word_1_53' title='bbox 1 1307 3 1318; x_wconf 69' lang='grc'>,</span> <span class='ocrx_word' id='word_1_54' title='bbox 116 1243 286 1309; x_wconf 91' lang='lat' dir='ltr'><strong>dominum</strong></span> <span class='ocrx_word' id='word_1_55' title='bbox 300 1242 471 1308; x_wconf 87' lang='lat' dir='ltr'><strong>Bettinum</strong></span> <span class='ocrx_word' id='word_1_56' title='bbox 487 1243 527 1309; x_wconf 89' lang='lat' dir='ltr'><strong>de</strong></span> <span class='ocrx_word' id='word_1_57' title='bbox 544 1241 731 1309; x_wconf 82' lang='lat' dir='ltr'><strong>Covonibus</strong></span> <span class='ocrx_word' id='word_1_58' title='bbox 742 1243 876 1326; x_wconf 87' lang='lat' dir='ltr'><strong>Milites,</strong></span> <span class='ocrx_word' id='word_1_59' title='bbox 887 1249 921 1309; x_wconf 87' lang='lat' dir='ltr'><strong>et</strong></span> <span class='ocrx_word' id='word_1_60' title='bbox 929 1244 955 1309; x_wconf 90' lang='lat' dir='ltr'><strong>J</strong></span> <span class='ocrx_word' id='word_1_61' title='bbox 956 1264 1093 1327; x_wconf 78' lang='lat' dir='ltr'><strong>osopum</strong></span> <span class='ocrx_word' id='word_1_62' title='bbox 1103 1242 1250 1310; x_wconf 88' lang='lat' dir='ltr'><strong>Michae-</strong></span> 
     </span>
    </p>
   </div>
   <div class='ocr_carea' id='block_1_8' title="bbox 114 1349 1247 1439">
    <p class='ocr_par' dir='ltr' id='par_1_8' title="bbox 1 1329 1247 1439">
     <span class='ocr_line' id='line_1_9' title="bbox 114 1349 1247 1439; baseline -0.002 -21.181"><span class='ocrx_word' id='word_1_63' title='bbox 114 1352 156 1417; x_wconf 92' lang='lat' dir='ltr'><strong>lis</strong></span> <span class='ocrx_word' id='word_1_64' title='bbox 173 1349 228 1416; x_wconf 90' lang='lat' dir='ltr'><strong>del</strong></span> <span class='ocrx_word' id='word_1_65' title='bbox 243 1351 350 1439; x_wconf 78' lang='lat' dir='ltr'><strong>Rosso</strong></span> <span class='ocrx_word' id='word_1_66' title='bbox 377 1357 411 1416; x_wconf 85' lang='lat' dir='ltr'><strong>et</strong></span> <span class='ocrx_word' id='word_1_67' title='bbox 440 1349 635 1417; x_wconf 76' lang='lat' dir='ltr'><strong>silvestrum</strong></span> <span class='ocrx_word' id='word_1_68' title='bbox 662 1352 824 1418; x_wconf 87' lang='lat' dir='ltr'><strong>Johannis</strong></span> <span class='ocrx_word' id='word_1_69' title='bbox 845 1349 1053 1417; x_wconf 84' lang='lat' dir='ltr'><strong>Cortenuova</strong></span> <span class='ocrx_word' id='word_1_70' title='bbox 1069 1351 1152 1417; x_wconf 88' lang='lat' dir='ltr'><strong>cives</strong></span> <span class='ocrx_word' id='word_1_71' title='bbox 1169 1351 1247 1417; x_wconf 86' lang='lat' dir='ltr'><strong>Flo·</strong></span> 
     </span>
    </p>
   </div>
   <div class='ocr_carea' id='block_1_9' title="bbox 1 1452 1247 1543">
    <p class='ocr_par' dir='ltr' id='par_1_9' title="bbox 1 1452 1247 1543">
     <span class='ocr_line' id='line_1_10' title="bbox 1 1452 1247 1543; baseline 0.002 -19"><span class='ocrx_word' id='word_1_72' title='bbox 1 1452 2 1496; x_wconf 55' lang='lat'>7</span> <span class='ocrx_word' id='word_1_73' title='bbox 116 1459 263 1525; x_wconf 83' lang='lat' dir='ltr'><strong>reatinos</strong></span> <span class='ocrx_word' id='word_1_74' title='bbox 274 1456 617 1525; x_wconf 83' lang='lat' dir='ltr'><strong>tuncAmbaxiatores</strong></span> <span class='ocrx_word' id='word_1_75' title='bbox 635 1464 667 1526; x_wconf 85' lang='lat' dir='ltr'><strong>et</strong></span> <span class='ocrx_word' id='word_1_76' title='bbox 683 1457 833 1526; x_wconf 86' lang='lat' dir='ltr'><strong>Sindicos</strong></span> <span class='ocrx_word' id='word_1_77' title='bbox 849 1459 952 1543; x_wconf 88' lang='lat' dir='ltr'><strong>ipsius</strong></span> <span class='ocrx_word' id='word_1_78' title='bbox 970 1457 1247 1527; x_wconf 79' lang='lat' dir='ltr'><strong>CommunisFlo·</strong></span> 
     </span>
    </p>
   </div>
   <div class='ocr_carea' id='block_1_10' title="bbox 114 1566 1249 1650">
    <p class='ocr_par' dir='ltr' id='par_1_10' title="bbox 1 1563 1249 1662">
     <span class='ocr_line' id='line_1_11' title="bbox 114 1566 1249 1650; baseline 0.002 -17.819"><span class='ocrx_word' id='word_1_79' title='bbox 114 1567 231 1647; x_wconf 89' lang='lat' dir='ltr'><strong>rentie,</strong></span> <span class='ocrx_word' id='word_1_80' title='bbox 249 1573 283 1632; x_wconf 89' lang='lat' dir='ltr'><strong>et</strong></span> <span class='ocrx_word' id='word_1_81' title='bbox 299 1589 361 1650; x_wconf 91' lang='lat' dir='ltr'><strong>que</strong></span> <span class='ocrx_word' id='word_1_82' title='bbox 378 1567 491 1633; x_wconf 88' lang='lat' dir='ltr'><strong>decem</strong></span> <span class='ocrx_word' id='word_1_83' title='bbox 507 1568 598 1634; x_wconf 90' lang='lat' dir='ltr'><strong>milia</strong></span> <span class='ocrx_word' id='word_1_84' title='bbox 613 1566 808 1633; x_wconf 87' lang='lat' dir='ltr'><strong>florenorum</strong></span> <span class='ocrx_word' id='word_1_85' title='bbox 825 1567 931 1633; x_wconf 91' lang='lat' dir='ltr'><strong>dictus</strong></span> <span class='ocrx_word' id='word_1_86' title='bbox 957 1567 1106 1632; x_wconf 90' lang='lat' dir='ltr'><strong>domiuus</strong></span> <span class='ocrx_word' id='word_1_87' title='bbox 1122 1566 1249 1634; x_wconf 86' lang='lat' dir='ltr'><strong>Johan·</strong></span> 
     </span>
    </p>
   </div>
   <div class='ocr_carea' id='block_1_11' title="bbox 1 1672 1250 1974">
    <p class='ocr_par' dir='ltr' id='par_1_11' title="bbox 1 1672 1250 1974">
     <span class='ocr_line' id='line_1_12' title="bbox 1 1672 1250 1760; baseline -0.001 -16"><span class='ocrx_word' id='word_1_88' title='bbox 1 1672 3 1744; x_wconf 86' lang='lat' dir='ltr'><strong>i</strong></span> <span class='ocrx_word' id='word_1_89' title='bbox 115 1699 176 1740; x_wconf 90' lang='lat' dir='ltr'><strong>nes</strong></span> <span class='ocrx_word' id='word_1_90' title='bbox 192 1674 276 1741; x_wconf 84' lang='lat' dir='ltr'><strong>dixit</strong></span> <span class='ocrx_word' id='word_1_91' title='bbox 290 1675 362 1740; x_wconf 87' lang='lat' dir='ltr'><strong>dari</strong></span> <span class='ocrx_word' id='word_1_92' title='bbox 377 1674 460 1742; x_wconf 84' lang='lat' dir='ltr'><strong>velle</strong></span> <span class='ocrx_word' id='word_1_93' title='bbox 476 1676 563 1741; x_wconf 90' lang='lat' dir='ltr'><strong>dicto</strong></span> <span class='ocrx_word' id='word_1_94' title='bbox 580 1676 711 1742; x_wconf 91' lang='lat' dir='ltr'><strong>domino</strong></span> <span class='ocrx_word' id='word_1_95' title='bbox 727 1676 866 1758; x_wconf 87' lang='lat' dir='ltr'><strong>Karolo‚</strong></span> <span class='ocrx_word' id='word_1_96' title='bbox 882 1682 981 1760; x_wconf 88' lang='lat' dir='ltr'><strong>prout</strong></span> <span class='ocrx_word' id='word_1_97' title='bbox 996 1675 1036 1741; x_wconf 90' lang='lat' dir='ltr'><strong>de</strong></span> <span class='ocrx_word' id='word_1_98' title='bbox 1053 1675 1105 1742; x_wconf 89' lang='lat' dir='ltr'><strong>his</strong></span> <span class='ocrx_word' id='word_1_99' title='bbox 1121 1682 1250 1743; x_wconf 89' lang='lat' dir='ltr'><strong>constat</strong></span> 
     </span>
     <span class='ocr_line' id='line_1_13' title="bbox 1 1780 1250 1869; baseline -0.002 -19"><span class='ocrx_word' id='word_1_100' title='bbox 1 1858 2 1869; x_wconf 9' lang='grc' dir='ltr'>χ</span> <span class='ocrx_word' id='word_1_101' title='bbox 115 1807 156 1850; x_wconf 83' lang='lat' dir='ltr'><strong>sx</strong></span> <span class='ocrx_word' id='word_1_102' title='bbox 174 1780 314 1848; x_wconf 87' lang='lat' dir='ltr'><strong>Publieo</strong></span> <span class='ocrx_word' id='word_1_103' title='bbox 330 1784 544 1850; x_wconf 89' lang='lat' dir='ltr'><strong>instrumento</strong></span> <span class='ocrx_word' id='word_1_104' title='bbox 561 1782 637 1848; x_wconf 86' lang='lat' dir='ltr'><strong>inde</strong></span> <span class='ocrx_word' id='word_1_105' title='bbox 653 1783 798 1848; x_wconf 85' lang='lat' dir='ltr'><strong>conlecto</strong></span> <span class='ocrx_word' id='word_1_106' title='bbox 815 1804 873 1867; x_wconf 90' lang='lat' dir='ltr'><strong>per</strong></span> <span class='ocrx_word' id='word_1_107' title='bbox 890 1781 1034 1848; x_wconf 85' lang='lat' dir='ltr'><strong>Paulum</strong></span> <span class='ocrx_word' id='word_1_108' title='bbox 1044 1783 1193 1849; x_wconf 89' lang='lat' dir='ltr'><strong>Poncelli</strong></span> <span class='ocrx_word' id='word_1_109' title='bbox 1209 1784 1250 1849; x_wconf 91' lang='lat' dir='ltr'><strong>de</strong></span> 
     </span>
     <span class='ocr_line' id='line_1_14' title="bbox 1 1883 1250 1974; baseline -0.001 -17"><span class='ocrx_word' id='word_1_110' title='bbox 1 1883 2 1926; x_wconf 64' lang='lat'>³</span> <span class='ocrx_word' id='word_1_111' title='bbox 115 1890 255 1957; x_wconf 87' lang='lat' dir='ltr'><strong>Cerreto</strong></span> <span class='ocrx_word' id='word_1_112' title='bbox 265 1888 443 1956; x_wconf 88' lang='lat' dir='ltr'><strong>Notarium</strong></span> <span class='ocrx_word' id='word_1_113' title='bbox 454 1889 626 1957; x_wconf 83' lang='lat' dir='ltr'><strong>Publicum</strong></span> <span class='ocrx_word' id='word_1_114' title='bbox 643 1889 702 1955; x_wconf 92' lang='lat' dir='ltr'><strong>sub</strong></span> <span class='ocrx_word' id='word_1_115' title='bbox 718 1889 771 1955; x_wconf 90' lang='lat' dir='ltr'><strong>die</strong></span> <span class='ocrx_word' id='word_1_116' title='bbox 787 1911 871 1955; x_wconf 91' lang='lat' dir='ltr'><strong>nono</strong></span> <span class='ocrx_word' id='word_1_117' title='bbox 881 1891 999 1954; x_wconf 88' lang='lat' dir='ltr'><strong>mensis</strong></span> <span class='ocrx_word' id='word_1_118' title='bbox 1016 1890 1168 1957; x_wconf 87' lang='lat' dir='ltr'><strong>Octobris</strong></span> <span class='ocrx_word' id='word_1_119' title='bbox 1177 1912 1250 1974; x_wconf 89' lang='lat' dir='ltr'><strong>pro·</strong></span> 
     </span>
    </p>
   </div>
   <div class='ocr_carea' id='block_1_12' title="bbox 112 1996 1250 2082">
    <p class='ocr_par' dir='ltr' id='par_1_12' title="bbox 112 1996 1250 2082">
     <span class='ocr_line' id='line_1_15' title="bbox 112 1996 1250 2082; baseline -0.003 -18"><span class='ocrx_word' id='word_1_120' title='bbox 112 2000 204 2064; x_wconf 86' lang='lat' dir='ltr'><strong>xime</strong></span> <span class='ocrx_word' id='word_1_121' title='bbox 219 1998 386 2082; x_wconf 80' lang='lat' dir='ltr'><strong>preteriti3</strong></span> <span class='ocrx_word' id='word_1_122' title='bbox 411 2003 444 2063; x_wconf 89' lang='lat' dir='ltr'><strong>et</strong></span> <span class='ocrx_word' id='word_1_123' title='bbox 468 1998 509 2063; x_wconf 92' lang='lat' dir='ltr'><strong>de</strong></span> <span class='ocrx_word' id='word_1_124' title='bbox 525 1998 612 2063; x_wconf 90' lang='lat' dir='ltr'><strong>dioto</strong></span> <span class='ocrx_word' id='word_1_125' title='bbox 628 2005 741 2065; x_wconf 87' lang='lat' dir='ltr'><strong>mutuo</strong></span> <span class='ocrx_word' id='word_1_126' title='bbox 763 2005 893 2064; x_wconf 86' lang='lat' dir='ltr'><strong>constat</strong></span> <span class='ocrx_word' id='word_1_127' title='bbox 914 2019 954 2063; x_wconf 88' lang='lat' dir='ltr'><strong>ex</strong></span> <span class='ocrx_word' id='word_1_128' title='bbox 979 1996 1108 2082; x_wconf 89' lang='lat' dir='ltr'><strong>publico</strong></span> <span class='ocrx_word' id='word_1_129' title='bbox 1132 1997 1250 2064; x_wconf 91' lang='lat' dir='ltr'><strong>instru-</strong></span> 
     </span>
    </p>
   </div>
   <div class='ocr_carea' id='block_1_13' title="bbox 1 2104 1248 2300">
    <p class='ocr_par' dir='ltr' id='par_1_13' title="bbox 1 2104 1248 2300">
     <span class='ocr_line' id='line_1_16' title="bbox 1 2104 1248 2196; baseline -0.003 -22"><span class='ocrx_word' id='word_1_130' title='bbox 1 2135 3 2196; x_wconf 48' lang='lat'>4</span> <span class='ocrx_word' id='word_1_131' title='bbox 113 2112 229 2172; x_wconf 87' lang='lat' dir='ltr'><strong>mento</strong></span> <span class='ocrx_word' id='word_1_132' title='bbox 246 2105 368 2190; x_wconf 85' lang='lat' dir='ltr'><strong>scripto</strong></span> <span class='ocrx_word' id='word_1_133' title='bbox 386 2112 420 2172; x_wconf 86' lang='lat' dir='ltr'><strong>et</strong></span> <span class='ocrx_word' id='word_1_134' title='bbox 436 2112 552 2190; x_wconf 80' lang='lat' dir='ltr'><strong>rogato</strong></span> <span class='ocrx_word' id='word_1_135' title='bbox 569 2127 627 2191; x_wconf 89' lang='lat' dir='ltr'><strong>per</strong></span> <span class='ocrx_word' id='word_1_136' title='bbox 643 2129 696 2172; x_wconf 86' lang='lat' dir='ltr'><strong>ser</strong></span> <span class='ocrx_word' id='word_1_137' title='bbox 710 2107 882 2174; x_wconf 88' lang='lat' dir='ltr'><strong>Ristornm</strong></span> <span class='ocrx_word' id='word_1_138' title='bbox 899 2127 951 2172; x_wconf 87' lang='lat' dir='ltr'><strong>ser</strong></span> <span class='ocrx_word' id='word_1_139' title='bbox 968 2104 1087 2173; x_wconf 89' lang='lat' dir='ltr'><strong>Jacobi</strong></span> <span class='ocrx_word' id='word_1_140' title='bbox 1113 2104 1248 2172; x_wconf 87' lang='lat' dir='ltr'><strong>Notari-</strong></span> 
     </span>
     <span class='ocr_line' id='line_1_17' title="bbox 1 2213 1248 2300; baseline -0.004 -16"><span class='ocrx_word' id='word_1_141' title='bbox 1 2241 2 2258; x_wconf 60' lang='lat'>¹</span> <span class='ocrx_word' id='word_1_142' title='bbox 114 2238 174 2282; x_wconf 91' lang='lat' dir='ltr'><strong>um</strong></span> <span class='ocrx_word' id='word_1_143' title='bbox 192 2213 432 2281; x_wconf 83' lang='lat' dir='ltr'><strong>Florentinum.</strong></span> <span class='ocrx_word' id='word_1_144' title='bbox 448 2215 493 2280; x_wconf 83' lang='lat' dir='ltr'><strong>Et</strong></span> <span class='ocrx_word' id='word_1_145' title='bbox 509 2235 573 2300; x_wconf 87' lang='lat' dir='ltr'><strong>quc</strong></span> <span class='ocrx_word' id='word_1_146' title='bbox 590 2215 701 2280; x_wconf 88' lang='lat' dir='ltr'><strong>decem</strong></span> <span class='ocrx_word' id='word_1_147' title='bbox 718 2215 807 2280; x_wconf 91' lang='lat' dir='ltr'><strong>milia</strong></span> <span class='ocrx_word' id='word_1_148' title='bbox 826 2215 967 2282; x_wconf 87' lang='lat' dir='ltr'><strong>florenos</strong></span> <span class='ocrx_word' id='word_1_149' title='bbox 983 2215 1104 2281; x_wconf 89' lang='lat' dir='ltr'><strong>domini</strong></span> <span class='ocrx_word' id='word_1_150' title='bbox 1115 2214 1248 2281; x_wconf 80' lang='lat' dir='ltr'><strong>Priores</strong></span> 
     </span>
    </p>
   </div>
   <div class='ocr_carea' id='block_1_14' title="bbox 114 2321 1249 2408">
    <p class='ocr_par' dir='ltr' id='par_1_14' title="bbox 1 2294 1249 2426">
     <span class='ocr_line' id='line_1_18' title="bbox 114 2321 1249 2408; baseline -0.001 -19.091"><span class='ocrx_word' id='word_1_151' title='bbox 114 2321 253 2389; x_wconf 86' lang='lat' dir='ltr'><strong>Artium</strong></span> <span class='ocrx_word' id='word_1_152' title='bbox 270 2329 303 2389; x_wconf 89' lang='lat' dir='ltr'><strong>et</strong></span> <span class='ocrx_word' id='word_1_153' title='bbox 319 2321 494 2390; x_wconf 84' lang='lat' dir='ltr'><strong>Vexilliser</strong></span> <span class='ocrx_word' id='word_1_154' title='bbox 509 2325 534 2390; x_wconf 88' lang='lat' dir='ltr'><strong>J</strong></span> <span class='ocrx_word' id='word_1_155' title='bbox 536 2325 647 2389; x_wconf 88' lang='lat' dir='ltr'><strong>ustitie</strong></span> <span class='ocrx_word' id='word_1_156' title='bbox 662 2324 742 2390; x_wconf 86' lang='lat' dir='ltr'><strong>dicti</strong></span> <span class='ocrx_word' id='word_1_157' title='bbox 758 2323 877 2408; x_wconf 92' lang='lat' dir='ltr'><strong>Populi</strong></span> <span class='ocrx_word' id='word_1_158' title='bbox 903 2331 936 2390; x_wconf 89' lang='lat' dir='ltr'><strong>et</strong></span> <span class='ocrx_word' id='word_1_159' title='bbox 962 2324 1150 2391; x_wconf 87' lang='lat' dir='ltr'><strong>Communis</strong></span> <span class='ocrx_word' id='word_1_160' title='bbox 1176 2345 1249 2407; x_wconf 88' lang='lat' dir='ltr'><strong>pro-</strong></span> 
     </span>
    </p>
   </div>
   <div class='ocr_carea' id='block_1_15' title="bbox 1 2429 1250 2627">
    <p class='ocr_par' dir='ltr' id='par_1_15' title="bbox 1 2429 1250 2627">
     <span class='ocr_line' id='line_1_19' title="bbox 115 2429 1249 2516; baseline -0.004 -15.457"><span class='ocrx_word' id='word_1_161' title='bbox 115 2433 281 2498; x_wconf 89' lang='lat' dir='ltr'><strong>miserant</strong></span> <span class='ocrx_word' id='word_1_162' title='bbox 297 2430 420 2497; x_wconf 86' lang='lat' dir='ltr'><strong>solvere</strong></span> <span class='ocrx_word' id='word_1_163' title='bbox 435 2431 498 2516; x_wconf 91' lang='lat' dir='ltr'><strong>ipsi</strong></span> <span class='ocrx_word' id='word_1_164' title='bbox 515 2431 644 2498; x_wconf 91' lang='lat' dir='ltr'><strong>domino</strong></span> <span class='ocrx_word' id='word_1_165' title='bbox 660 2431 789 2498; x_wconf 85' lang='lat' dir='ltr'><strong>Karolo</strong></span> <span class='ocrx_word' id='word_1_166' title='bbox 804 2453 863 2516; x_wconf 87' lang='lat' dir='ltr'><strong>per</strong></span> <span class='ocrx_word' id='word_1_167' title='bbox 882 2451 992 2498; x_wconf 90' lang='lat' dir='ltr'><strong>eorum</strong></span> <span class='ocrx_word' id='word_1_168' title='bbox 1007 2431 1135 2498; x_wconf 86' lang='lat' dir='ltr'><strong>litteras</strong></span> <span class='ocrx_word' id='word_1_169' title='bbox 1153 2429 1249 2498; x_wconf 83' lang='lat' dir='ltr'><strong>datas</strong></span> 
     </span>
     <span class='ocr_line' id='line_1_20' title="bbox 1 2536 1250 2627; baseline -0.006 -18"><span class='ocrx_word' id='word_1_170' title='bbox 1 2542 2 2627; x_wconf 59' lang='lat' dir='ltr'><strong>i</strong></span> <span class='ocrx_word' id='word_1_171' title='bbox 115 2539 290 2606; x_wconf 83' lang='lat' dir='ltr'><strong>Florentio</strong></span> <span class='ocrx_word' id='word_1_172' title='bbox 308 2538 360 2604; x_wconf 87' lang='lat' dir='ltr'><strong>die</strong></span> <span class='ocrx_word' id='word_1_173' title='bbox 376 2537 478 2607; x_wconf 88' lang='lat' dir='ltr'>XVI.</span> <span class='ocrx_word' id='word_1_174' title='bbox 489 2539 567 2605; x_wconf 87' lang='lat' dir='ltr'><strong>dicti</strong></span> <span class='ocrx_word' id='word_1_175' title='bbox 584 2538 703 2605; x_wconf 88' lang='lat' dir='ltr'><strong>mensis</strong></span> <span class='ocrx_word' id='word_1_176' title='bbox 715 2536 877 2619; x_wconf 67' lang='lat' dir='ltr'><strong>Octobris</strong></span> <span class='ocrx_word' id='word_1_177' title='bbox 887 2544 921 2605; x_wconf 89' lang='lat' dir='ltr'><strong>et</strong></span> <span class='ocrx_word' id='word_1_178' title='bbox 930 2539 964 2604; x_wconf 92' lang='lat' dir='ltr'><strong>in</strong></span> <span class='ocrx_word' id='word_1_179' title='bbox 974 2539 1040 2606; x_wconf 85' lang='lat' dir='ltr'><strong>alia</strong></span> <span class='ocrx_word' id='word_1_180' title='bbox 1050 2546 1145 2622; x_wconf 88' lang='lat' dir='ltr'><strong>parte</strong></span> <span class='ocrx_word' id='word_1_181' title='bbox 1155 2538 1250 2603; x_wconf 91' lang='lat' dir='ltr'><strong>simul</strong></span> 
     </span>
    </p>
   </div>
   <div class='ocr_carea' id='block_1_16' title="bbox 1 2645 1250 2839">
    <p class='ocr_par' dir='ltr' id='par_1_16' title="bbox 1 2629 1250 2839">
     <span class='ocr_line' id='line_1_21' title="bbox 114 2645 1250 2730; baseline -0.002 -16.271"><span class='ocrx_word' id='word_1_182' title='bbox 114 2668 195 2713; x_wconf 88' lang='lat' dir='ltr'><strong>cum</strong></span> <span class='ocrx_word' id='word_1_183' title='bbox 212 2645 300 2711; x_wconf 89' lang='lat' dir='ltr'><strong>dicta</strong></span> <span class='ocrx_word' id='word_1_184' title='bbox 318 2667 444 2712; x_wconf 88' lang='lat' dir='ltr'><strong>summa</strong></span> <span class='ocrx_word' id='word_1_185' title='bbox 459 2645 569 2712; x_wconf 85' lang='lat' dir='ltr'><strong>decem</strong></span> <span class='ocrx_word' id='word_1_186' title='bbox 585 2645 713 2710; x_wconf 92' lang='lat' dir='ltr'><strong>milium</strong></span> <span class='ocrx_word' id='word_1_187' title='bbox 728 2645 925 2711; x_wconf 81' lang='lat' dir='ltr'><strong>florenorum</strong></span> <span class='ocrx_word' id='word_1_188' title='bbox 944 2646 1062 2712; x_wconf 90' lang='lat' dir='ltr'><strong>habuit</strong></span> <span class='ocrx_word' id='word_1_189' title='bbox 1077 2651 1110 2712; x_wconf 89' lang='lat' dir='ltr'><strong>et</strong></span> <span class='ocrx_word' id='word_1_190' title='bbox 1127 2652 1250 2730; x_wconf 84' lang='lat' dir='ltr'><strong>recepit</strong></span> 
     </span>
     <span class='ocr_line' id='line_1_22' title="bbox 1 2732 1249 2839; baseline -0.001 -18"><span class='ocrx_word' id='word_1_191' title='bbox 1 2732 2 2821; x_wconf 33' lang='lat' dir='ltr'>f</span> <span class='ocrx_word' id='word_1_192' title='bbox 111 2752 147 2820; x_wconf 93' lang='lat' dir='ltr'><strong>in</strong></span> <span class='ocrx_word' id='word_1_193' title='bbox 165 2754 265 2819; x_wconf 90' lang='lat' dir='ltr'><strong>dictis</strong></span> <span class='ocrx_word' id='word_1_194' title='bbox 281 2754 452 2837; x_wconf 84' lang='lat' dir='ltr'><strong>marsupiis</strong></span> <span class='ocrx_word' id='word_1_195' title='bbox 470 2753 576 2819; x_wconf 89' lang='lat' dir='ltr'><strong>dictus</strong></span> <span class='ocrx_word' id='word_1_196' title='bbox 593 2753 743 2819; x_wconf 89' lang='lat' dir='ltr'><strong>dominus</strong></span> <span class='ocrx_word' id='word_1_197' title='bbox 759 2752 784 2818; x_wconf 88' lang='lat' dir='ltr'>J</span> <span class='ocrx_word' id='word_1_198' title='bbox 785 2753 928 2820; x_wconf 87' lang='lat' dir='ltr'><strong>ohannes</strong></span> <span class='ocrx_word' id='word_1_199' title='bbox 953 2760 1146 2839; x_wconf 86' lang='lat' dir='ltr'><strong>procurator</strong></span> <span class='ocrx_word' id='word_1_200' title='bbox 1162 2753 1249 2820; x_wconf 89' lang='lat' dir='ltr'><strong>dicto</strong></span> 
     </span>
    </p>
   </div>
   <div class='ocr_carea' id='block_1_17' title="bbox 1 2849 1250 3053">
    <p class='ocr_par' dir='ltr' id='par_1_17' title="bbox 1 2849 1250 3053">
     <span class='ocr_line' id='line_1_23' title="bbox 1 2849 1250 2948; baseline 0 -20"><span class='ocrx_word' id='word_1_201' title='bbox 1 2849 2 2928; x_wconf 66' lang='grc' dir='ltr'>ἶ</span> <span class='ocrx_word' id='word_1_202' title='bbox 111 2861 247 2928; x_wconf 87' lang='lat' dir='ltr'><strong>nomine</strong></span> <span class='ocrx_word' id='word_1_203' title='bbox 259 2861 399 2928; x_wconf 87' lang='lat' dir='ltr'><strong>florenos</strong></span> <span class='ocrx_word' id='word_1_204' title='bbox 415 2861 479 2928; x_wconf 90' lang='lat' dir='ltr'><strong>duo</strong></span> <span class='ocrx_word' id='word_1_205' title='bbox 496 2863 586 2928; x_wconf 91' lang='lat' dir='ltr'><strong>milia</strong></span> <span class='ocrx_word' id='word_1_206' title='bbox 612 2861 809 2947; x_wconf 84' lang='lat' dir='ltr'><strong>quingentos</strong></span> <span class='ocrx_word' id='word_1_207' title='bbox 834 2864 904 2927; x_wconf 86' lang='lat' dir='ltr'><strong>auri</strong></span> <span class='ocrx_word' id='word_1_208' title='bbox 929 2884 988 2948; x_wconf 91' lang='lat' dir='ltr'><strong>pro</strong></span> <span class='ocrx_word' id='word_1_209' title='bbox 1015 2864 1250 2948; x_wconf 87' lang='lat' dir='ltr'><strong>complemento</strong></span> 
     </span>
     <span class='ocr_line' id='line_1_24' title="bbox 1 2969 1249 3053; baseline -0.001 -17"><span class='ocrx_word' id='word_1_210' title='bbox 1 3015 2 3020; x_wconf 20' lang='grc' dir='ltr'><strong>κ</strong></span> <span class='ocrx_word' id='word_1_211' title='bbox 110 2969 289 3036; x_wconf 77' lang='lat' dir='ltr'><strong>solutionis</strong></span> <span class='ocrx_word' id='word_1_212' title='bbox 314 2969 456 3053; x_wconf 89' lang='lat' dir='ltr'><strong>quinque</strong></span> <span class='ocrx_word' id='word_1_213' title='bbox 481 2969 607 3034; x_wconf 90' lang='lat' dir='ltr'><strong>milium</strong></span> <span class='ocrx_word' id='word_1_214' title='bbox 631 2969 832 3036; x_wconf 87' lang='lat' dir='ltr'><strong>florenorum</strong></span> <span class='ocrx_word' id='word_1_215' title='bbox 858 2971 930 3036; x_wconf 91' lang='lat' dir='ltr'><strong>auri</strong></span> <span class='ocrx_word' id='word_1_216' title='bbox 956 2969 997 3036; x_wconf 93' lang='lat' dir='ltr'><strong>de</strong></span> <span class='ocrx_word' id='word_1_217' title='bbox 1023 2970 1112 3037; x_wconf 89' lang='lat' dir='ltr'><strong>dioto</strong></span> <span class='ocrx_word' id='word_1_218' title='bbox 1137 2991 1249 3036; x_wconf 86' lang='lat' dir='ltr'><strong>mense</strong></span> 
     </span>
    </p>
   </div>
   <div class='ocr_carea' id='block_1_18' title="bbox 109 3075 1250 3381">
    <p class='ocr_par' dir='ltr' id='par_1_18' title="bbox 109 3075 1250 3381">
     <span class='ocr_line' id='line_1_25' title="bbox 110 3075 1249 3160; baseline -0.002 -16"><span class='ocrx_word' id='word_1_219' title='bbox 110 3075 372 3157; x_wconf 83' lang='lat' dir='ltr'><strong>Octob1is‚viva</strong></span> <span class='ocrx_word' id='word_1_220' title='bbox 397 3097 482 3160; x_wconf 85' lang='lat' dir='ltr'><strong>voce,</strong></span> <span class='ocrx_word' id='word_1_221' title='bbox 499 3083 535 3142; x_wconf 91' lang='lat' dir='ltr'><strong>ut</strong></span> <span class='ocrx_word' id='word_1_222' title='bbox 551 3077 722 3156; x_wconf 85' lang='lat' dir='ltr'><strong>adseritur,</strong></span> <span class='ocrx_word' id='word_1_223' title='bbox 747 3078 981 3160; x_wconf 87' lang='lat' dir='ltr'><strong>promissorum</strong></span> <span class='ocrx_word' id='word_1_224' title='bbox 1007 3077 1093 3143; x_wconf 89' lang='lat' dir='ltr'><strong>dieto</strong></span> <span class='ocrx_word' id='word_1_225' title='bbox 1120 3077 1249 3143; x_wconf 89' lang='lat' dir='ltr'><strong>domino</strong></span> 
     </span>
     <span class='ocr_line' id='line_1_26' title="bbox 109 3184 1250 3271; baseline -0.003 -17"><span class='ocrx_word' id='word_1_226' title='bbox 109 3187 247 3254; x_wconf 87' lang='lat' dir='ltr'><strong>Karolo</strong></span> <span class='ocrx_word' id='word_1_227' title='bbox 262 3207 320 3271; x_wconf 90' lang='lat' dir='ltr'><strong>per</strong></span> <span class='ocrx_word' id='word_1_228' title='bbox 336 3187 440 3253; x_wconf 89' lang='lat' dir='ltr'><strong>dictos</strong></span> <span class='ocrx_word' id='word_1_229' title='bbox 456 3185 710 3253; x_wconf 85' lang='lat' dir='ltr'><strong>Amboxiatores</strong></span> <span class='ocrx_word' id='word_1_230' title='bbox 727 3184 915 3254; x_wconf 88' lang='lat' dir='ltr'><strong>Communis</strong></span> <span class='ocrx_word' id='word_1_231' title='bbox 931 3186 1110 3253; x_wconf 74' lang='lat' dir='ltr'><strong>Florentio.</strong></span> <span class='ocrx_word' id='word_1_232' title='bbox 1135 3187 1182 3253; x_wconf 83' lang='lat' dir='ltr'><strong>Et</strong></span> <span class='ocrx_word' id='word_1_233' title='bbox 1209 3185 1250 3252; x_wconf 91' lang='lat' dir='ltr'><strong>de</strong></span> 
     </span>
     <span class='ocr_line' id='line_1_27' title="bbox 111 3293 1249 3381; baseline -0.002 -20"><span class='ocrx_word' id='word_1_234' title='bbox 111 3294 277 3381; x_wconf 86' lang='lat' dir='ltr'><strong>predictis</strong></span> <span class='ocrx_word' id='word_1_235' title='bbox 293 3294 535 3378; x_wconf 85' lang='lat' dir='ltr'><strong>quantitatibus</strong></span> <span class='ocrx_word' id='word_1_236' title='bbox 551 3295 657 3360; x_wconf 90' lang='lat' dir='ltr'><strong>dictus</strong></span> <span class='ocrx_word' id='word_1_237' title='bbox 685 3294 835 3360; x_wconf 90' lang='lat' dir='ltr'><strong>dominus</strong></span> <span class='ocrx_word' id='word_1_238' title='bbox 859 3293 1027 3360; x_wconf 89' lang='lat' dir='ltr'><strong>Johannes</strong></span> <span class='ocrx_word' id='word_1_239' title='bbox 1052 3301 1249 3378; x_wconf 88' lang='lat' dir='ltr'><strong>procurator</strong></span> 
     </span>
    </p>
   </div>
   <div class='ocr_carea' id='block_1_19' title="bbox 1 3401 1250 3595">
    <p class='ocr_par' dir='ltr' id='par_1_19' title="bbox 1 3401 1250 3595">
     <span class='ocr_line' id='line_1_28' title="bbox 1 3401 1250 3486; baseline -0.004 -15"><span class='ocrx_word' id='word_1_240' title='bbox 1 3409 3 3423; x_wconf 70' lang='lat'><em>¹</em></span> <span class='ocrx_word' id='word_1_241' title='bbox 113 3405 207 3470; x_wconf 89' lang='lat' dir='ltr'><strong>dioto</strong></span> <span class='ocrx_word' id='word_1_242' title='bbox 225 3404 363 3484; x_wconf 87' lang='lat' dir='ltr'><strong>nomine,</strong></span> <span class='ocrx_word' id='word_1_243' title='bbox 380 3423 413 3467; x_wconf 89' lang='lat' dir='ltr'><strong>se</strong></span> <span class='ocrx_word' id='word_1_244' title='bbox 430 3401 511 3468; x_wconf 81' lang='lat' dir='ltr'><strong>bans</strong></span> <span class='ocrx_word' id='word_1_245' title='bbox 528 3409 687 3486; x_wconf 85' lang='lat' dir='ltr'><strong>pagutum</strong></span> <span class='ocrx_word' id='word_1_246' title='bbox 713 3410 899 3469; x_wconf 89' lang='lat' dir='ltr'><strong>contentum</strong></span> <span class='ocrx_word' id='word_1_247' title='bbox 922 3409 955 3469; x_wconf 91' lang='lat' dir='ltr'><strong>et</strong></span> <span class='ocrx_word' id='word_1_248' title='bbox 981 3401 1214 3469; x_wconf 88' lang='lat' dir='ltr'><strong>concordatum</strong></span> <span class='ocrx_word' id='word_1_249' title='bbox 1230 3423 1250 3466; x_wconf 91' lang='lat' dir='ltr'><strong>a</strong></span> 
     </span>
     <span class='ocr_line' id='line_1_29' title="bbox 1 3507 1250 3595; baseline -0.003 -17"><span class='ocrx_word' id='word_1_250' title='bbox 1 3555 2 3567; x_wconf 46' lang='lat' dir='ltr'><strong>t</strong></span> <span class='ocrx_word' id='word_1_251' title='bbox 111 3512 205 3578; x_wconf 85' lang='lat' dir='ltr'><strong>dicto</strong></span> <span class='ocrx_word' id='word_1_252' title='bbox 217 3507 387 3575; x_wconf 92' lang='lat' dir='ltr'><strong>Communi</strong></span> <span class='ocrx_word' id='word_1_253' title='bbox 400 3517 435 3575; x_wconf 90' lang='lat' dir='ltr'><strong>et</strong></span> <span class='ocrx_word' id='word_1_254' title='bbox 444 3510 486 3576; x_wconf 90' lang='lat' dir='ltr'><strong>ab</strong></span> <span class='ocrx_word' id='word_1_255' title='bbox 504 3510 575 3594; x_wconf 89' lang='lat' dir='ltr'><strong>ipso</strong></span> <span class='ocrx_word' id='word_1_256' title='bbox 586 3510 742 3575; x_wconf 85' lang='lat' dir='ltr'><strong>Johanne</strong></span> <span class='ocrx_word' id='word_1_257' title='bbox 758 3532 818 3595; x_wconf 87' lang='lat' dir='ltr'><strong>pro</strong></span> <span class='ocrx_word' id='word_1_258' title='bbox 835 3514 906 3594; x_wconf 90' lang='lat' dir='ltr'><strong>ipso</strong></span> <span class='ocrx_word' id='word_1_259' title='bbox 918 3509 1089 3577; x_wconf 87' lang='lat' dir='ltr'><strong>Communi</strong></span> <span class='ocrx_word' id='word_1_260' title='bbox 1107 3509 1250 3578; x_wconf 84' lang='lat' dir='ltr'><strong>solvente</strong></span> 
     </span>
    </p>
   </div>
   <div class='ocr_carea' id='block_1_20' title="bbox 110 3617 1251 4684">
    <p class='ocr_par' dir='ltr' id='par_1_20' title="bbox 110 3617 1251 4684">
     <span class='ocr_line' id='line_1_30' title="bbox 111 3617 1250 3701; baseline -0.003 -14"><span class='ocrx_word' id='word_1_261' title='bbox 111 3619 247 3687; x_wconf 81' lang='lat' dir='ltr'><strong>vocavit</strong></span> <span class='ocrx_word' id='word_1_262' title='bbox 272 3625 307 3683; x_wconf 90' lang='lat' dir='ltr'><strong>et</strong></span> <span class='ocrx_word' id='word_1_263' title='bbox 338 3617 439 3698; x_wconf 83' lang='lat' dir='ltr'><strong>dixit3</strong></span> <span class='ocrx_word' id='word_1_264' title='bbox 470 3617 649 3701; x_wconf 84' lang='lat' dir='ltr'><strong>absolvens,</strong></span> <span class='ocrx_word' id='word_1_265' title='bbox 665 3617 809 3684; x_wconf 86' lang='lat' dir='ltr'><strong>liberans</strong></span> <span class='ocrx_word' id='word_1_266' title='bbox 835 3626 868 3684; x_wconf 93' lang='lat' dir='ltr'><strong>et</strong></span> <span class='ocrx_word' id='word_1_267' title='bbox 894 3619 1045 3701; x_wconf 84' lang='lat' dir='ltr'><strong>quietans</strong></span> <span class='ocrx_word' id='word_1_268' title='bbox 1072 3617 1250 3684; x_wconf 81' lang='lat' dir='ltr'><strong>Commune</strong></span> 
     </span>
     <span class='ocr_line' id='line_1_31' title="bbox 111 3723 1250 3812; baseline -0.004 -18"><span class='ocrx_word' id='word_1_269' title='bbox 111 3726 287 3794; x_wconf 81' lang='lat' dir='ltr'><strong>Florentia</strong></span> <span class='ocrx_word' id='word_1_270' title='bbox 304 3732 402 3791; x_wconf 87' lang='lat' dir='ltr'><strong>etms</strong></span> <span class='ocrx_word' id='word_1_271' title='bbox 418 3723 594 3795; x_wconf 84' lang='lat' dir='ltr'><strong>Vivianum</strong></span> <span class='ocrx_word' id='word_1_272' title='bbox 621 3725 797 3793; x_wconf 90' lang='lat' dir='ltr'><strong>Notarium</strong></span> <span class='ocrx_word' id='word_1_273' title='bbox 814 3727 1058 3812; x_wconf 84' lang='lat' dir='ltr'><strong>infrascriptum</strong></span> <span class='ocrx_word' id='word_1_274' title='bbox 1084 3732 1123 3794; x_wconf 88' lang='lat' dir='ltr'><strong>ut</strong></span> <span class='ocrx_word' id='word_1_275' title='bbox 1146 3724 1250 3810; x_wconf 90' lang='lat' dir='ltr'><strong>publi·</strong></span> 
     </span>
     <span class='ocr_line' id='line_1_32' title="bbox 113 3831 1248 3920; baseline -0.005 -18"><span class='ocrx_word' id='word_1_276' title='bbox 113 3858 190 3902; x_wconf 85' lang='lat' dir='ltr'><strong>cam</strong></span> <span class='ocrx_word' id='word_1_277' title='bbox 208 3855 380 3919; x_wconf 86' lang='lat' dir='ltr'><strong>personam</strong></span> <span class='ocrx_word' id='word_1_278' title='bbox 396 3833 608 3916; x_wconf 88' lang='lat' dir='ltr'><strong>recipientem</strong></span> <span class='ocrx_word' id='word_1_279' title='bbox 624 3841 658 3900; x_wconf 90' lang='lat' dir='ltr'><strong>et</strong></span> <span class='ocrx_word' id='word_1_280' title='bbox 683 3835 894 3919; x_wconf 88' lang='lat' dir='ltr'><strong>stipulantem</strong></span> <span class='ocrx_word' id='word_1_281' title='bbox 910 3857 970 3920; x_wconf 93' lang='lat' dir='ltr'><strong>pro</strong></span> <span class='ocrx_word' id='word_1_282' title='bbox 987 3837 1059 3920; x_wconf 89' lang='lat' dir='ltr'><strong>ipso</strong></span> <span class='ocrx_word' id='word_1_283' title='bbox 1076 3831 1248 3900; x_wconf 91' lang='lat' dir='ltr'><strong>Communi</strong></span> 
     </span>
     <span class='ocr_line' id='line_1_33' title="bbox 113 3940 1250 4026; baseline -0.003 -17"><span class='ocrx_word' id='word_1_284' title='bbox 113 3951 149 4009; x_wconf 91' lang='lat' dir='ltr'><strong>et</strong></span> <span class='ocrx_word' id='word_1_285' title='bbox 165 3963 228 4026; x_wconf 93' lang='lat' dir='ltr'><strong>pro</strong></span> <span class='ocrx_word' id='word_1_286' title='bbox 244 3940 392 4008; x_wconf 90' lang='lat' dir='ltr'><strong>omnibus</strong></span> <span class='ocrx_word' id='word_1_287' title='bbox 409 3945 441 4004; x_wconf 90' lang='lat' dir='ltr'><strong>et</strong></span> <span class='ocrx_word' id='word_1_288' title='bbox 466 3940 603 4024; x_wconf 82' lang='lat' dir='ltr'><strong>singulis</strong></span> <span class='ocrx_word' id='word_1_289' title='bbox 629 3962 767 4025; x_wconf 91' lang='lat' dir='ltr'><strong>quorum</strong></span> <span class='ocrx_word' id='word_1_290' title='bbox 784 3942 931 4023; x_wconf 87' lang='lat' dir='ltr'><strong>interest,</strong></span> <span class='ocrx_word' id='word_1_291' title='bbox 955 3949 1013 4009; x_wconf 88' lang='lat' dir='ltr'><strong>aut</strong></span> <span class='ocrx_word' id='word_1_292' title='bbox 1037 3945 1146 4025; x_wconf 87' lang='lat' dir='ltr'><strong>posset</strong></span> <span class='ocrx_word' id='word_1_293' title='bbox 1171 3961 1250 4022; x_wconf 89' lang='lat' dir='ltr'><strong>quo-</strong></span> 
     </span>
     <span class='ocr_line' id='line_1_34' title="bbox 111 4047 1251 4134; baseline -0.002 -18"><span class='ocrx_word' id='word_1_294' title='bbox 111 4047 297 4116; x_wconf 91' lang='lat' dir='ltr'><strong>modolibet</strong></span> <span class='ocrx_word' id='word_1_295' title='bbox 313 4049 479 4129; x_wconf 87' lang='lat' dir='ltr'><strong>interesse,</strong></span> <span class='ocrx_word' id='word_1_296' title='bbox 494 4048 536 4114; x_wconf 91' lang='lat' dir='ltr'><strong>ab</strong></span> <span class='ocrx_word' id='word_1_297' title='bbox 553 4049 702 4115; x_wconf 88' lang='lat' dir='ltr'><strong>omnibus</strong></span> <span class='ocrx_word' id='word_1_298' title='bbox 728 4072 826 4134; x_wconf 87' lang='lat' dir='ltr'><strong>supra</strong></span> <span class='ocrx_word' id='word_1_299' title='bbox 842 4050 945 4132; x_wconf 82' lang='lat' dir='ltr'><strong>distis,</strong></span> <span class='ocrx_word' id='word_1_300' title='bbox 972 4057 1006 4115; x_wconf 91' lang='lat' dir='ltr'><strong>et</strong></span> <span class='ocrx_word' id='word_1_301' title='bbox 1032 4049 1074 4115; x_wconf 89' lang='lat' dir='ltr'><strong>ab</strong></span> <span class='ocrx_word' id='word_1_302' title='bbox 1100 4047 1251 4114; x_wconf 88' lang='lat' dir='ltr'><strong>omnibus</strong></span> 
     </span>
     <span class='ocr_line' id='line_1_35' title="bbox 113 4155 1249 4240; baseline -0.002 -17"><span class='ocrx_word' id='word_1_303' title='bbox 113 4165 148 4224; x_wconf 87' lang='lat' dir='ltr'><strong>et</strong></span> <span class='ocrx_word' id='word_1_304' title='bbox 167 4155 314 4240; x_wconf 82' lang='lat' dir='ltr'><strong>singulis,</strong></span> <span class='ocrx_word' id='word_1_305' title='bbox 332 4157 374 4222; x_wconf 91' lang='lat' dir='ltr'><strong>ad</strong></span> <span class='ocrx_word' id='word_1_306' title='bbox 390 4177 452 4240; x_wconf 88' lang='lat' dir='ltr'><strong>que</strong></span> <span class='ocrx_word' id='word_1_307' title='bbox 468 4157 574 4240; x_wconf 90' lang='lat' dir='ltr'><strong>ipsum</strong></span> <span class='ocrx_word' id='word_1_308' title='bbox 591 4157 769 4224; x_wconf 92' lang='lat' dir='ltr'><strong>Commune</strong></span> <span class='ocrx_word' id='word_1_309' title='bbox 786 4160 953 4225; x_wconf 88' lang='lat' dir='ltr'><strong>occasione</strong></span> <span class='ocrx_word' id='word_1_310' title='bbox 968 4179 1088 4238; x_wconf 89' lang='lat' dir='ltr'><strong>eorum,</strong></span> <span class='ocrx_word' id='word_1_311' title='bbox 1114 4157 1153 4222; x_wconf 89' lang='lat' dir='ltr'><strong>de</strong></span> <span class='ocrx_word' id='word_1_312' title='bbox 1179 4157 1249 4240; x_wconf 91' lang='lat' dir='ltr'><strong>qui·</strong></span> 
     </span>
     <span class='ocr_line' id='line_1_36' title="bbox 110 4263 1248 4349; baseline -0.004 -16"><span class='ocrx_word' id='word_1_313' title='bbox 110 4267 176 4333; x_wconf 88' lang='lat' dir='ltr'><strong>bus</strong></span> <span class='ocrx_word' id='word_1_314' title='bbox 193 4286 294 4349; x_wconf 87' lang='lat' dir='ltr'><strong>supra</strong></span> <span class='ocrx_word' id='word_1_315' title='bbox 310 4263 349 4328; x_wconf 88' lang='lat' dir='ltr'><strong>fit</strong></span> <span class='ocrx_word' id='word_1_316' title='bbox 364 4265 496 4347; x_wconf 87' lang='lat' dir='ltr'><strong>mentio,</strong></span> <span class='ocrx_word' id='word_1_317' title='bbox 513 4265 760 4349; x_wconf 88' lang='lat' dir='ltr'><strong>quomodolibet</strong></span> <span class='ocrx_word' id='word_1_318' title='bbox 784 4273 915 4333; x_wconf 89' lang='lat' dir='ltr'><strong>tenetur</strong></span> <span class='ocrx_word' id='word_1_319' title='bbox 929 4268 980 4332; x_wconf 83' lang='lat' dir='ltr'><strong>uel</strong></span> <span class='ocrx_word' id='word_1_320' title='bbox 995 4266 1100 4332; x_wconf 87' lang='lat' dir='ltr'><strong>teneri</strong></span> <span class='ocrx_word' id='word_1_321' title='bbox 1125 4265 1248 4330; x_wconf 89' lang='lat' dir='ltr'><strong>dicore-</strong></span> 
     </span>
     <span class='ocr_line' id='line_1_37' title="bbox 112 4372 1250 4456; baseline -0.003 -16"><span class='ocrx_word' id='word_1_322' title='bbox 112 4381 190 4456; x_wconf 89' lang='lat' dir='ltr'><strong>tnr;</strong></span> <span class='ocrx_word' id='word_1_323' title='bbox 215 4379 249 4438; x_wconf 91' lang='lat' dir='ltr'><strong>et</strong></span> <span class='ocrx_word' id='word_1_324' title='bbox 265 4373 393 4455; x_wconf 79' lang='lat' dir='ltr'><strong>rogavit</strong></span> <span class='ocrx_word' id='word_1_325' title='bbox 404 4372 491 4440; x_wconf 89' lang='lat' dir='ltr'><strong>dioto</strong></span> <span class='ocrx_word' id='word_1_326' title='bbox 508 4375 638 4440; x_wconf 88' lang='lat' dir='ltr'><strong>nomine</strong></span> <span class='ocrx_word' id='word_1_327' title='bbox 653 4397 703 4441; x_wconf 91' lang='lat' dir='ltr'><strong>me</strong></span> <span class='ocrx_word' id='word_1_328' title='bbox 720 4376 897 4446; x_wconf 88' lang='lat' dir='ltr'><strong>Vivianum</strong></span> <span class='ocrx_word' id='word_1_329' title='bbox 912 4373 1088 4440; x_wconf 87' lang='lat' dir='ltr'><strong>Notarium</strong></span> <span class='ocrx_word' id='word_1_330' title='bbox 1103 4374 1169 4440; x_wconf 86' lang='lat' dir='ltr'><strong>iam</strong></span> <span class='ocrx_word' id='word_1_331' title='bbox 1185 4373 1250 4438; x_wconf 92' lang='lat' dir='ltr'><strong>dic-</strong></span> 
     </span>
     <span class='ocr_line' id='line_1_38' title="bbox 111 4479 1249 4564; baseline -0.002 -16"><span class='ocrx_word' id='word_1_332' title='bbox 111 4486 237 4564; x_wconf 84' lang='lat' dir='ltr'><strong>tum‚ut</strong></span> <span class='ocrx_word' id='word_1_333' title='bbox 246 4479 286 4545; x_wconf 96' lang='lat' dir='ltr'><strong>de</strong></span> <span class='ocrx_word' id='word_1_334' title='bbox 296 4479 451 4564; x_wconf 85' lang='lat' dir='ltr'><strong>predictis</strong></span> <span class='ocrx_word' id='word_1_335' title='bbox 461 4480 627 4564; x_wconf 87' lang='lat' dir='ltr'><strong>publicum</strong></span> <span class='ocrx_word' id='word_1_336' title='bbox 638 4483 828 4550; x_wconf 84' lang='lat' dir='ltr'><strong>conficerem</strong></span> <span class='ocrx_word' id='word_1_337' title='bbox 838 4485 1088 4550; x_wconf 88' lang='lat' dir='ltr'><strong>instrumentum</strong></span> <span class='ocrx_word' id='word_1_338' title='bbox 1099 4483 1196 4547; x_wconf 82' lang='lat' dir='ltr'><strong>etiam</strong></span> <span class='ocrx_word' id='word_1_339' title='bbox 1207 4481 1249 4547; x_wconf 87' lang='lat' dir='ltr'><strong>ad</strong></span> 
     </span>
     <span class='ocr_line' id='line_1_39' title="bbox 111 4585 1250 4684; baseline 0 -26"><span class='ocrx_word' id='word_1_340' title='bbox 111 4594 309 4681; x_wconf 83' lang='lat' dir='ltr'><strong>perpetuam</strong></span> <span class='ocrx_word' id='word_1_341' title='bbox 325 4585 576 4658; x_wconf 86' lang='lat' dir='ltr'><strong>declarationem</strong></span> <span class='ocrx_word' id='word_1_342' title='bbox 593 4593 743 4661; x_wconf 83' lang='lat' dir='ltr'><strong>veritatis</strong></span> <span class='ocrx_word' id='word_1_343' title='bbox 760 4599 793 4657; x_wconf 87' lang='lat' dir='ltr'><strong>et</strong></span> <span class='ocrx_word' id='word_1_344' title='bbox 818 4592 1005 4684; x_wconf 84' lang='lat' dir='ltr'><strong>memorium</strong></span> <span class='ocrx_word' id='word_1_345' title='bbox 1021 4591 1250 4679; x_wconf 87' lang='lat' dir='ltr'><strong>predictorum.</strong></span> 
     </span>
    </p>
   </div>
   <div class='ocr_carea' id='block_1_21' title="bbox 0 0 1600 5252">
    <p class='ocr_par' dir='ltr' id='par_1_21' title="bbox 0 0 1600 5252">
     <span class='ocr_line' id='line_1_40' title="bbox 0 0 1600 5252; baseline 0 1"><span class='ocrx_word' id='word_1_346' title='bbox 0 0 1600 5252; x_wconf 95' lang='lat' dir='ltr'><strong> </strong></span> 
     </span>
    </p>
   </div>
  </div>
 </body>
</html>
