3214 5250
733 361 970 408 orrnouaczmr
986 349 1153 410 amarer.
1256 381 1260 396 ·

909 652 983 715 304.

377 813 495 878 Balbe
510 813 661 878 biberant
676 813 765 900 pe'csi
788 813 977 898 pitapiilenek
994 837 1015 878 a
1030 813 1178 895 floreaczi
1210 815 1384 902 kormduy.
1415 817 1519 880 1388.

595 973 764 1040 Cardinali
781 971 1156 1058 Quinque-Ecclesiensi.

486 1082 767 1149 Reverendissime
791 1083 824 1146 in
851 1079 986 1148 Christo
1003 1083 1106 1148 Pater
1122 1089 1156 1148 et
1171 1084 1321 1148 Domine.
1338 1080 1363 1147 J
1364 1083 1522 1148 ohannes

380 1194 420 1260 de
437 1191 613 1273 Tosinghis
638 1195 802 1255 mercator
826 1194 925 1275 atque
951 1191 1031 1255 civis
1050 1188 1281 1255 dilectissimus
1297 1189 1522 1256 Florentinus

379 1303 413 1366 in
438 1299 589 1384 pertibus
613 1296 788 1384 Hungarie
822 1298 1034 1383 plurimorum
1068 1305 1255 1364 nostrorum
1281 1298 1396 1364 civium
1424 1297 1523 1366 faeta

383 1409 477 1494 gerit,
492 1410 526 1474 in
542 1429 680 1492 quorum
705 1406 793 1474 felici
819 1408 1007 1490 directione,
1032 1408 1113 1473 certi
1140 1429 1256 1492 sumus,
1271 1409 1378 1492 ipsum
1395 1408 1523 1473 vestris

380 1517 546 1584 favoribus
563 1517 718 1601 indigere.
740 1517 928 1600 Eapropter
944 1516 1150 1600 Benignitati
1166 1515 1285 1584 Vestra
1302 1515 1523 1582 devotissime

381 1625 615 1712 supplicamus,
640 1633 802 1710 quatenus
826 1647 937 1691 amore
962 1630 1073 1693 nostro
1093 1625 1269 1708 dignemini
1286 1624 1436 1689 eumdem
1456 1623 1486 1689 J
1488 1648 1524 1690 o-

380 1735 531 1815 hannem,
557 1741 591 1800 et
615 1734 751 1816 negocia
775 1755 839 1816 que
868 1734 1086 1814 administrat,
1102 1732 1330 1798 favorabiliter
1348 1734 1526 1819 suscipere

380 1844 630 1924 commendatos,
655 1849 689 1908 et
714 1844 747 1906 in
784 1841 933 1908 omuibus
966 1865 1026 1927 pro
1060 1845 1129 1927 ipso
1161 1849 1267 1908 vestre
1297 1845 1525 1926 protectionis

381 1954 520 2037 clipeum
547 1952 720 2018 obiectare.
745 1953 793 2017 Et
818 1953 973 2034 quoniam
998 1952 1047 2018 illi
1073 1954 1175 2018 nostri
1195 1953 1446 2036 cives,qu01um
1465 1977 1525 2021 res

380 2083 439 2146 per
456 2061 579 2127 dictum
595 2062 620 2128 J
621 2061 783 2126 ohannem
800 2071 950 2146 aguntur,
966 2062 1118 2146 Reginali
1137 2062 1236 2128 Ourie
1261 2063 1302 2126 de
1321 2084 1385 2128 non
1403 2065 1525 2146 parvis

381 2170 623 2251 quantitatibus
649 2171 861 2251 serviverunt,
886 2195 925 2235 ex
952 2193 1016 2254 quo
1032 2173 1138 2238 multa
1154 2169 1289 2236 fuerunt
1306 2171 1524 2238 incommoda

381 2279 555 2360 consecuti,
571 2277 786 2344 Clementiam
802 2278 958 2348 Vestram
986 2281 1177 2364 suppliciter
1194 2280 1398 2363 deposcimus
1414 2285 1449 2344 et
1468 2303 1524 2344 ro·

381 2409 506 2472 gamus,
530 2393 688 2470 quatenus
716 2389 805 2453 circa
828 2389 1086 2454 satisfactionem
1102 2391 1245 2473 ipsorum
1270 2410 1365 2472 opem
1382 2389 1523 2472 placeat

381 2502 415 2561 et
430 2497 600 2562 consilium
626 2497 788 2577 exhibere,
815 2505 851 2562 ut
877 2497 1056 2563 reddantur
1072 2498 1114 2564 ad
1135 2498 1340 2563 serviendum
1356 2499 1390 2562 in
1406 2505 1521 2582 poste-

380 2625 453 2670 rum
467 2607 696 2688 promptiores,
712 2612 746 2670 et
762 2605 864 2670 bonor
879 2605 1049 2688 Reginalis
1065 2605 1224 2672 Culminis
1244 2606 1354 2671 debite
1379 2607 1519 2672 restitu-

380 2714 481 2779 tionis
498 2714 701 2797 gratitudine
718 2721 935 2780 conservetur.
951 2714 1043 2780 Data
1062 2715 1232 2782 Florentia
1248 2715 1301 2780 die
1317 2715 1434 2782 ultimo
1448 2713 1479 2780 J
1481 2737 1519 2783 u·

381 2821 419 2906 ιη·
436 2819 500 2886 xr.
517 2822 696 2888 indictione
712 2819 1087 2894 moeonxxxvm.

380 2965 506 3027 (Eredeti
528 2967 744 3034 l'ogalmazveiny
772 2985 789 3018 a
806 2967 944 3035 »signori
957 2971 1122 3038 Uarteggie,
1135 2967 1271 3030 Missive,‹
1297 2973 1350 3021 stb.
1372 2969 1448 3022 XXI.
1464 2969 1519 3022 ket

641 3063 683 3110 40.
698 3073 735 3110 cz.
747 3075 782 3127 a,
795 3075 812 3110 a
824 3060 957 3112 florenczi
970 3075 1044 3128 nagy
1057 3061 1250 3124 leveltarbau.)

912 3373 985 3433 395.

379 3529 496 3594 latoria
514 3532 774 3618 Magyerorsqu
797 3533 1032 3598 stereorationis
1057 3535 1214 3622 florencar'
1223 3536 1394 3620 kormdny.
1414 3533 1427 3596 i
1431 3535 1511 3598 388.

595 3691 718 3774 Magno
736 3690 865 3758 Comiti.

488 3800 665 3884 Magnifice
680 3802 831 3882 Domine,
847 3802 951 3867 frater
968 3808 1001 3869 et
1016 3804 1118 3869 amice
1135 3803 1313 3870 karissime.
1324 3805 1416 3870 Inter
1426 3804 1511 3870 alios

381 3907 599 3992 Florentium,
617 3912 672 3993 qui
697 3917 914 3976 mercaturam
941 3919 1093 3977 exercent
1110 3915 1309 3997 inpartibus
1326 3913 1509 3996 Hungarie,

378 4015 548 4083 dohannes
566 4017 607 4083 de
623 4016 798 4102 Tosinglris
824 4019 1000 4084 multorum
1029 4029 1212 4086 uestrorum
1239 4023 1357 4087 civium
1375 4023 1508 4104 negocia

379 4125 520 4190 fideliter
535 4127 762 4209 administras
779 4150 859 4211 quos
876 4150 947 4193 cum
965 4130 1088 4195 sincere
1108 4130 1292 4196 dilectionis
1310 4131 1427 4196 allecto
1443 4131 1507 4194 sin-

380 4234 540 4316 gulariter
564 4255 808 4318 prosequamur,
833 4235 1050 4302 Nobilitatem
1083 4236 1239 4304 Vestram
1273 4239 1506 4304 instantissime

381 4342 602 4426 deprecamur,
628 4350 788 4426 (pantenus
813 4347 847 4408 in
872 4346 1022 4410 erunibus
1047 4346 1174 4428 placeat
1204 4347 1311 4429 ipsum
1343 4349 1505 4430 suscipere

381 4452 657 4534 contemplatione
688 4453 789 4518 nostri
841 4453 1066 4518 favorabiliter
1106 4454 1377 4536 commemlatum,
1408 4463 1441 4519 et
1469 4455 1502 4516 in

381 4559 548 4638 exigendis
566 4562 720 4645 pecuniis,
733 4583 814 4644 qrras
825 4562 968 4646 recipere
985 4561 1104 4627 ‹lobrnt
1119 4568 1185 4628 tarn
1197 4585 1217 4628 a
1227 4562 1383 4648 Reginali
1398 4561 1502 4638 Curia,

1597 1867 1600 1952 l
