3248 5242
391 356 454 420 tro
743 375 978 424 urenouaczmr
994 363 1161 424 aurnuns.

391 532 477 598 dicte
501 532 719 616 cathedralis,
744 557 840 618 (purim
867 537 1006 601 aliarum
1030 535 1251 603 Ecclesiarum
1279 537 1455 602 Tincieusis
1479 543 1510 600 et

391 639 603 706 Clarctumbo
629 635 825 724 Abbatibns,
851 667 909 710 neo
935 665 999 710 non
1017 643 1193 728 Prepesito
1208 645 1439 725 Mechouieusi,
1455 643 1512 710 Or-

391 749 477 814 dinis
495 749 690 815 Sanctorum
708 751 891 835 Benedicti,
907 752 1103 836 Bernhardi,
1120 759 1154 818 et
1170 752 1355 836 Hospitalis
1372 751 1511 836 Sepulcri

391 857 564 938 Dominici,
590 859 771 941 ceterisque
797 861 950 943 Prolatis‚
973 859 1157 937 Canonicia
1182 859 1382 926 Doctoribus
1397 867 1430 925 et
1445 860 1510 925 Ma·

390 967 507 1050 gistris
533 967 681 1032 Ecclesia
698 971 730 1031 et
745 967 895 1035 Diocesis
911 969 1132 1052 predictarum
1148 967 1234 1034 iufra
1249 969 1428 1053 descriptis.
1449 967 1513 1032 Pri-

392 1075 466 1140 dom
485 1075 576 1140 nobis
594 1075 633 1140 de
650 1097 759 1143 mense
785 1077 972 1162 Septembri
997 1079 1144 1161 proxime
1160 1077 1321 1161 preterito
1335 1097 1397 1159 pro
1413 1076 1512 1142 officio

392 1183 594 1249 visitacionis
611 1188 680 1250 tam
697 1183 892 1270 Apostolica
908 1207 1005 1268 quam
1019 1185 1187 1250 ordinaria
1201 1185 1396 1250 auctoritate
1412 1185 1444 1249 in
1458 1186 1512 1250 Ee·

393 1291 492 1356 clesia
517 1293 666 1376 predicta
690 1294 903 1360 Cracouiensi
928 1301 963 1359 et
986 1294 1020 1358 in
1047 1292 1154 1358 medio
1169 1293 1308 1376 predicti
1325 1291 1464 1376 Capituli
1479 1313 1513 1356 ae

396 1400 535 1463 aliorum
563 1401 777 1482 plurimorum
802 1402 944 1467 virorum
971 1423 1035 1466 uon
1060 1421 1161 1485 parua
1181 1400 1389 1464 auctoritatis
1405 1399 1445 1464 ad
1462 1399 1513 1464 hec

396 1505 584 1590 specialiter
599 1515 786 1574 vocatorum
804 1510 976 1593 presencia
1003 1509 1197 1590 constitutis
1212 1529 1271 1591 per
1286 1507 1513 1572 fraternitatem

394 1621 538 1679 vestram
553 1615 742 1699 dictumque
760 1615 951 1701 Capitulum
968 1617 1084 1682 deuote
1101 1622 1134 1680 ct
1148 1616 1331 1685 luculenter
1350 1615 1441 1680 nobis
1456 1615 1516 1680 luit

395 1724 589 1808 expositum,
615 1727 775 1808 quomodo
792 1724 958 1791 Mirabilis
983 1727 1073 1791 Deus
1099 1727 1132 1789 in
1149 1723 1280 1790 Sanctis
1305 1725 1371 1790 suis
1402 1723 1516 1789 faciens

396 1827 556 1915 prodigia,
572 1839 604 1896 et
618 1855 679 1916 pro
696 1830 789 1897 bonis
806 1834 960 1917 operibus
976 1833 1117 1898 fructum
1133 1817 1312 1916 gloriosum
1328 1832 1512 1909 retribuens,

396 1939 503 2004 funeri
520 1961 576 2003 seu
593 1941 720 2022 corpori
746 1961 785 2005 ac
810 1939 957 2024 reliquijs
977 1941 1108 2006 domine
1125 1939 1288 2022 Heduigis
1304 1940 1370 2004 filie
1386 1939 1516 2004 condam
1615 2007 1617 2018 A

397 2047 543 2113 Illustris
560 2043 722 2130 Principis
739 2046 898 2112 Lodouici
923 2046 1024 2130 Regis
1049 2047 1205 2128 Vngarie,
1222 2067 1261 2112 ac
1276 2048 1433 2112 consortis
1447 2045 1518 2128 legi·

397 2156 474 2220 time
492 2162 523 2218 et
540 2152 666 2237 Regius
685 2153 891 2220 Serenissimi
908 2155 1072 2238 Principis
1088 2160 1120 2219 et
1136 2154 1446 2223 domininadislai
1460 2161 1517 2218 ete„

397 2262 547 2327 moderni
573 2263 674 2344 Regis
692 2262 837 2341 Polonie‚
863 2284 924 2346 pro
951 2263 999 2326 sui
1026 2264 1166 2326 nominis
1191 2262 1349 2328 ineffabili
1374 2261 1467 2328 laude
1491 2267 1520 2325 et

399 2370 515 2452 gloria,
532 2390 571 2432 ac
589 2370 728 2453 predicti
744 2370 851 2452 Regni
868 2370 1003 2434 salutari
1021 2370 1214 2453 patrocinio,
1231 2370 1338 2452 dignis
1355 2371 1454 2454 ipsius
1469 2369 1521 2434 do-

265 2472 272 2483 '
399 2479 485 2542 mine
502 2477 637 2559 Regina,
663 2483 700 2541 ut
729 2477 781 2559 pie
807 2477 960 2556 creditur,
987 2476 1189 2558 exigentibus
1214 2480 1340 2542 meritis
1356 2479 1439 2543 hanc
1453 2499 1522 2561 gra·

399 2587 479 2648 tiam
497 2585 643 2648 conferre
660 2584 812 2666 dignatus
829 2585 881 2668 sit,
897 2591 934 2649 ut
951 2585 1127 2667 sicutipse,
1138 2585 1213 2650 dum
1225 2586 1355 2668 sineret,
1371 2608 1433 2650 non
1448 2607 1522 2669 pau·

400 2694 445 2756 cis
472 2693 675 2757 diuersarum
701 2693 857 2756 virtutum
873 2715 911 2758 ac
927 2693 1052 2776 piorum
1079 2714 1212 2775 operum
1229 2695 1378 2759 clarebat
1393 2693 1521 2758 actioni·

401 2803 482 2879 bus;
507 2800 553 2865 sic
570 2821 632 2863 non
660 2800 764 2864 minus
791 2805 863 2883 post
884 2823 975 2864 suum
993 2799 1119 2865 felicem
1135 2801 1312 2868 transitum
1328 2801 1370 2866 ab
1385 2803 1445 2867 hac
1458 2801 1524 2865 luce

401 2931 534 2974 corusca
552 2911 639 2991 cepit
654 2909 806 2973 reflorere
823 2909 1053 2973 miraculorum
1080 2909 1274 2992 frequentia,
1302 2932 1399 2994 super
1414 2909 1525 2993 quibus

401 3016 546 3080 etfama
573 3017 704 3098 publica
730 3021 762 3080 et
786 3036 998 3098 personarum
1025 3017 1213 3099 exceptione
1239 3015 1396 3082 maiorum
1424 3020 1526 3082 essent

401 3125 563 3189 notabilia
590 3124 781 3188 documenta
798 3123 858 3190 stb.
876 3123 1115 3204 (Committitur
1141 3126 1372 3208 suprascriptis
1398 3147 1526 3191 examen

402 3234 487 3297 vitae
504 3239 537 3296 et
552 3229 799 3314 miraculorum)
827 3237 951 3296 Actum
967 3237 998 3296 et
1014 3233 1127 3297 datum
1154 3233 1316 3298 Cracouic
1332 3234 1367 3297 in
1382 3233 1452 3299 loco
1469 3231 1526 3297 Ca·

401 3340 497 3424 pituli
526 3339 672 3404 Ecclesia
700 3339 928 3404 Craeouiensis
954 3340 1006 3403 die
1033 3339 1107 3403 lune
1123 3341 1236 3405 rltima
1252 3341 1373 3406 mensis
1389 3339 1528 3424 Septem·
1616 3427 1617 3432 ἵ

402 3447 469 3513 bris
486 3470 572 3513 auno
590 3447 725 3513 Domini
745 3445 1043 3515 MCCCCXXVI.

498 3594 636 3654 (lli-edetis
652 3595 863 3660 hdrhartyrtma
880 3591 997 3643 krakkdi
1012 3594 1203 3656 kdptalannak
1216 3593 1428 3654 levdltrirdbau.)

890 3755 1049 3764 ,μη-ἠ»...-

403 3897 440 3984 4)
466 3897 497 3963 Α
524 3897 717 3964 krakkoi
753 3894 1224 3982 snbkestemplombau
1247 3917 1294 3964 az
1317 3917 1349 3965 u.
1372 3919 1403 3963 n.
1427 3891 1531 3963 Hed·

621 4008 696 4088 rig
719 4006 947 4072 fesztilete
971 4008 1111 4072 alatti
1135 4005 1313 4072 fcliras.
1615 4017 1617 4086 j

404 4149 536 4250 HAEC
562 4149 863 4218 SALVATORIS
888 4149 1062 4216 NOSTRI
1084 4150 1197 4217 JESU
1219 4147 1417 4217 CHRISTI
1434 4143 1531 4217 CRU=

714 4273 761 4340 CI
784 4275 970 4341 AFFIXA
993 4273 1224 4354 crumino,

407 4418 538 4504 oona
572 4420 622 4486 ur
656 4419 965 4487 roououfluon
993 4418 1105 4498 rsus
1129 4419 1306 4488 ousrro
1332 4417 1433 4488 com
1458 4418 1530 4486 no·
1615 4419 1617 4530 j

762 4547 892 4614 noes
917 4545 1185 4630 sanvnron,
