3190 5252
517 343 521 350 v
605 326 699 387 raas.
914 346 917 354 »
1149 326 1213 389 ner
1342 297 1345 302 ’

81 509 113 568 61
129 500 331 568 firmavimus
347 500 463 568 bonam
483 507 516 567 et
531 508 720 588 perpetuam
741 522 864 585 pacem,
881 507 916 566 et
942 502 1092 568 similiter
1118 502 1231 568 habe,

83 633 154 678 mus
173 633 246 676 oum
262 611 336 676 aliis
352 609 566 696 Principibus,
578 609 812 678 Communibus
830 618 863 678 et
878 610 1030 677 Dominis
1041 610 1151 678 mundi
1162 633 1217 696 pa·

83 743 154 786 cem
180 725 214 786 et
229 726 326 804 pacta
343 742 416 786 cum
432 720 667 804 instrumentis,
687 720 880 785 iuramentis
897 725 930 784 et
959 718 1218 786 solemnitatibus
1277 713 1279 724 '

83 827 287 912 opportunis,
302 833 439 912 propter
456 829 544 912 quod
561 851 624 894 non
641 827 794 912 videmus,
820 826 908 912 qnod
930 826 997 893 ullo
1023 825 1119 893 modo
1145 849 1218 893 oum

82 936 206 1001 honore
222 942 335 1001 nostro
351 956 519 1020 possemus
535 937 578 1002 ad
592 936 691 1001 istam
707 935 808 1019 ligam
826 933 1011 1017 generalem
1037 935 1217 1016 attendere,

82 1045 159 1127 quia
177 1044 358 1110 veniremus
374 1043 417 1110 ad
445 1041 755 1111 contrafaciendum.
781 1042 908 1111 Verum
924 1043 952 1108 si
977 1040 1140 1109 diceretur
1166 1044 1217 1108 vel

15 1162 22 1198 ⁷
81 1150 312 1218 ostenderetur
328 1149 443 1234 aliqua
457 1153 520 1236 via,
537 1151 580 1217 ad
596 1172 696 1236 quam
711 1171 880 1234 possemus
897 1147 1066 1216 attendere
1082 1150 1168 1216 iuste
1185 1157 1217 1217 et

14 1303 15 1306 =
82 1258 331 1328 rationabiliter
348 1266 470 1327 etcum
496 1260 621 1328 honore
646 1266 680 1325 et
704 1260 790 1325 bono
815 1266 928 1324 nostro
953 1258 1011 1340 ita,
1040 1258 1127 1343 qnod
1151 1280 1216 1325 non

13 1355 14 1358 ¹
82 1374 203 1434 contra
219 1367 483 1435 laceremusfidei
500 1375 533 1434 et
549 1374 754 1436 sacramento
770 1372 895 1450 nostro,
907 1366 941 1433 id
951 1367 1091 1435 libenter
1101 1367 1216 1434 audire

81 1477 197 1561 parati
213 1497 332 1542 sumus.

129 1621 168 1685 (A
185 1622 295 1673 abiisti«
310 1621 401 1673 czirntt
414 1623 555 1674 velenczei
569 1624 749 1688 uillamkbnyv
761 1621 906 1674 xxxvn.
917 1621 1061 1673 1111611111
1075 1624 1134 1672 240.
1148 1621 1179 1685 l.)

612 1930 686 1993 253.

83 2093 111 2154 A
130 2072 651 2178 6616116661ΕοφτηάπῃιαηάοεηαΙ(
678 2092 834 2156 condolete
860 2092 1009 2176 bironyos
1035 2088 1153 2156 (161616
1169 2091 1216 2154 61-

81 2200 190 2264 dc'kc'ra
206 2199 326 2264 okozott
346 2199 468 2284 seraper-i
494 2200 673 2265 bdrosodds
699 2200 883 2288 tctrqyribon
908 2201 1043 2266 Martoa
1068 2200 1215 2264 rimini-i

422 2309 595 2373 eei-eneas
610 2293 771 2374 tomara.
790 2310 884 2373 rasa.

197 2469 297 2535 Anno
323 2465 613 2535 MOCOXXXII.
637 2469 814 2536 indictione
840 2474 944 2550 sexta,
970 2468 1023 2534 die
1047 2467 1134 2536 XII.
1153 2467 1219 2535 No·

84 2578 238 2644 vembris
262 2577 406 2661 Capta
422 2602 429 2642 :
447 2575 528 2642 Cum
545 2599 604 2662 per
621 2581 781 2644 armatam
797 2582 952 2657 nostram,
969 2577 1059 2644 cuius
1075 2576 1138 2643 fuit
1156 2574 1219 2642 Oa-

83 2689 241 2773 pitaneus
258 2687 308 2752 vir
326 2686 445 2753 nobilis
462 2709 515 2752 scr
534 2687 650 2755 Victor
666 2688 780 2753 Pisani
798 2694 945 2772 tempore
970 2687 1129 2771 captionis
1158 2685 1219 2753 Oa·

84 2797 152 2862 tari
170 2817 230 2880 per
246 2797 335 2880 ipsas
352 2795 464 2878 galeas
480 2797 513 2861 in
530 2796 624 2880 aquis
634 2793 749 2863 Oatsri
760 2800 926 2880 repertum
941 2794 1040 2861 fuerit
1056 2795 1218 2881 quoddam

83 2904 256 2987 navigium
273 2909 443 2970 oneratum
459 2903 623 2970 frumento
640 2905 803 2988 adportes
813 2903 928 2988 Briegi
945 2905 1113 2970 cuiusdam
1129 2903 1220 2971 Mar·

1 3073 2 3088 ,
84 3013 148 3078 tini
165 3013 208 3078 de
224 3011 375 3078 Arimino
391 3010 587 3078 habitatoris
603 3011 772 3093 Duraohii‚
798 3011 886 3094 quod
910 3009 1152 3077 conducebatur
1176 3011 1219 3080 ad

85 3127 204 3206 partes
234 3119 400 3202 Antium,
431 3127 464 3184 61
489 3120 595 3203 ipsum
622 3120 787 3204 navigium
813 3118 1006 3186 conductum
1037 3117 1137 3186 fuerit
1161 3141 1221 3204 per

85 3232 195 3314 ipsam
211 3233 373 3294 armatam
399 3224 568 3306 Catarum,
584 3248 623 3292 ac
648 3226 687 3291 de
713 3226 868 3292 mandato
895 3224 1033 3310 Collegii
1059 3225 1170 3292 datum
1187 3232 1220 3292 et

86 3335 304 3402 distributum
321 3333 420 3400 fuerit
435 3335 542 3418 ipsum
558 3332 757 3400 frumentum
773 3357 844 3400 cum
862 3341 952 3400 certa
962 3336 1147 3417 quantitate
1157 3334 1221 3401 bis-

87 3445 157 3510 eoti
177 3443 280 3510 nostri
297 3441 486 3508 Communis
517 3445 637 3526 partim
670 3445 755 3508 inter
781 3443 927 3508 homines
956 3441 1043 3508 (11616
1070 3442 1220 3509 Civitatis
1283 3469 1285 3475 ⁴

85 3550 216 3629 Catari,
232 3550 352 3634 partim
368 3550 403 3614 in
420 3548 538 3616 Oastro
554 3571 613 3634 pro
641 3551 819 3615 munitione
846 3549 999 3630 eiusdem,
1024 3557 1058 3616 61
1084 3550 1123 3615 (16
1148 3552 1220 3634 ipso

87 3660 183 3724 nulla
214 3680 360 3742 unquam
386 3657 569 3724 satisfactio
591 3657 679 3724 facta
703 3657 803 3723 fuerit
828 3659 975 3725 Martino
1000 3658 1166 3742 predicto;
1189 3663 1223 3724 et

88 3771 266 3852 propterea
283 3766 327 3832 ad
352 3767 542 3850 petitionem
566 3768 668 3852 ipsius
692 3787 803 3832 omnes
828 3766 947 3834 Veneti
973 3789 1045 3832 cum
1071 3767 1165 3834 bonis
1190 3773 1225 3832 61

89 3875 347 3940 mercationibus
380 3874 444 3941 suis
476 3874 607 3941 fuerunt
639 3877 672 3940 in
704 3873 873 3941 Duracbio
904 3875 1092 3957 intromissi,
1123 3898 1223 3960 quam

89 3985 368 4050 intromissionem
398 3990 512 4067 postea
537 3986 606 4068 ipse
638 3985 803 4051 Martinus
829 3985 974 4050 revocari
999 3983 1084 4068 fecit,
1110 3984 1222 4050 volens

89 4101 248 4177 tanquam
266 4093 371 4160 fidelis
389 4093 527 4158 servitor
544 4093 638 4158 huius
656 4092 803 4159 Dominii
813 4099 901 4159 stare
911 4093 1021 4177 potius
1037 4093 1080 4160 ad
1097 4112 1222 4158 omnem

91 4198 359 4282 declarationem,
377 4221 440 4283 que
455 4200 550 4264 fieret
565 4222 624 4283 per
633 4200 898 4266 Dominationem
911 4221 1007 4283 super
1017 4198 1088 4281 hoo,
1106 4201 1220 4266 etideo

90 4309 156 4374 hnc
172 4309 309 4376 accessit
326 4315 440 4392 petens
458 4314 491 4374 et
506 4311 678 4390 requirens
697 4309 954 4376 satisfactionem
975 4310 1215 4394 predictorum;

91 4417 184 4483 vadit
204 4439 281 4500 pars
296 4437 356 4500 per
373 4417 636 4483 informationem
653 4417 800 4484 habitam
820 4440 880 4501 per
905 4419 1068 4502 sapientes
1093 4423 1221 4486 nostros

91 4524 231 4592 Consilii
245 4547 265 4590 a
282 4547 380 4610 quam
396 4524 554 4610 pluribus,
570 4532 602 4593 et
619 4526 803 4611 specialiter
813 4550 833 4594 a
844 4527 944 4593 nobili
954 4527 1023 4592 viro
1033 4527 1058 4596 J
1060 4525 1162 4594 acobo
1179 4527 1219 4592 do
