3134 5254
586 307 677 367 1379.
883 357 887 362 .
1121 309 1181 372 231

1 471 2 523 Ῑ
70 483 219 566 colligatis
235 506 329 568 posse
347 484 454 548 reuiro
471 483 515 548 ad
531 485 675 567 aliquam
693 485 932 550 conclusionem
949 487 1047 568 pacis.
1078 485 1186 551 Hodie

70 591 221 657 venithuo
247 613 329 656 uirus
355 592 436 656 ciuis
462 592 703 657 Dominatiouis
730 590 858 672 Vestro,
885 593 950 676 qui,
967 597 1004 656 ut
1020 591 1111 673 dicit,
1138 616 1186 659 ro-

1 703 2 766 l
67 699 152 763 cessit
168 698 207 764 dc
223 699 380 764 Ferraria
404 701 471 784 jam
498 707 572 765 sunt
593 700 705 766 decem
723 700 802 782 dies,
818 708 852 766 et
868 701 956 784 dicit,
973 701 1059 782 quod
1075 709 1185 785 porta·

66 806 115 871 bat
128 829 223 873 uuum
241 808 336 873 breve
353 809 484 874 domino
501 808 675 874 Frederico
694 809 867 888 Ceruario3
892 813 925 872 et
942 808 1018 874 dum
1031 815 1117 874 essct
1133 809 1186 875 hic

63 937 154 999 prope
169 917 245 998 heri,
261 917 374 982 videns
400 939 464 982 non
479 899 573 1000 posse
590 917 727 982 eradere
742 937 858 982 manus
877 913 1095 999 Vugarorum,
1112 939 1185 1000 pro·

1 1098 2 1121 ,
60 1024 134 1105 jecit
149 1022 268 1089 dictum
284 1023 379 1090 breve
406 1025 439 1088 in
465 1046 561 1089 ιιιιιιιιι
588 1045 707 1108 aquam
734 1024 1000 1104 molendinorum,
1018 1023 1098 1107 quid
1113 1033 1186 1092 erat

1 1124 2 1163 ³
61 1131 188 1216 ligatum
204 1132 290 1198 iuter
306 1131 387 1198 dnos
403 1133 540 1216 lapides,
557 1130 732 1198 secuudum
749 1130 836 1216 quod
854 1130 916 1197 sibi
934 1131 1112 1198 mandabat
1130 1133 1185 1199 do-

1 4380 2 4431 t
59 4381 194 4447 tentione
220 4381 277 4447 fui.
301 4382 349 4448 nt
374 4379 550 4446 secundum
576 4379 663 4464 quod
688 4381 721 4443 in
738 4379 835 4445 dictis
852 4379 973 4444 litteris
990 4377 1182 4480 continetur,

1 4495 3 4540 l

1 4543 2 4586 l

63 1240 160 1304 miuus
175 1239 351 1305 Feden'cus
368 1241 543 1324 predictus.
567 1238 638 1323 Qus
656 1263 728 1306 cnm
746 1241 905 1320 scivimus,
925 1239 1112 1306 immediate
1128 1241 1185 1306 mi·

61 1348 152 1412 simus
169 1349 210 1413 ad
227 1349 410 1430 videndum,
427 1348 455 1412 si
471 1354 605 1432 poterat
620 1349 766 1432 reperiri,
784 1355 817 1413 et
833 1369 896 1413 non
912 1347 975 1413 luit
1000 1353 1185 1432 repertum3

62 1456 224 1537 arisamuS,
241 1457 376 1538 quando
392 1457 558 1522 mittemus
568 1455 657 1523 istud
668 1456 756 1522 eliud
774 1457 879 1535 breve,
897 1456 975 1538 quid
992 1456 1182 1524 Dominatio

62 1563 171 1632 Vestra
199 1564 293 1632 nobis
319 1564 417 1645 misit,
444 1564 532 1630 (licto
559 1564 689 1630 domino
714 1564 893 1642 Frideriec,
926 1564 987 1630 sibi
1012 1564 1180 1631 notificare

61 1671 209 1755 predicta,
226 1680 261 1736 ut
278 1673 379 1756 possit
397 1672 478 1738 illud
505 1673 672 1756 replicare.
694 1672 880 1738 Habuimus
894 1671 992 1738 hodie
1009 1695 1029 1736 a
1044 1692 1184 1756 persona

62 1779 226 1864 fidedigna,
241 1781 329 1865 quod
345 1781 466 1846 inimici
490 1781 733 1847 Dominationis
759 1780 879 1847 Vestro
895 1781 1028 1846 arixant
1045 1803 1103 1866 per
1120 1782 1183 1847 lor-

60 1889 135 1954 ciam
150 1890 346 1974 quantitatis
363 1898 550 1956 caratorum
576 1890 685 1955 lacere
711 1910 809 1954 unam
826 1912 938 1955 caram
954 1891 1039 1955 inter
1055 1889 1184 1956 Matho·

61 2017 201 2066 mancum
218 2005 251 2064 et
266 1996 423 2064 Sanctum
440 1999 625 2081 Nicolaum,
650 2021 708 2082 per
733 2020 830 2082 quam
845 1999 972 2083 possint
989 1999 1036 2062 irc
1052 1999 1183 2080 navigia

60 2126 154 2188 parm
180 2113 215 2172 et
239 2129 359 2191 magna
383 2115 418 2173 et
441 2108 543 2190 galee,
569 2114 601 2172 et
626 2107 747 2173 habere
772 2129 831 2190 per
852 2107 957 2191 ipsam
973 2107 1182 2172 intentionem

59 2237 168 2280 rorum.
185 2215 272 2282 Item
288 2216 330 2283 ab
347 2218 413 2283 alia
431 2239 573 2300 persona
591 2217 756 2296 sensimus,
773 2215 860 2298 quod
877 2236 973 2300 super
992 2213 1117 2281 duobus
1133 2215 1182 2280 vel

60 2323 157 2388 tribus
172 2325 296 2408 grossis
312 2325 450 2410 navigijs
476 2326 515 2390 de
542 2325 657 2390 vestris
683 2325 746 2408 ipsi
764 2325 910 2390 l'ecerunt
925 2323 994 2388 lieri
1013 2345 1088 2389 suas
1103 2324 1181 2389 arti-

58 2431 122 2496 ticia
137 2437 170 2497 ct
186 2432 310 2498 lusinas
335 2440 367 2498 et
383 2433 522 2517 ingenia,
548 2455 619 2498 cunr
642 2417 761 2516 quibus
777 2439 911 2516 sperant
927 2431 1077 2514 frangere
1094 2438 1182 2498 catc-

2 2545 4 2548 ’
60 2559 133 2603 riam.
151 2539 223 2623 Quo
239 2563 311 2605 cum
328 2540 509 2621 habuimus,
524 2540 645 2610 Vestro
671 2540 827 2606 Dominio
843 2539 977 2606 facimus
994 2537 1179 2620 rrranil'esta,

60 2654 89 2711 ut
118 2648 161 2712 sit
192 2649 371 2714 informata
407 2648 448 2713 de
484 2649 632 2714 omnibus
662 2671 724 2731 que
757 2651 922 2714 sentimus.
953 2647 1182 2716 Intelleximus
1274 2707 1279 2714 .

59 2757 157 2838 ctiam,
175 2758 263 2842 quod
280 2758 335 2824 isti
351 2759 526 2824 intendunt
542 2758 650 2824 levare
661 2780 808 2842 campum
826 2759 878 2823 die
898 2757 1013 2824 Sabati
1025 2758 1182 2842 proximo·

59 2864 123 2947 Ego
152 2873 265 2932 autem
292 2865 473 2932 Zacharias
498 2865 654 2949 predictis
671 2888 737 2932 non
752 2864 895 2945 interlui,
920 2872 1053 2950 propter
1072 2887 1181 2931 casum

60 2975 110 3054 qui
126 2975 226 3040 michi
243 2975 361 3040 nudius
379 2976 496 3041 tertius
517 2975 661 3042 excurrit
677 2977 710 3040 in
727 2997 829 3059 cruce,
849 2997 944 3056 quem
961 2973 1100 3040 debebat
1116 2974 1182 3038 Do·

58 3083 221 3148 minationi
238 3083 357 3150 Vestre
382 3081 489 3149 dicere
512 3083 681 3149 Johaunes
699 3082 896 3159 Gradenico.
919 3083 1076 3163 Dicimus
1093 3081 1180 3165 quod

59 3191 115 3255 ista
131 3199 208 3256 sunt
223 3191 499 3274 ponderosissima
522 3193 665 3276 negotia,
682 3201 715 3258 et
731 3215 795 3257 non
817 3192 992 3258 tractanda
1008 3213 1066 3275 per
1082 3211 1180 3254 uuum

58 3299 100 3363 rel
115 3297 215 3378 duos;
240 3305 272 3363 ot
288 3296 364 3364 ideo
382 3299 504 3366 Vestra
519 3297 712 3367 Dominatic
737 3299 918 3384 provideat,
935 3305 970 3364 nt
988 3297 1048 3364 sibi
1066 3297 1182 3382 placet.

58 3404 190 3492 Tarvisij
210 3406 291 3474 VII.
308 3405 511 3490 Septembris
528 3409 610 3474 hora
626 3406 748 3476 VIIII.
767 3406 880 3473 noctis.

180 3613 239 3690 26)
264 3604 298 3669 A
325 3606 555 3671 relcucuei
581 3606 780 3688 (logeneh
805 3631 825 3670 a
849 3605 1050 3672 hovetok.

156 3733 371 3799 serenissime
399 3731 538 3796 Domine
566 3739 684 3798 noster.
711 3729 805 3798 Sicut
832 3729 1036 3797 Excellentic
1062 3727 1182 3796 Vestro

57 3839 237 3923 scripsimus
262 3859 322 3922 per
348 3838 477 3904 litteras
504 3845 635 3904 nostras
662 3838 758 3905 datas
786 3839 855 3904 heri
872 3839 952 3903 hora
967 3859 1054 3904 nona
1071 3837 1183 3918 noctis,

58 3945 165 4014 luimus
182 3969 241 4013 nos
257 3946 416 4012 Nicolaus
441 3946 642 4014 Macroceno
659 3953 692 4013 et
708 3947 733 4014 J
735 3949 878 4014 ohannes
904 3945 1094 4012 (tredecim
1110 3967 1182 4015 cum

58 4053 179 4122 domino
196 4055 335 4135 Karolo,
349 4062 383 4120 et
398 4053 474 4140 alijs
490 4053 676 4121 Beronibus
702 4055 813 4138 Regia
833 4053 889 4119 ubi
905 4055 1119 4122 tractavimus
1135 4077 1182 4120 se-

58 4164 189 4230 cundum
206 4163 294 4248 quod
321 4165 354 4228 in
382 4164 479 4229 dictis
504 4165 625 4229 nostris
641 4163 761 4228 litteris
778 4162 928 4228 ordinate
945 4168 1097 4242 cavetur3
1119 4181 1182 4243 que

58 4273 156 4336 omnia
171 4274 366 4357 placuerunt
393 4272 488 4336 michi
514 4269 676 4337 Zacharia
703 4268 903 4351 Contarcuo,
920 4275 952 4333 ct
969 4269 1009 4333 de
1031 4266 1119 4333 dicta
1137 4268 1182 4334 in·

60 4485 165 4556 ipimus
190 4487 287 4555 hodie
314 4489 356 4554 ad
381 4487 485 4554 dictos
510 4487 655 4554 Berones
681 4488 767 4554 bena
793 4487 892 4566 hora3
917 4485 972 4550 sed
999 4492 1179 4568 antequam
