3214 5250
408 473 472 538 616
761 493 996 538 nrrnouaczmr
1013 479 1178 538 nunbunn.

404 653 585 719 ternalibns
602 655 826 735 :presencium
853 663 965 718 tenore
997 650 1084 716 vobis
1115 651 1260 735 predicto
1286 651 1355 715 viro
1387 649 1520 732 Egregio

407 759 539 825 Andree
556 761 704 843 Cipriani
730 759 769 825 de
797 759 959 843 Sibenioo,
976 760 1107 824 Danieli
1124 759 1247 824 Marini
1263 763 1298 822 et
1313 757 1458 823 Martino
1472 756 1523 821 Ni·

406 869 490 934 colai
516 869 555 934 de
582 866 734 933 Sibenico
761 867 967 933 Consiliariis
999 866 1172 950 Capitonei
1198 868 1359 949 ipsorum;
1397 866 1522 930 decerno

405 977 530 1059 pariter
547 983 579 1040 et
596 975 727 1040 declaro
754 975 844 1040 vobis
870 975 1031 1040 dictarum
1049 973 1226 1040 Ciuitatnm
1243 973 1387 1040 Sibenici
1405 981 1438 1037 et
1452 970 1519 1056 Spa·

403 1083 470 1163 leti,
486 1103 662 1164 earumque
679 1080 939 1150 Vniuersitatum
957 1089 988 1147 et
1006 1081 1294 1160 Communitatum,
1310 1101 1349 1146 ac
1364 1080 1522 1163 singulari·

406 1191 470 1255 tati
488 1211 598 1256 earum
615 1190 743 1255 nomine
754 1216 761 1253 :
772 1190 858 1272 quod
868 1211 978 1255 omnes
990 1189 1164 1267 molestias,
1179 1186 1382 1266 offensiones,
1397 1187 1519 1252 inimici·

404 1299 483 1376 cias,
501 1300 665 1363 nouitates
682 1303 715 1360 et
731 1298 882 1382 dampna,
899 1298 1009 1362 ciuilia
1024 1298 1075 1363 vel
1091 1297 1280 1373 criminalia,
1300 1293 1522 1377 quomodocun-

406 1428 470 1490 que
488 1404 537 1468 rel
555 1405 823 1488 qualitercunque
841 1405 934 1470 illata
951 1405 1038 1484 mibi,
1065 1402 1273 1483 Barensibus,
1293 1409 1325 1466 et
1341 1401 1522 1486 quibuscun-

315 1599 318 1604 .
406 1536 468 1598 que
485 1515 572 1594 meis,
588 1516 621 1578 in
638 1515 785 1597 personis
801 1514 851 1578 rel
867 1515 970 1594 bonis,
988 1535 1045 1596 per
1062 1513 1206 1578 homines
1233 1512 1394 1577 dictarum
1411 1510 1521 1577 Ciuita-

407 1629 476 1687 tum
506 1620 646 1686 Sibenici
674 1626 705 1684 et
732 1618 868 1704 Spoleti,
894 1621 944 1685 vel
961 1620 1178 1704 dependentes
1194 1621 1236 1686 ab
1253 1619 1330 1700 illis,
1346 1640 1522 1703 quocunqne

407 1731 537 1813 ingenio
556 1729 605 1792 rel
621 1729 728 1793 colore
743 1729 824 1810 ipsis
843 1727 1024 1811 retrolapso
1050 1735 1204 1812 tempore,
1225 1729 1356 1792 remitto
1373 1734 1405 1793 et
1422 1749 1473 1792 eos
1488 1748 1520 1790 ex

406 1839 484 1922 ipsis
512 1836 624 1916 libere,
649 1835 796 1916 absoluo,
820 1843 979 1918 perpetuo
1007 1837 1132 1919 pariter
1148 1842 1181 1900 et
1197 1835 1306 1917 quieto
1324 1856 1382 1919 per
1401 1836 1521 1918 promis·

410 1946 535 2010 sionem
562 1950 594 2008 ct
619 1949 748 2026 pactum
777 1943 816 2006 de
841 1943 906 2008 illis
931 1943 1064 2008 ulterius
1081 1964 1144 2008 non
1161 1942 1318 2025 petendis,
1336 1965 1446 2028 meque
1462 1965 1522 2007 cum

408 2053 473 2119 illis
489 2048 645 2117 reducens
663 2049 706 2115 ad
722 2051 867 2116 amicicie
883 2049 1013 2131 federa3
1039 2057 1072 2116 et
1083 2049 1156 2115 volo
1166 2050 1342 2115 amicorum
1358 2073 1444 2115 more
1460 2071 1521 2114 cnm

411 2161 456 2224 eis
475 2161 580 2224 viuere
607 2165 763 2241 tanquam
790 2181 862 2222 cnm
888 2158 1037 2224 fidelibus
1054 2157 1154 2241 Regis
1171 2159 1309 2241 predicti
1331 2156 1473 2242 Vngarie
1486 2157 1525 2222 al·

407 2268 546 2332 sectione
573 2265 727 2331 fraterna
755 2265 800 2330 nt
826 2273 859 2330 vt
885 2265 1042 2349 predictis
1067 2267 1197 2332 reiectis
1214 2266 1378 2330 amoribus
1394 2267 1525 2350 predicta

411 2376 536 2442 meliori
553 2374 669 2439 robore
687 2373 803 2438 futuris
819 2373 1020 2458 temporibus
1038 2375 1253 2454 innotescant,
1269 2396 1328 2457 pro
1345 2395 1395 2440 me
1410 2381 1444 2440 et
1458 2373 1526 2439 meis

410 2482 611 2550 Barensibus
628 2483 756 2547 nomine
782 2481 824 2547 N.
840 2481 881 2547 N.
908 2503 996 2547 mero
1013 2503 1094 2565 puro
1111 2483 1220 2546 animo
1237 2489 1270 2546 et
1285 2482 1372 2548 bona
1388 2482 1449 2547 tide
1465 2502 1526 2565 pro

409 2592 504 2656 mitto
531 2612 569 2654 ex
595 2613 679 2656 nunc
705 2590 801 2654 dictis
829 2589 1096 2656 Sibenicensibns
1122 2595 1154 2654 et
1180 2589 1523 2674 Spaletensibusipsos

411 2720 586 2782 eorumque
612 2700 674 2762 iuri
703 2699 866 2763 subiectos
893 2699 924 2762 in
950 2699 1094 2782 generali
1121 2719 1177 2764 sen
1203 2699 1347 2782 speciali,
1372 2721 1410 2764 nc
1427 2719 1527 2762 eorum

410 2806 495 2870 bona
523 2806 640 2890 ubique
668 2811 820 2887 tractare,
846 2806 977 2884 habere,
1003 2812 1112 2870 tenere
1139 2815 1172 2871 et
1197 2811 1350 2890 reputare
1375 2813 1410 2872 vt
1427 2804 1528 2870 fideles
1593 2873 1594 2876 ,

410 2914 488 2978 dicti
505 2912 626 2978 domini
643 2914 744 2998 Regis
763 2915 917 2996 Vagarie.
934 2935 1086 2995 meosque
1103 2921 1136 2978 vt
1153 2915 1271 2980 amicos
1289 2921 1321 2980 et
1338 2913 1529 2996 fratresvbi·
1593 2949 1594 3008 3

413 3042 475 3104 que
492 3023 524 3084 in
542 3022 624 3084 mari
641 3024 691 3086 vel
718 3023 750 3086 111
775 3022 872 3086 terris
898 3041 966 3086 esse
984 3043 1041 3086 sen
1058 3022 1193 3106 reperiri
1209 3023 1393 3104 contigerit.
1409 3021 1530 3086 Etcum

413 3128 455 3192 ad
473 3128 649 3193 Ciuitatem
668 3128 857 3206 Barensem,
884 3151 941 3193 sen
965 3136 1070 3193 terras
1088 3127 1208 3194 etloca
1234 3149 1303 3192 mee
1316 3128 1531 3212 jurisdiceioni

414 3236 574 3301 subiectas
592 3258 711 3318 omnm,
737 3238 822 3302 ciues
840 3244 873 3301 et
889 3238 1035 3302 homines
1060 3244 1222 3302 terrarum
1239 3258 1309 3301 cum
1327 3257 1436 3301 eorum
1452 3235 1530 3300 nani·

413 3345 474 3426 giis
501 3346 548 3408 ire
574 3344 623 3409 vel
650 3344 814 3410 declinare
840 3346 1023 3428 contigerit,
1048 3347 1139 3410 eritis
1164 3347 1198 3411 in
1214 3345 1368 3426 aduentu,
1385 3366 1473 3410 mora
1487 3343 1529 3406 rel

414 3450 523 3516 reditu
549 3456 582 3514 vt
608 3451 705 3516 aurici
730 3458 763 3517 et
788 3451 908 3517 fratres
934 3473 1061 3536 semper
1078 3455 1110 3517 111
1128 3461 1236 3518 restra
1251 3452 1357 3518 libera
1373 3457 1532 3536 potestate,

414 3557 603 3639 multamque
628 3559 718 3622 vobis
745 3559 934 3642 impendere
960 3557 1123 3639 offensam,
1150 3560 1354 3625 obstaculum
1380 3559 1429 3624 vel
1444 3559 1532 3623 iactu·

413 3687 494 3744 lam,
511 3664 569 3729 sub
586 3687 670 3749 pena
695 3673 727 3730 et
753 3667 794 3730 ad
821 3688 938 3749 penam
966 3667 1159 3732 ducatorum
1174 3669 1246 3731 auri
1265 3665 1341 3731 MM
1357 3685 1530 3750 paruornm,

417 3795 477 3854 pro
496 3773 775 3842 Vniuersitatibus
792 3775 957 3857 predictis,
973 3783 1006 3840 et
1022 3774 1086 3840 alio
1104 3795 1165 3856 pro
1181 3777 1229 3840 eis
1245 3776 1279 3839 in
1295 3774 1412 3855 banno,
1429 3775 1454 3838 si
1470 3793 1532 3838 con·

416 3880 626 3962 trasaccrent,
644 3881 770 3946 ciuibus
796 3883 934 3967 singulis
959 3883 1226 3947 irremissibiliter
1247 3881 1485 3965 exigendorum
1501 3878 1533 3943 si·

416 3988 514 4070 bique
540 4011 596 4073 per
622 3991 731 4056 omnia
756 3991 823 4056 sine
849 3993 959 4076 aliquo
979 3990 1109 4056 defectu
1127 4014 1198 4056 cum
1215 3990 1361 4056 efficacia
1377 3987 1533 4056 soluendo·
1590 4013 1591 4054 1

416 4118 497 4163 rum.
516 4095 598 4161 Cum
617 4107 720 4181 pacm,
739 4099 826 4182 quod
845 4106 1018 4182 postquam
1035 4121 1093 4183 per
1111 4120 1164 4166 vos
1182 4098 1303 4162 similes
1319 4099 1534 4182 promissiones
1589 4111 1591 4178 1

420 4201 498 4266 mihi
513 4202 599 4269 lactc
618 4206 691 4285 sint,
708 4227 779 4269 cum
797 4227 855 4287 pro
879 4205 1003 4270 meliori
1032 4206 1162 4272 cautela
1187 4227 1207 4270 a
1233 4203 1362 4271 Comite
1387 4213 1531 4270 terrarum

419 4312 640 4392 predictarum
657 4311 838 4377 consimiles
865 4311 975 4377 littere
996 4314 1178 4378 necessario
1196 4315 1262 4378 sint
1277 4313 1443 4393 babende;
1464 4308 1531 4375 1111111

417 4440 557 4500 reserum
584 4421 670 4502 quod
695 4442 754 4504 per
780 4426 885 4484 totum
911 4442 1054 4485 mensem
1071 4421 1226 4486 Octnbris
1242 4421 1388 4503 proxime
1403 4421 1531 4484 futurum

420 4525 505 4590 XII.
524 4527 711 4592 indiccionis
737 4530 956 4610 procurabitis
972 4551 992 4594 a
1010 4530 1193 4596 Comitibus
1210 4535 1244 4593 et
1260 4527 1462 4596 Officialibus
1478 4531 1530 4588 ter-

421 4653 529 4696 rarum
559 4634 783 4719 predictarum
807 4634 896 4700 vmibi
929 4636 1112 4704 consimiles
1142 4636 1268 4703 litteras
1300 4635 1530 4721 promissionum

1589 4183 1591 4262 1

1588 4437 1590 4502 l

1588 4523 1590 4536 t
