3226 5254
420 367 484 424 358
773 345 1011 424 nrenouaczrar
1029 367 1195 424 anabusn.

418 539 618 623 temporibus
645 539 802 623 obligata.
829 537 918 604 Data
942 539 1115 605 Florentie
1141 538 1201 604 die
1217 537 1335 606 XXV.
1352 535 1542 622 Septembris

419 649 509 714 1111.
526 647 704 713 indictione
721 645 1004 714 MOOOLXXX.

419 795 543 858 (Eredeti
556 793 771 858 fogalmazvriny
786 807 803 841 a
817 792 955 856 ›Signori‚
970 793 1125 857 Carteggie,
1139 791 1269 842 nisuve«
1286 794 1338 842 stb.
1353 790 1459 854 osztrily
1478 789 1542 840 xlx.

574 883 731 948 kbtegeben
748 887 788 932 ⁵1.
803 883 878 933 szrtm
892 897 926 942 a,
941 897 958 931 a
970 881 1100 932 florenczi
1113 895 1186 946 nagy
1200 881 1396 944 lectitarban.)

955 1169 1027 1230 178.

576 1335 655 1396 Piso
674 1332 839 1396 vcra-oraora
856 1356 878 1394 c
888 1330 1047 1418 jtorcnczi
1064 1330 1282 1415 lrdztdrruscty.
1309 1333 1404 1395 1380.

636 1489 775 1555 Pisanis

528 1600 663 1664 Fratres
689 1596 864 1662 karissimi.
891 1595 985 1662 Sicut
1011 1596 1164 1677 scribitis,
1193 1618 1257 1661 non
1282 1605 1443 1680 putamus,
1467 1593 1542 1678 quod

418 1709 479 1773 hec
505 1707 714 1790 Ungarorum
739 1705 864 1770 inculta
889 1712 921 1771 et
949 1704 1117 1770 horrenda
1147 1705 1315 1789 congeries
1349 1705 1383 1769 in
1413 1707 1540 1769 restrum

421 1816 536 1882 debeat
562 1814 763 1880 territorium
789 1812 953 1879 hostiliter
980 1814 1139 1897 equitare,
1165 1814 1349 1880 rationibus
1375 1816 1408 1878 in
1437 1811 1540 1876 restris

423 1924 545 1989 litteris
561 1923 815 2007 prudentissime
831 1921 1016 1988 declaratis.
1032 1923 1078 1987 Et
1094 1921 1135 1985 ob
1154 1921 1187 1986 id
1203 1923 1309 1986 minus
1323 1921 1478 1985 credimus
1493 1939 1541 1982 ros

423 2037 585 2114 apparatu
617 2036 799 2096 vestrarum
826 2030 972 2112 gentium
997 2029 1154 2112 indigere.
1171 2027 1352 2094 Nobiscum
1369 2035 1475 2094 autem
1488 2029 1540 2091 iste

424 2139 581 2221 Princeps
607 2158 679 2202 cum
696 2138 841 2202 exercitu
867 2157 934 2216 suc,
960 2157 1023 2202 non
1046 2134 1180 2217 occulte,
1198 2137 1254 2200 sed
1272 2136 1381 2220 palam
1396 2138 1478 2220 cepit
1491 2134 1540 2198 ini-

423 2246 618 2312 micabiliter
642 2247 789 2329 agitare;
815 2246 944 2327 iamque
970 2245 1059 2310 intra
1084 2252 1213 2311 nostros
1231 2245 1310 2309 fines
1337 2243 1538 2329 personaliter

424 2359 534 2421 castra
558 2358 656 2419 tenet.
682 2355 761 2420 Jam
778 2355 821 2417 arl
846 2359 1010 2418 certamen
1027 2359 1060 2417 et
1076 2353 1267 2435 sanguinem
1293 2359 1344 2417 est
1360 2357 1539 2436 perventum,

421 2486 480 2528 nec
497 2461 679 2544 concordia,
696 2482 793 2543 quam
810 2460 995 2525 conclusam
1012 2459 1190 2543 putabatis,
1206 2461 1314 2525 adhuc
1330 2459 1446 2525 habuit
1462 2466 1539 2541 opta·

422 2579 491 2635 tum
507 2568 662 2646 ellectum,
688 2568 744 2632 sed
771 2589 868 2650 super
889 2566 998 2632 multis
1015 2565 1267 2632 difficultatibus
1285 2568 1438 2632 continue
1453 2565 1538 2650 prati-

420 2683 532 2758 catur3
557 2675 675 2759 quidve
694 2682 881 2740 secuturum
906 2676 957 2758 sit,
984 2676 1114 2757 penitus
1131 2675 1328 2758 ignoramus.
1346 2672 1442 2758 Quod
1458 2675 1482 2738 si
1496 2671 1538 2735 fir·

418 2791 524 2850 metur
540 2785 731 2868 compositio
759 2806 821 2867 que
847 2789 1020 2866 tractatur,
1036 2805 1100 2849 non
1116 2784 1248 2868 putetis,
1265 2785 1365 2848 ctiam
1383 2784 1409 2846 si
1426 2781 1537 2864 l'ngari

418 2893 597 2974 profetturi
622 2893 687 2956 sint
712 2891 867 2972 Jassuam,
899 2892 1042 2957 subitum
1066 2891 1136 2956 fore
1163 2891 1348 2956 discessum.
1370 2889 1535 2955 Habebunt

419 3001 503 3066 enim
520 3001 649 3083 aliquot
665 3000 778 3064 diebus
803 3001 837 3063 iu
857 3000 1006 3082 partibus
1023 3021 1222 3082 permanere.
1241 2997 1402 3082 Quocirca
1420 2997 1532 3064 Carita-

419 3114 484 3172 tem
511 3107 664 3174 Vestram
689 3107 810 3171 iterum
836 3107 1054 3190 deprecamur,
1081 3112 1241 3190 quatenus
1277 3112 1404 3172 rostras
1434 3110 1531 3189 gentes

419 3217 550 3298 placeat
565 3215 634 3280 sine
652 3233 744 3279 mora
759 3216 937 3298 remittere,
953 3222 990 3279 ut
1006 3236 1042 3279 re
1058 3215 1188 3280 omnino
1213 3216 1408 3298 procedente
1424 3214 1463 3279 ad
1478 3210 1531 3277 bel·

417 3322 495 3403 lum,
521 3321 681 3404 possimus
708 3323 741 3385 in
766 3320 895 3387 fortiori
922 3321 1040 3387 robore
1059 3320 1191 3388 illorum
1218 3323 1390 3388 conatibus
1407 3321 1528 3387 obviare.

419 3432 506 3497 Nam
523 3431 549 3493 si
566 3451 630 3512 pax
646 3429 801 3495 habuerit
826 3429 983 3514 effectum,
1008 3430 1114 3496 subito
1134 3437 1249 3513 gentes
1275 3438 1400 3496 vestras
1426 3425 1531 3494 curabi-

422 3559 502 3617 mus,
519 3543 552 3600 et
567 3537 666 3603 etiam
683 3543 821 3618 nostras,
839 3539 864 3603 si
883 3539 1060 3619 volueritis,
1083 3540 1254 3604 destinare.
1283 3539 1420 3603 interim
1437 3541 1529 3602 autem

422 3645 569 3726 ipsorum
586 3646 776 3711 neccssariis
793 3653 826 3712 et
842 3647 946 3731 gratis
964 3646 1105 3713 servitiis
1121 3647 1292 3730 potiemur.
1314 3644 1405 3711 Data
1420 3642 1535 3710 Floren-

420 3751 466 3815 tic
482 3750 536 3815 die
552 3751 665 3816 ultimo
683 3751 883 3836 Septembris
900 3753 986 3820 ΠΙΙ.
1003 3754 1180 3820 indictione
1197 3752 1473 3821 MCOOLXXX.

421 3895 456 3954 (A
475 3896 610 3961 »signori
624 3898 778 3963 Carteggie,
793 3901 914 3964 missine,
927 3902 1048 3966 Registri
1063 3902 1139 3950 della
1154 3901 1342 3968 (lancellariar
1351 3901 1425 3949 XIX.
1440 3893 1534 3962 kotege'·

648 3989 694 4038 bol
709 3994 750 4038 53.
766 4005 802 4038 sz.
818 4006 861 4054 a.;
882 3993 1041 4040 aflorenczi
1055 4006 1128 4056 nagy
1143 3991 1339 4052 leveltrirben.)
