3226 5258
717 381 953 428 mmousczmr
968 365 1136 428 sireburra.

914 672 942 730 8.

362 831 389 894 Ι.
406 789 508 916 Lojos
533 855 673 918 maggae·
698 834 731 896 e'o
756 832 879 918 lengyet
907 831 1020 919 leire'ly
1044 831 1208 918 biztositja
1224 857 1246 896 a
1264 831 1442 918 nurnberpi
1459 834 1492 896 <is

362 943 431 1004 moa
448 940 623 1006 birodalmi
648 940 882 1020 keresbedb'lrat,
907 942 988 1028 bogy
1004 964 1025 1003 a
1042 940 1142 1006 nitore
1168 939 1290 1004 acrore
1315 940 1400 1004 olatt
1419 963 1492 1004 nem

647 1047 781 1135 fognok
798 1047 1082 1113 bdntatmaztotni.
1101 1050 1207 1112 1371.

469 1206 503 1272 N
505 1229 542 1273 os
556 1207 742 1274 Lodouicus
758 1209 821 1275 Dei
837 1208 951 1292 gracia
967 1207 1039 1274 Rex
1055 1207 1237 1292 Hungarie‚
1247 1206 1395 1287 Polonie,
1409 1205 1491 1271 Dal·

362 1316 467 1379 macie
493 1321 553 1381 etc.
578 1338 635 1382 vos
660 1317 828 1382 uniuersos
844 1323 877 1382 et
892 1315 1037 1400 singulos
1062 1321 1260 1382 mercatores
1275 1315 1315 1380 de
1332 1312 1491 1380 Neurem-

363 1421 476 1506 bergh,
492 1429 525 1488 et
541 1422 580 1488 de
597 1423 671 1488 aliis
697 1421 902 1489 Oinitatibus
928 1422 1103 1489 affidantes
1128 1443 1363 1503 assecuramus,
1378 1428 1491 1506 quate·

363 1549 424 1594 nus
439 1551 502 1594 noa
518 1529 671 1596 obstante
687 1551 808 1612 guerra
822 1531 912 1597 inter
927 1551 984 1596 nos
999 1537 1032 1596 et
1048 1530 1195 1598 dominos
1219 1531 1328 1597 Duces
1344 1531 1491 1597 Bauan'e

362 1635 482 1703 fratres
506 1643 618 1704 nostes
643 1637 831 1703 karissimos
857 1639 898 1705 ab
918 1660 989 1719 vna,
1005 1645 1100 1723 purte
1117 1660 1193 1704 vero
1209 1639 1252 1705 ab
1268 1639 1373 1705 altera
1387 1637 1491 1704 domi-

362 1764 440 1808 num
455 1743 693 1828 Imperatorem
718 1744 940 1811 Romanorum
967 1752 1090 1828 exorta,
1106 1744 1149 1811 ad
1167 1745 1315 1829 Regnum
1342 1753 1489 1810 nostrum

363 1856 395 1914 et
411 1847 573 1918 Ciuitates
598 1854 631 1917 iu
654 1855 725 1937 ipso
750 1854 879 1920 habitas
896 1875 1007 1920 secure
1023 1860 1056 1919 et
1071 1853 1197 1936 absque
1213 1853 1301 1918 omni
1316 1852 1491 1918 formidine
1596 1877 1602 1884 ·

363 1962 396 2022 et
412 1959 558 2042 periculo
574 1981 683 2025 rerum
699 1967 733 2027 et
749 1982 965 2044 personarum
985 1969 1165 2027 vestrarum
1183 1983 1257 2026 cum
1273 1960 1422 2027 omuibus
1439 1983 1491 2026 re·

363 2066 442 2132 stris
466 2067 696 2150 mercimoniis,
722 2068 847 2133 tociens
874 2069 1026 2152 quociens
1052 2069 1144 2134 robis
1168 2068 1326 2153 placuerit
1342 2067 1491 2151 venialis,

362 2174 572 2258 peractisque
589 2175 623 2239 in
640 2175 861 2259 empcionibus
886 2181 918 2241 et
943 2175 1184 2242 vendicionibus
1210 2176 1326 2242 vestris
1342 2176 1492 2258 negocia·

363 2282 512 2348 cionibus
537 2282 653 2368 Regno
679 2290 793 2350 nostro
818 2283 852 2349 in
878 2284 1001 2367 eodem,
1026 2283 1169 2351 redeatis
1185 2283 1228 2349 ad
1243 2284 1387 2368 propria.
1402 2285 1491 2350 Nam

366 2388 584 2455 commisimus
606 2387 804 2456 Castellanis
821 2391 861 2457 de
878 2391 1008 2475 Wyuar
1024 2398 1057 2457 et
1074 2392 1114 2458 de
1130 2391 1291 2472 Berench,
1307 2397 1341 2456 et
1356 2390 1491 2456 nonnul·
1611 2461 1612 2466 γ

363 2497 404 2564 lis
430 2497 505 2562 aliis
530 2496 680 2563 fidelibus
710 2499 843 2581 nostris,
868 2505 902 2564 vt
927 2519 983 2565 ros
1008 2499 1050 2565 ad
1074 2499 1181 2583 Regni
1211 2500 1318 2566 nostri
1349 2497 1491 2563 medium

363 2604 499 2670 conduci
539 2603 662 2671 faciant
702 2606 763 2672 sub
794 2606 956 2672 tutamine
986 2614 1018 2672 et
1046 2607 1263 2692 proteocione.
1292 2605 1416 2671 Datum
1457 2608 1490 2670 in

363 2713 564 2797 Wyssegrad
586 2714 622 2797 jn
647 2713 731 2782 festo
758 2712 939 2780 Diuisionis
970 2714 1207 2800 Apostolorum
1239 2737 1325 2780 anno
1357 2713 1489 2780 Domini

363 2818 624 2888 Menouxx.
641 2822 755 2906 primo.

361 2966 500 3028 (Ersdetie
523 2969 640 3035 papiron
663 2972 859 3023 Mbnchenben
873 2972 984 3037 abajor
1006 2973 1108 3039 kir·stlyi
1131 2973 1259 3038 orsasigos
1284 2970 1482 3029 levtltsirban.)

914 3262 943 3324 9.

363 3419 423 3486 IX
440 3419 577 3508 Gergety
591 3425 684 3508 pcipe
701 3422 852 3488 Erzse'oer
877 3444 1019 3508 mogyor
1034 3421 1352 3508 onyakirdlgntnak
1369 3449 1390 3488 a
1395 3424 1448 3508 flu
1463 3425 1492 3488 Ι.

365 3527 465 3612 Lojos
480 3551 621 3616 mogyor
634 3530 667 3593 ris
682 3529 805 3618 lanyel
821 3530 933 3618 kirttly
949 3533 981 3598 e's
997 3530 1056 3596 IV.
1076 3531 1202 3617 Ko'roly
1217 3535 1348 3596 csdszdr
1359 3533 1429 3598 boet
1438 3533 1492 3598 1ιὸ-

641 3638 735 3702 tenelli
752 3638 923 3725 bebessdget
940 3637 1085 3725 ojdnlja.
1112 3640 1207 3702 1371.

472 3791 652 3878 Gregorius
666 3795 849 3880 Episcopus
873 3803 933 3863 etc.
958 3797 1123 3862 carissime
1139 3797 1173 3862 in
1191 3795 1324 3863 Christo
1339 3797 1405 3862 filie
1421 3797 1493 3863 Eli-

363 3902 480 3968 zabeth
497 3903 615 3968 seniori
632 3901 778 3986 Vngarie
793 3911 827 3970 et
841 3903 979 3970 Polonie
994 3902 1121 3987 Regino
1137 3904 1267 3988 illustri,
1284 3907 1421 3971 salutem
1431 3913 1494 3971 etc.

365 4009 528 4093 Operatus
545 4016 595 4074 est
610 4008 772 4076 Dominus
788 4012 875 4077 circa
891 4016 1089 4078 structuram
1105 4010 1287 4078 habitaculi
1302 4013 1417 4078 mentis
1427 4019 1496 4092 tue,

363 4124 399 4183 ut
412 4137 543 4183 suorum
568 4117 727 4183 donorum
751 4117 822 4184 fieri
839 4120 1020 4185 sacrarium
1036 4125 1235 4202 mereretur;
1251 4121 1294 4186 ad
1310 4121 1400 4186 cuius
1418 4119 1497 4184 emi·
1600 4209 1603 4214 Ι

364 4228 507 4294 nentium
524 4233 557 4293 et
573 4226 722 4294 decorem
737 4227 898 4311 profunde
914 4227 1138 4294 meditationis
1155 4230 1257 4295 aciem
1274 4228 1499 4309 extendentes,

365 4339 489 4417 quanto
514 4334 595 4400 illud
619 4327 742 4400 intuitu
765 4336 997 4420 perspicaciori
1023 4336 1245 4422 conspicimus,
1261 4342 1354 4402 tanto
1370 4335 1496 4401 nostris

364 4439 583 4509 intellectibus
608 4442 709 4509 altius
735 4462 769 4508 se
794 4443 932 4524 extollit,
953 4465 1078 4529 nosque
1093 4446 1128 4511 in
1143 4442 1213 4510 eius
1229 4441 1497 4511 consideratione

365 4548 491 4632 plenius
516 4549 727 4618 delectamur.
752 4551 863 4634 Ipsius
887 4573 1026 4637 namque
1051 4553 1298 4620 fundamentum
1323 4573 1418 4637 super
1439 4551 1497 4615 fir·
