3172 5254
591 349 686 413 1379,
1137 349 1200 410 189

86 521 196 589 domini
210 522 310 590 Ducis
338 523 474 590 Alberti
491 531 524 590 et
539 531 648 590 vestro
664 525 785 590 habere
816 525 1003 591 intrinsicus
1018 527 1203 590 recommis-

86 651 124 712 sa,
138 639 168 696 ct
184 653 239 697 nos
256 635 341 698 cives
358 655 433 698 suos
449 639 481 698 et
497 634 681 718 singulares
706 635 828 701 amicos
855 632 974 701 Vestro
992 631 1202 716 Magnificen-

1 818 2 830 .
86 740 134 805 cie.
150 737 204 806 Ad
219 741 311 825 cujus
328 742 467 808 honores
478 763 604 826 semper
621 764 729 808 sumus
747 765 785 810 ex
802 741 911 810 debito
921 749 1034 808 nostro
1050 749 1203 827 prompta

1 837 2 866 ¹
85 854 179 913 mente
194 849 353 933 dispositi.
372 847 474 917 Sacili
491 849 592 918 VIII.
609 850 762 936 Augusti.

157 1047 190 1130 ὁ)
213 1045 511 1132 Spilenbergi
535 1047 824 1115 Bertoldnak
849 1069 871 1114 a
892 1051 1123 1116 velenczei

540 1156 740 1223 kiivetelr.

286 1283 430 1349 Domino
446 1281 614 1366 Bertoldo,
631 1282 774 1351 Domino
792 1281 1012 1369 Spilimbergi.

180 1390 355 1474 Magnifice
371 1391 522 1474 Domine,
553 1393 656 1458 amice
672 1394 846 1459 carissime.
864 1393 947 1460 Heri
957 1395 1137 1478 recepimus
1153 1394 1204 1459 lit-

85 1503 162 1562 teras
184 1499 427 1566 Dominationis
465 1507 578 1566 nostre
604 1523 687 1567 nova
712 1501 823 1586 aliqua
849 1500 889 1568 de
914 1501 1033 1568 nostris
1059 1501 1204 1567 hostibus

85 1605 280 1690 continentes,
297 1607 337 1672 de
354 1608 471 1692 quibus
488 1615 525 1674 ut
541 1607 665 1676 Vestra
691 1596 951 1694 Magnificcneia,
968 1611 1018 1675 cui
1035 1630 1098 1675 non
1116 1608 1205 1675 dnbi-

85 1719 180 1780 tamus
196 1716 292 1781 valde
318 1717 501 1800 placebunt,
527 1717 611 1785 hanc
636 1719 765 1802 plenam
790 1719 944 1784 noticiam
959 1717 1204 1785 informavimus

86 1822 243 1904 providum
270 1826 374 1889 virum
399 1824 570 1891 Matheum
592 1824 728 1891 latorem
744 1826 955 1910 presentium,
971 1826 1027 1911 qui
1042 1829 1114 1909 ipsa
1131 1827 1205 1890 viva

86 1951 154 1995 roce
177 1929 288 1996 refert.
315 1930 438 1997 Verum
465 1931 542 2017 quia
569 1933 640 2016 ipsa.
666 1931 858 2001 Dominatio
875 1941 988 2000 nostra
1004 1934 1098 2000 nobis
1114 1934 1205 1999 misit

85 2061 172 2104 unam
187 2039 341 2122 litteram,
369 2061 431 2124 qne
459 2040 613 2128 dirigitur
644 2042 775 2110 domino
792 2042 955 2110 Saraceno
970 2041 1126 2109 Dandulo
1143 2041 1205 2107 Po-

85 2149 190 2212 tastati
206 2155 239 2213 et
256 2146 439 2233 Capitaneo
457 2150 620 2234 Tergesti,
645 2151 804 2218 mandans
821 2158 858 2216 nt
873 2151 964 2218 illam
982 2150 1045 2217 sibi
1060 2152 1205 2217 mittere-

86 2275 165 2337 mus;
187 2263 219 2322 et
234 2279 294 2324 nos
320 2259 404 2324 male
431 2259 608 2326 habeamus
626 2261 669 2326 ad
686 2283 782 2344 quem
798 2281 976 2342 recurrere,
992 2259 1054 2325 nisi
1073 2259 1116 2326 ad
1131 2257 1200 2325 Ves

85 2369 162 2428 tram
177 2365 467 2451 Magnificenciam,
494 2369 528 2432 in
554 2389 652 2452 quam
677 2367 836 2436 habemus
851 2367 1078 2435 confidentiam
1097 2369 1206 2451 singu·

84 2471 194 2554 larem;
210 2473 430 2558 disposuimus
446 2477 577 2542 mittere
593 2476 699 2542 eidem
714 2499 772 2561 per
791 2477 912 2543 dictum
930 2475 1102 2542 Matheum
1118 2475 1206 2541 litte-

85 2603 149 2646 ram
165 2584 419 2668 suprascriptam
446 2606 518 2650 cum
544 2583 671 2651 ducatis
697 2605 762 2665 sex,
778 2593 815 2652 ut
831 2585 945 2652 melius
964 2585 1067 2669 possit
1083 2581 1206 2652 Vestra

85 2687 238 2758 Nobilitas
248 2692 396 2757 invenire
407 2695 557 2759 nuntium
567 2692 788 2759 confidentem.
798 2693 978 2777 Rogantes,
988 2692 1076 2778 quod
1087 2692 1206 2760 intuitu

84 2797 316 2866 Dominationis
332 2807 442 2867 nostre
458 2802 587 2886 placeat
604 2807 714 2868 tenere
731 2803 871 2886 modum,
888 2801 975 2890 quod
991 2802 1080 2868 dicta
1095 2801 1207 2866 littera

85 2909 184 2974 veniat
208 2909 251 2974 ad
275 2931 392 2975 manus
409 2910 489 2975 dieti
511 2909 693 2977 Potestatia
710 2917 742 2977 et
759 2908 935 2996 Capitanei
951 2910 1111 2993 Tergesti,
1127 2909 1207 2994 quid

89 3013 166 3081 dicte
183 3016 408 3083 Dominationi
425 3019 646 3102 gratissimum
668 3020 738 3102 erit,
755 3025 788 3084 et
803 3018 896 3086 nobis
912 3019 956 3086 ad
967 3040 1095 3103 queque
1111 3017 1207 3083 bene-

87 3122 204 3205 placita
228 3134 261 3191 et
286 3125 425 3192 honores
450 3137 573 3194 vestros
613 3129 740 3193 sincera
774 3133 881 3194 mente
907 3126 1079 3210 dispositis.
1106 3122 1207 3192 Sacili

88 3229 180 3300 VIII.
197 3233 353 3318 Augusti.

215 3432 250 3518 6)
275 3430 309 3497 Α
334 3432 566 3498 velenczei
590 3433 793 3517 dogenelr
817 3456 838 3499 a
860 3433 1060 3499 kbretelr.

185 3556 397 3624 Serenissimc
422 3557 563 3626 Domine
588 3567 707 3626 noster.
739 3559 826 3625 Heri
853 3565 968 3626 octavo
1000 3558 1096 3642 hujus
1128 3556 1208 3624 hora

87 3661 162 3728 XX.
187 3666 368 3749 recepimus
392 3667 522 3734 litteras
546 3668 753 3736 Excellentie
786 3667 906 3735 Vestro
937 3666 1031 3734 datas
1063 3666 1201 3750 septimo

87 3773 285 3854 responsales
320 3774 362 3840 ad
394 3781 533 3859 nostras,
560 3797 642 3860 quas
668 3777 823 3845 Dominio
849 3774 971 3843 Vestro
998 3776 1142 3841 misimus
1158 3774 1209 3840 die

87 3875 158 3961 l'L;
174 3880 380 3949 notificantes
395 3883 620 3952 Dominationi
638 3886 765 3969 Vestra
781 3887 868 3970 quod
879 3885 1029 3968 quianon
1039 3883 1210 3950 habuimus

87 3991 322 4072 responsionem
348 4013 368 4057 a
393 3994 524 4060 domino
549 3994 686 4076 Karolo,
711 3995 767 4079 qui
792 3993 913 4060 dicitur
928 3992 999 4059 heri
1015 3991 1210 4078 applicuisse

87 4093 223 4182 I'tinum,
240 4099 282 4165 ad
300 4101 429 4166 litteras
446 4124 528 4185 quas
546 4103 608 4170 sibi
624 4103 779 4186 misimus,
802 4103 934 4168 nuntias
960 4102 1063 4168 nostri
1091 4101 1209 4168 adven·

89 4209 135 4285 tus
159 4205 200 4271 ed
224 4207 285 4274 has
312 4215 441 4293 partes3
465 4210 714 4279 deliberavimus
735 4211 843 4294 hodie,
858 4232 917 4295 per
931 4211 1102 4295 proprium
1119 4207 1211 4274 Nun-

89 4311 162 4378 tium
178 4315 282 4381 eidem
308 4317 429 4384 iterato
445 4318 596 4405 scribere,
613 4328 645 4387 ot
661 4327 836 4405 expectare
852 4320 1093 4404 responsionem
1111 4339 1210 4384 suam.

88 4419 129 4484 nt
138 4423 181 4487 sic
190 4423 355 4506 fecinmus,
366 4427 542 4493 secundum
552 4451 650 4515 quam
659 4430 836 4513 procedere
851 4428 1048 4495 intendimus
1064 4427 1097 4491 in
1114 4425 1210 4493 factis

90 4525 326 4600 Dominationis
353 4533 484 4622 Vestra,
509 4561 605 4622 quam
632 4562 799 4626 speramus
830 4539 947 4606 habere
979 4535 1030 4602 die
1059 4537 1210 4602 crastina.
