3190 5252
410 365 475 426 470
766 378 1002 424 circumierim
1018 366 1183 422 sirinnan.
1201 435 1211 468 Ι

409 545 524 604 nostra
539 537 675 602 scientia
699 536 841 602 tollimus
867 561 907 604 ac
931 539 1055 603 viribus
1071 544 1104 603 et
1120 538 1265 604 efficacia
1280 561 1456 621 vacuamus,
1469 540 1516 605 ali·

411 651 571 729 quatenus
597 667 661 708 non
678 645 839 728 obstante,
857 645 1105 729 quibuscunque
1121 646 1220 710 etiam
1240 645 1344 710 literis
1361 652 1390 711 et
1406 647 1518 710 manda·

409 756 452 818 tis
468 756 500 818 in
517 754 719 818 contrarium
735 753 829 819 factis
846 761 878 820 et
894 753 1138 836 quomodolibet
1154 753 1314 820 faciendis
1328 755 1518 838 subquacun·

410 885 472 945 que
489 862 593 927 sorum
620 861 702 926 serie
728 867 761 926 et
785 863 992 945 expressione
1017 863 1198 942 verborum,
1214 884 1272 945 per
1297 885 1377 945 qua-s
1402 885 1452 928 seu
1467 883 1517 946 que

409 970 541 1034 effeetus
558 971 756 1052 presentium
772 970 921 1051 impediri
943 975 1052 1054 posset
1067 970 1100 1033 in
1117 970 1227 1053 aliquo
1243 970 1296 1034 trel
1314 969 1445 1056 diflerrj,
1458 991 1518 1054 pre

332 1063 337 1070 ¹
411 1078 493 1143 senti
509 1085 618 1142 nostre
645 1079 749 1160 gratie
775 1078 863 1144 dicto
889 1084 1003 1143 nostro
1020 1079 1159 1143 durante
1176 1078 1382 1161 beneplacito
1399 1079 1518 1144 valituro

411 1185 594 1251 nullatenus
611 1186 788 1252 obstituris,
813 1187 869 1252 Ita
886 1186 1023 1270 quidem,
1044 1185 1132 1269 quod
1149 1188 1217 1270 ipse
1235 1187 1447 1271 Seclimigalis
1461 1208 1519 1270 pre

413 1295 520 1359 dietus
536 1295 646 1359 uncias
663 1295 777 1376 viginti
793 1317 850 1378 per
867 1317 987 1360 annum
1003 1295 1164 1378 percipiat
1181 1301 1214 1360 et
1229 1294 1351 1360 lrabeat
1367 1296 1447 1360 dieto
1460 1315 1520 1358 nos

411 1409 462 1484 tro
478 1402 683 1485 beneplacito
709 1401 910 1484 perdurante
926 1404 960 1468 in
979 1409 1012 1466 et
1028 1423 1124 1486 super
1140 1403 1266 1486 juribus
1283 1409 1317 1467 et
1332 1401 1520 1486 prodentibus

410 1509 593 1588 antedictis,
617 1511 773 1592 ipsosque
798 1516 909 1574 teneat
935 1510 1112 1574 inmediate
1139 1517 1170 1574 et
1197 1513 1229 1574 in
1260 1512 1367 1594 capite
1392 1515 1520 1605 anostra

412 1615 523 1699 Curia,
540 1616 728 1700 nullumque
746 1618 846 1682 alium
862 1625 972 1702 preter
991 1641 1050 1684 nos
1066 1619 1099 1682 in
1115 1618 1314 1702 superiorem
1330 1625 1363 1684 et
1378 1618 1520 1684 dominun

413 1725 529 1790 exinde
554 1731 774 1806 recognoscat,
801 1726 987 1807 seruireque
1023 1725 1159 1808 proinde
1190 1730 1342 1790 teneatur
1368 1733 1400 1789 et
1424 1723 1521 1788 debeat

411 1832 504 1897 nobis
521 1840 553 1897 et
571 1839 680 1896 nostre
698 1831 794 1898 Curia
810 1854 881 1897 cum
900 1855 962 1896 vna
981 1831 1103 1912 lancea,
1119 1834 1146 1896 si
1161 1839 1194 1897 et
1211 1835 1342 1916 qnando
1353 1831 1520 1916 perMaies·

411 1947 514 2006 tatem
539 1942 698 2006 Nostram
722 1939 821 2004 fuerit
845 1947 1022 2023 propterea
1037 1940 1232 2022 requisitus,
1260 1940 1347 2022 quod
1374 1941 1519 2006 seruitium

413 2049 519 2114 dictus
546 2048 759 2133 Seelimigalis
785 2049 818 2112 in
845 2049 948 2113 nostri
974 2047 1138 2131 presentia
1163 2048 1359 2112 constitutus
1381 2047 1521 2112 sunbona

413 2163 445 2222 et
461 2165 616 2240 gratuyta
633 2159 804 2222 uoluntate
821 2157 929 2221 facere
946 2159 1030 2221 siout
1046 2156 1226 2238 predicitur
1237 2157 1356 2221 obtulit
1373 2163 1405 2222 et
1420 2155 1519 2239 promi·

413 2267 463 2329 sit.
478 2266 697 2330 inuestientes
720 2265 842 2330 dictum
868 2263 1107 2349 Seclimigalem
1125 2264 1163 2328 de
1182 2265 1325 2348 presenti
1341 2271 1449 2329 nostra
1462 2285 1519 2347 pro

412 2374 535 2439 nisione
551 2379 583 2437 et
599 2374 707 2455 gratia
731 2394 789 2456 per
815 2371 948 2438 anulum
964 2378 1110 2439 nostrum
1125 2371 1220 2438 modo
1238 2373 1395 2455 premisso
1412 2391 1519 2456 presan·

411 2479 544 2560 tioliter,
555 2487 589 2544 vt
599 2486 648 2546 est
659 2482 776 2561 moris,
793 2502 890 2564 quam
900 2480 1133 2544 inuestituram
1148 2481 1213 2543 vim
1229 2486 1262 2544 et
1277 2479 1449 2545 efficaciam
1462 2497 1519 2541 rere

413 2589 565 2653 aureolis
582 2589 797 2672 perceptionis
814 2612 853 2652 ao
870 2587 1045 2654 habitionis
1061 2587 1221 2653 dictarum
1238 2610 1419 2653 annuarum
1435 2587 1521 2652 rucia-

413 2719 484 2761 rum
501 2697 615 2780 viginti
630 2697 664 2759 in
681 2700 714 2761 et
731 2717 827 2778 super
833 2695 971 2779 juribus,
983 2694 1166 2760 redditibus
1183 2705 1216 2760 et
1232 2695 1521 2779 prouentibusanle-

414 2806 510 2869 dictis
527 2805 614 2869 dioto
641 2810 754 2870 nostro
779 2805 977 2887 perdurante
1002 2804 1206 2888 beneplacito
1223 2805 1371 2868 volumus
1387 2811 1418 2868 et
1433 2801 1520 2867 decer-

413 2912 518 2976 uimus
544 2912 698 2978 obtinere.
725 2913 778 3000 Iu·
793 2912 883 2977 cuius
908 2913 955 2976 rei
979 2912 1202 2977 testimonium
1227 2919 1392 2994 presentes
1407 2911 1518 2975 listerus

415 3019 529 3084 exinde
554 3020 633 3104 tierj,
660 3026 692 3084 et
716 3019 872 3102 pendenti
898 3019 1086 3085 Maiestatis
1111 3019 1232 3086 Nostro
1258 3019 1365 3102 sigillo
1387 3019 1519 3103 jussimus

414 3129 616 3211 communirj.
642 3127 768 3192 Datum
795 3129 935 3212 Neapolj
963 3150 1020 3210 per
1046 3129 1150 3193 rirum
1175 3127 1391 3210 Magnificum
1415 3125 1521 3191 dohan-

413 3257 486 3299 nem
518 3237 558 3300 de
589 3235 717 3302 Vrsinis
744 3237 903 3302 Comitem
929 3235 1136 3321 Mauuppolli
1161 3235 1379 3320 Logothetaur
1405 3243 1435 3300 et
1457 3233 1520 3298 Pro·

414 3343 635 3409 thonotarium
680 3345 788 3427 Regni
845 3343 981 3422 Sicilie,
1038 3367 1124 3410 anno
1182 3344 1317 3409 Domini
1375 3341 1520 3407 millesimo

415 3450 703 3516 CCCLXXXII.
731 3453 783 3518 dic
806 3453 931 3520 XIIII.
951 3454 1065 3537 Martij
1084 3451 1125 3520 V.
1141 3452 1338 3533 indictionis,
1355 3453 1518 3533 Regnorum

416 3568 600 3626 nostrorum
617 3583 702 3628 anno
718 3563 832 3645 prime.

417 3672 452 3729 (A
468 3671 605 3736 »Registri
622 3672 774 3736 Angioini«
790 3676 849 3721 358.
863 3685 899 3720 sz.
914 3686 938 3720 a.
953 3672 1095 3720 kotese'bcl
1109 3672 1175 3735 Reg.
1195 3671 1286 3720 Caroli
1299 3672 1350 3720 111.
1369 3676 1408 3720 19.
1420 3671 1443 3730 l.,
1455 3682 1468 3714 a
1479 3662 1518 3713 kis-

729 3763 802 3810 olasz
816 3761 933 3824 nitpolyi
945 3775 1019 3824 nagy
1032 3760 1227 3819 levtltstrban.)

944 4034 1018 4096 233.

338 4263 339 4266 ,
415 4197 484 4261 ΙΙΙ.
502 4196 630 4280 Keiroly
655 4194 780 4258 sicilici
805 4195 988 4280 lrircilynule
1014 4195 1202 4259 ailakoznsu
1229 4181 1514 4280 ,tlupyurorszrtpbtl

585 4303 648 4364 uelo
657 4301 721 4384 jun
739 4303 933 4365 urluornrolca
953 4303 1075 4366 Ilclrias
1092 4305 1252 4365 sarinuiro.
1283 4307 1374 4367 1382.

524 4463 667 4529 Kurolus
682 4463 812 4528 Tertius
829 4469 887 4528 eto.
913 4463 1071 4528 uniuersis
1087 4469 1253 4545 presentes
1271 4463 1398 4529 lieteras
1412 4461 1515 4536 inspec-

417 4567 499 4633 turis
523 4574 590 4634 tum
614 4571 819 4656 presentibus
845 4592 943 4655 quam
969 4571 1095 4637 suturis.
1121 4571 1339 4638 Benemerit-is
1354 4564 1513 4647 Principem
