3182 5252
393 369 457 454 2⁶3ssss
745 413 978 459 uleLouacmar
997 399 1163 458 anabusn.

391 591 495 652 neque
513 571 701 654 procurabit
717 573 954 656 quoquomodo,
980 593 1082 656 neque
1099 573 1237 638 tractari
1253 571 1352 637 saciet
1368 570 1419 634 rel
1435 567 1519 634 ordi·

390 679 481 743 arabit
498 679 618 743 inferre
635 680 683 744 vel
701 680 813 745 inferri
831 680 937 746 facere
953 682 1097 764 aliquam
1114 680 1268 765 injuriam
1285 680 1335 744 rel
1352 677 1518 752 offensam,

389 785 541 850 lesionem
559 787 607 850 vel
625 785 799 869 dampnum
816 784 1052 875 dicteLCiuitati
1068 788 1216 872 Ragusii‚
1241 787 1373 864 civibus,
1389 785 1517 851 habita

388 895 523 974 toribus,
540 902 571 958 et
588 894 727 960 subditis
744 903 776 960 et
792 894 942 961 fidelibus
967 896 1076 981 Regni
1101 894 1220 980 prefati
1238 895 1422 978 Hungarie,
1439 892 1521 958 Dal-

388 1003 490 1067 matie
508 1009 566 1067 etc.
583 1024 642 1086 per
657 1009 779 1068 terram
796 1025 900 1087 neque
916 1026 975 1088 per
993 1026 1080 1070 mare
1106 1003 1272 1070 occasione
1288 1004 1452 1087 captionis
1468 1025 1520 1066 ne-

390 1131 452 1192 que
469 1112 664 1176 detentionis
681 1112 836 1178 nobilium
861 1114 1090 1196 predictorum.
1112 1111 1247 1178 additis
1263 1115 1366 1178 eciam
1380 1113 1520 1195 promis-

388 1219 530 1283 sionibus
546 1219 579 1282 in
595 1219 774 1302 penultimo
791 1229 823 1285 et
838 1221 954 1286 ultimo
980 1221 1132 1305 capitulis
1155 1220 1290 1285 inferius
1315 1221 1440 1304 positis,
1459 1220 1518 1284 sci·

387 1327 462 1393 licet
480 1329 513 1391 in
530 1327 698 1393 additione
715 1349 772 1393 seu
789 1328 1013 1394 declaratione
1029 1328 1151 1393 addita.
1169 1327 1277 1394 Simili
1293 1327 1390 1393 modo
1406 1335 1441 1393 et
1457 1328 1521 1393 sor-

389 1459 443 1502 ma
456 1437 570 1520 jurare
586 1443 619 1501 et
638 1438 827 1520 promittere
842 1437 962 1502 debent
977 1437 1120 1503 Illustris
1140 1437 1282 1502 Domina
1298 1437 1427 1502 domina
1446 1458 1520 1502 oon-

388 1565 457 1608 sors
474 1545 610 1610 condam
638 1546 760 1610 domini
785 1546 887 1612 Ducis
905 1545 1112 1628 Andagarie,
1136 1546 1251 1612 asserti
1268 1545 1370 1628 Regis
1387 1545 1519 1629 prefati,

387 1659 419 1714 et
436 1651 573 1717 heredes
601 1653 754 1736 ejusdem,
770 1653 925 1719 Illustres
949 1654 1057 1720 Duces
1082 1655 1180 1719 Berri
1197 1661 1230 1718 et
1246 1653 1438 1737 Burgundio
1454 1652 1518 1719 fra·

386 1767 453 1824 tres
471 1760 549 1825 dicti
565 1759 702 1826 condam
720 1761 843 1827 domini
869 1762 980 1844 Ducis,
1007 1762 1157 1827 dominus
1174 1763 1264 1845 Otto,
1282 1763 1518 1844 gubernatores

387 1876 420 1932 et
436 1869 648 1934 conductores
666 1871 810 1952 gentium
838 1871 1073 1954 armigerarum
1096 1869 1278 1953 supradicti
1294 1869 1403 1952 Regni
1419 1869 1445 1933 J
1445 1891 1516 1935 eru-

387 1977 486 2041 salem
503 1983 535 2040 et
552 1975 680 2043 Scicilie
696 2000 754 2060 pro
781 1986 875 2060 parte
895 1979 974 2044 dicti
991 1977 1127 2044 condam
1145 1978 1266 2044 domini
1285 1979 1389 2059 Regis
1407 1977 1514 2043 Ludo

386 2085 447 2148 vici
464 2092 496 2149 et
513 2086 669 2151 heredum
693 2107 835 2166 suorum,
860 2095 893 2152 et
919 2087 1087 2170 Magnifici
1105 2086 1238 2152 Domini
1263 2087 1304 2152 de
1325 2086 1514 2152 Mediolano

386 2191 534 2259 dominus
551 2194 719 2262 Bernabos
735 2202 768 2260 et
785 2196 935 2261 dominus
961 2193 1077 2262 Comes
1105 2195 1292 2274 Virtutum;
1317 2203 1351 2260 et
1366 2195 1514 2261 similiter

386 2300 534 2367 dominus
552 2303 591 2369 de
609 2301 781 2386 Conciaco,
799 2312 831 2369 et
847 2304 951 2370 frater
979 2305 1099 2371 domini
1116 2303 1271 2385 Tristem,
1288 2303 1343 2388 qni
1355 2305 1512 2390 jurabunt

386 2419 418 2474 ct
437 2412 631 2492 promittent
657 2413 865 2497 solempniter
891 2435 950 2496 pro
972 2413 1101 2479 dourino
1119 2413 1274 2478 Tristano
1293 2420 1375 2480 etse
1392 2413 1513 2497 obliga-

384 2518 466 2583 bunt
491 2521 580 2586 ultra
605 2520 770 2604 predictas
796 2522 1026 2605 promissiones
1044 2527 1076 2587 et
1088 2523 1275 2608 juramenta
1300 2522 1342 2587 de
1367 2521 1511 2588 omnibus

385 2627 535 2710 dampnis
560 2627 735 2694 inserendis
760 2632 886 2696 ratione
912 2629 1073 2714 captionis
1089 2635 1121 2694 et
1138 2630 1336 2694 detentionis
1361 2630 1441 2696 dicti
1457 2630 1510 2694 do·

385 2736 461 2799 nriui
480 2735 626 2802 Tristani
650 2737 682 2800 iu
709 2745 873 2820 postemm
899 2739 939 2802 de
966 2734 1166 2802 restituendo
1183 2742 1215 2801 et
1231 2736 1409 2804 reficiendo
1433 2738 1510 2802 inte

384 2843 529 2924 graliter,
546 2845 571 2907 si
590 2845 785 2927 quaterent,
811 2846 897 2928 quod
916 2868 978 2910 non
995 2867 1172 2930 speramus
1193 2845 1266 2930 Quo
1283 2847 1510 2930 promissiones

384 2957 417 3015 ot
433 2962 635 3018 sacramenta
654 2954 761 3020 debite
787 2961 819 3018 et
844 2956 1055 3039 solempniter
1080 2956 1232 3021 ordinata
1258 2954 1431 3021 Communi
1445 2953 1510 3020 Ra-

384 3063 469 3140 gusii
486 3061 625 3128 debeant
642 3063 821 3127 transmitti
839 3071 869 3128 et
886 3063 1101 3129 effectualitcr
1111 3065 1303 3148 presentari.
1319 3065 1406 3129 Item
1425 3059 1508 3144 quod

383 3191 493 3235 omnes
511 3178 543 3234 et
561 3172 678 3254 singuli
694 3173 833 3254 predicti
851 3171 988 3238 Nobiles
1006 3173 1123 3257 captivi
1140 3177 1217 3238 ante
1231 3173 1466 3242 relaxationem
1478 3179 1508 3236 et

384 3277 610 3344 liberationem
627 3301 747 3361 eorum,
764 3288 798 3345 et
813 3287 986 3365 postquam
996 3275 1116 3346 suerint
1127 3282 1261 3363 pristine
1277 3281 1400 3346 redditi
1416 3281 1508 3345 liber·

383 3391 455 3467 tati,
467 3388 628 3470 jurabunt
643 3392 742 3454 semel
767 3397 799 3454 et
809 3391 939 3476 pluries,
956 3392 983 3455 si
999 3391 1145 3474 requisiti
1156 3390 1286 3471 fuerint,
1297 3391 1400 3456 eciam
1416 3407 1509 3472 super

382 3494 486 3560 altare
498 3499 629 3582 majoris
640 3498 916 3566 seanthedralis
935 3501 1082 3566 Ecclesia
1101 3501 1279 3582 Bagauna,
1297 3499 1385 3584 quod
1400 3499 1461 3582 ipsi
1477 3503 1508 3561 et

383 3605 519 3684 quilibet
530 3628 640 3672 eorum
653 3610 828 3676 servabunt
837 3607 1018 3675 foderatam
1029 3629 1142 3694 pacem
1153 3615 1185 3673 et
1195 3607 1401 3673 concordiam
1411 3608 1507 3671 inrio-

266 3781 272 3794 ,
383 3713 526 3780 labiliter
537 3716 622 3780 dicte
634 3714 770 3783 Ciuitati
781 3715 1105 3800 Ragusii,ciuibus,et
1116 3715 1369 3797 habitatoribus,
1380 3737 1508 3782 necnon

382 3822 520 3887 subditis
537 3830 569 3889 et
584 3805 734 3892 tidelibus
750 3825 855 3911 Regni
883 3826 1064 3912 Hungarie,
1080 3827 1254 3893 Dalmacie
1271 3835 1330 3892 etc.
1347 3825 1507 3911 perpetuis

381 3931 579 4014 temporibus
590 3933 771 4000 observare.
783 3936 828 4001 Et
838 3937 925 4020 quod
942 3959 1000 4019 per
1011 3957 1045 4001 se
1057 3937 1107 4001 vel
1123 3935 1223 4002 alium
1240 3936 1290 4000 vel
1307 3935 1400 4016 alios,
1416 3935 1507 3999 modo

381 4042 489 4124 aliquo
507 4043 557 4107 vel
574 4045 714 4128 ingenio,
731 4046 885 4130 nullaque
910 4048 1042 4112 cautela
1058 4052 1090 4110 et
1107 4047 1237 4115 fictione
1253 4050 1440 4131 adinventa,
1454 4044 1507 4112 sed

381 4170 475 4232 mere,
493 4153 593 4219 libere
612 4161 644 4219 et
668 4177 749 4238 porc
775 4158 1012 4238 promittentes,
1030 4179 1094 4222 non
1110 4155 1303 4223 tractabunt
1321 4179 1382 4223 nec
1396 4174 1507 4242 procn-

381 4261 499 4326 rabunt
516 4264 753 4344 quoquomodo,
768 4287 828 4330 uec
843 4267 981 4330 tractari
999 4287 1055 4330 scu
1072 4267 1241 4350 procurari
1253 4266 1375 4331 sacient
1390 4263 1505 4330 iulerre

381 4377 436 4434 aut
453 4367 563 4434 inferri
580 4369 690 4436 sancero
707 4371 852 4454 aliquam
869 4373 1202 4456 noxiam‘uovitatem,
1226 4369 1415 4457 dampnum,
1430 4372 1505 4455 inju-

380 4477 471 4559 riam,
489 4479 679 4558 ruol'cstiam,
705 4482 756 4546 rel
782 4479 938 4548 offensam
959 4483 1126 4547 occasione
1143 4482 1291 4565 predicta
1307 4482 1347 4547 de
1364 4477 1504 4545 Ciuitate

381 4583 528 4667 Ragusii‚
545 4587 678 4668 utribus,
696 4588 945 4671 habitatoribus,
976 4591 1113 4657 subditis
1130 4613 1186 4656 seu
1203 4589 1354 4656 fidelibus
1370 4583 1503 4671 preliba-
