3172 5254
564 347 658 408 1379.
795 370 799 378 ’
1112 350 1174 410 217

59 521 201 589 fidelitate
227 523 380 604 maxima,
405 543 464 589 nos
488 523 726 589 instantissime
752 524 888 606 rogavit,
906 525 994 606 quod
1019 523 1078 589 hec
1099 531 1178 590 nota

56 632 219 698 laceremus
235 631 394 698 Dominio
412 631 540 712 Vestro,
557 633 645 716 quod
655 653 714 716 pro
726 629 797 697 Deo
814 627 1006 698 fortificaret
1021 632 1115 697 itaet
1127 637 1175 698 ta·

54 738 121 804 liter
131 739 248 806 dietum
259 746 419 806 stecatnm
431 723 545 806 Sancti
558 739 591 806 N
594 739 701 821 icolai,
710 747 779 804 tam
800 763 819 806 a
837 745 932 823 parte
944 746 1031 806 terre
1043 762 1177 824 quamn

1 933 2 936 Ἴ
55 854 138 932 parte
153 849 261 928 maris,
279 847 368 932 quod
384 847 422 914 de
439 847 510 933 ipso
537 867 600 912 uon
627 854 736 932 posset
752 847 942 932 aliqualiter
958 847 1121 930 dubitari;
1144 854 1177 913 et

1 974 2 1020 1
56 957 90 1022 de
103 957 160 1023 boc
175 979 234 1022 nos
261 957 488 1024 Dominatioui
512 958 633 1028 Vestre
657 958 833 1024 cumomni
851 957 1011 1024 instantia
1027 962 1059 1024 et
1075 955 1177 1024 fideli·

55 1071 114 1132 tate
129 1065 295 1132 humiliter
310 1066 536 1151 supplicamus.
568 1065 639 1132 Nec
655 1067 961 1152 extimemus,'quod
986 1065 1177 1136 Dominatio

1 1225 2 1276 ἐ
56 1171 164 1240 Vestra
189 1183 301 1260 posset
326 1175 449 1240 habere
475 1180 526 1242 tot
548 1181 663 1258 gentes
692 1175 871 1260 armigeras
897 1180 932 1241 et
957 1173 1174 1255 balistrarios,

1 1286 2 1357 ξ
55 1282 124 1365 quin
139 1288 247 1348 essent
263 1305 395 1350 necesse
410 1283 454 1349 ad
470 1281 714 1350 substinentiam
731 1282 1116 1368 fortilioiampredictnm,
1131 1282 1174 1347 nd

1 1408 2 1492 q
56 1390 217 1456 mammam
244 1412 344 1476 spem,
368 1412 465 1475 quam
489 1391 545 1457 isti
571 1391 694 1458 habent
720 1392 755 1457 in
780 1391 936 1458 vincendo
953 1389 1053 1470 illam,
1077 1396 1110 1456 et
1134 1390 1176 1456 ad

1 1499 2 1583 l
55 1497 283 1564 multitudinem
299 1501 444 1583 gentium
470 1521 567 1584 quam
584 1500 768 1579 habebunt3
792 1500 871 1583 quia
886 1498 932 1564 ibi
949 1497 1039 1563 clare
1055 1497 1177 1582 pendet

56 1608 248 1674 conservatio
265 1613 372 1674 status
389 1609 497 1674 vestri.
515 1608 556 1674 In
572 1629 687 1692 campo
705 1611 782 1673 sunt
806 1605 1058 1674 Ambasiatoree
1069 1604 1177 1672 Comi·-

55 1715 90 1780 tis
104 1715 279 1799 Virtutum,
306 1714 556 1784 Ambasiatores
581 1717 786 1782 dominorum
812 1716 942 1782 Ducum
968 1715 1007 1780 de
1024 1713 1175 1798 Austris,

1 1818 2 1894 l
55 1821 291 1891 Ambasiatores
306 1824 470 1907 Bononie;
489 1832 532 1908 et,
548 1831 585 1892 ut
600 1825 728 1908 dicitnr,
745 1845 818 1892 oras
830 1825 883 1891 liic
892 1829 1083 1908 expectatur
1094 1845 1176 1890 uuus

1 1955 2 1963 ¹
54 1931 259 2000 Domitiorum
277 1935 418 2016 Verona,
444 1940 477 2000 et
501 1930 754 2003 Ambasiatores
779 1933 934 2016 Ferarie3
958 1939 992 1998 et
1007 1933 1111 2016 aliqui
1128 1932 1174 1997 di·

1 2005 3 2060 l
54 2047 129 2122 cunt,
146 2041 233 2125 quod
250 2041 400 2109 dominus
425 2042 575 2110 Marchio
601 2042 817 2128 personaliter
842 2049 891 2110 est
915 2049 1078 2110 venturus.
1095 2041 1175 2110 Tac-

1 2222 3 2262 ,
54 2149 116 2234 risij
133 2150 234 2216 tercio
250 2148 465 2234 Septembris,
480 2152 564 2218 hora
580 2152 694 2235 quinta
710 2151 824 2217 noctis.

176 2350 234 2434 22)
259 2345 292 2414 Α
317 2349 549 2414 velenczei
573 2348 773 2432 degerrek
797 2369 818 2413 a
841 2345 1044 2412 kbvetelc.

1 2463 3 2576 l
150 2477 364 2544 Serenissime
380 2476 519 2544 Domine
543 2483 662 2544 noster.
697 2473 806 2542 Hodie
821 2475 968 2540 volentes
992 2495 1169 2560 procurare

54 2583 88 2648 de
104 2585 275 2652 sentiendo
292 2583 531 2670 disputationes
551 2585 657 2651 tactas
674 2581 744 2650 heri
761 2583 795 2648 in
805 2581 951 2650 Consilio
967 2583 1089 2648 domini
1104 2583 1175 2650 Ka-

55 2693 107 2756 roli
132 2713 206 2759 cum
232 2691 384 2759 omnibns
414 2691 587 2776 colligatis,
603 2697 637 2758 et
668 2691 707 2757 de
731 2690 913 2757 intentione
944 2691 1173 2771 Januensium,

57 2799 165 2868 tumus
183 2822 258 2869 cum
278 2800 411 2868 domino
428 2799 603 2881 Generali3
628 2807 662 2866 et
687 2799 918 2880 ordinavimus,
949 2799 1036 2884 quod
1066 2801 1174 2868 mitte·

55 2917 96 2974 ret
110 2909 245 2976 fratrem
262 2906 485 2976 Katharinum
501 2909 544 2974 ad
567 2908 730 2975 dominum
742 2904 944 2990 Episcopum
969 2907 993 2974 J
995 2908 1175 2974 auriensem

53 3038 115 3082 curn
131 3019 195 3084 duo
212 3017 348 3084 mencio
359 3017 524 3102 malvane,
541 3023 574 3082 et
590 3039 663 3083 cum
673 3016 725 3082 hie
735 3015 843 3082 verbis
856 3039 863 3080 :
878 3015 1058 3082 »Dominus
1070 3013 1174 3082 Gene-

53 3125 121 3191 rslis
136 3127 242 3192 mittit
258 3126 352 3192 vobis
367 3126 408 3192 de
423 3126 582 3193 malvnsia
608 3146 676 3210 sna,
701 3131 734 3191 et
759 3123 840 3190 dicit
858 3123 938 3208 quid
963 3122 1003 3189 de
1030 3145 1069 3190 eo
1084 3144 1174 3189 man·

53 3231 101 3298 dat
115 3233 311 3301 Paternitas
328 3232 460 3316 Vestra,
475 3234 545 3319 ipse
563 3245 613 3301 est
644 3241 779 3318 paratus
798 3233 840 3300 ad
861 3233 1017 3298 mandata
1033 3237 1173 3298 vestra«.

55 3338 226 3410 Illelrater
236 3343 445 3409 Katherinns
455 3342 584 3424 redivit,
594 3348 627 3409 et
637 3344 718 3410 dixit
735 3343 822 3427 quod
833 3341 982 3407 dominus
990 3340 1174 3424 Episcopus

53 3450 180 3532 dixerat,
197 3450 287 3536 qnod
304 3450 454 3518 dominus
463 3450 636 3519 Generalis
652 3454 700 3518 ire
717 3451 851 3517 deberet
867 3448 908 3514 ad
935 3447 1061 3532 ipsum3
1079 3455 1112 3514 et
1129 3448 1175 3514 sio

1 3508 5 3612 l
52 3557 154 3628 habita
180 3582 241 3646 per
261 3581 320 3627 nos
346 3561 445 3643 plena
475 3561 703 3626 informatione
720 3558 759 3624 de
775 3557 825 3623 his
842 3579 905 3641 que
930 3558 1046 3640 dicere,
1073 3564 1105 3624 et
1131 3561 1171 3627 da

2 3654 9 3737 l
52 3668 159 3748 quibus
200 3667 382 3763 informare
413 3675 446 3734 et
474 3669 640 3752 provisum
665 3667 802 3733 reddere
835 3665 975 3733 debebat
1005 3665 1171 3732 dominum

2 3742 6 3840 l
52 3773 214 3845 linarium
233 3775 426 3862 predictum,
435 3777 494 3844 ivit
509 3777 552 3843 ad
577 3798 744 3861 campum,
771 3781 805 3840 et
829 3775 890 3841 fuit
911 3797 983 3842 cum
999 3775 1171 3859 Episcopo,

2 3941 3 3950 ,
52 3886 100 3966 qui
130 3886 192 3952 sibi
210 3887 318 3954 dixit:
338 3885 430 3969 ›Dgo
447 3886 521 3952 misi
537 3907 596 3970 pro
614 3885 705 3952 vobis
722 3884 848 3952 duabus
860 3883 977 3963 causis,
988 3883 1092 3967 primo
1113 3905 1173 3968 pro

2 3951 4 4060 l
52 3991 247 4062 informando
279 4015 336 4060 voe
367 3995 408 4061 de
443 3992 720 4080 disputationibus
751 3991 932 4074 hesternis,
967 3991 1109 4058 seeundo
1135 3999 1172 4059 ut

2 4088 11 4190 l¹
53 4104 255 4183 provideatur
271 4103 312 4168 de
336 4103 541 4187 procedendo
568 4102 705 4169 ulterius
732 4105 774 4170 ad
799 4109 990 4170 tractatum.
1015 4103 1097 4169 Heri
1117 4125 1174 4168 nos

2 4163 5 4278 l
53 4208 162 4276 luimus
188 4213 221 4278 in
258 4211 409 4278 maximis
434 4211 711 4296 disputationibus
736 4216 769 4277 et
794 4210 966 4277 debatibus
997 4232 1069 4276 cum
1102 4212 1174 4275 istis

2 4305 5 4372 l
53 4317 283 4402 dannensibus;
301 4319 455 4404 breviter,
470 4321 531 4406 ipsi
552 4322 641 4388 nullo
661 4322 755 4387 modo
772 4321 933 4403 volebant,
951 4319 1038 4404 quod
1055 4325 1174 4385 tracta·

3 4455 6 4502 q
53 4435 133 4494 retur
152 4428 191 4495 de
217 4449 309 4514 paee,
335 4449 396 4495 nec
421 4429 509 4513 quod
534 4430 667 4497 daretur
692 4429 783 4496 vobis
809 4429 994 4512 audientia3
1021 4429 1175 4511 dicentes,

3 4521 7 4628 l
54 4536 133 4620 qnod
147 4559 213 4605 nou
230 4545 300 4608 erat
318 4538 522 4620 conveniens,
539 4559 599 4603 nec
624 4559 697 4608 cum
722 4537 846 4604 honore
871 4544 993 4617 nostro,
1019 4538 1097 4628 quia
1116 4559 1174 4609 nos

3 4661 5 4770 t

3 4785 6 4872 t

3 4881 6 4966 t
