3226 5254
314 391 317 398 ,
413 323 478 388 384
765 343 1000 418 nuruourczmr
1015 331 1184 390 aurnuns.

410 500 566 566 hactenus
583 507 748 568 contracte
764 503 967 585 interipsum
984 501 1149 568 (lominum
1170 501 1296 586 Papam
1313 509 1346 568 et
1362 500 1521 570 Commune

409 610 600 695 predictum,
617 618 650 676 et
667 611 755 695 quod
770 611 861 676 illam
884 611 1106 697 quantitatem
1123 633 1180 676 seu
1204 619 1332 695 partem
1349 633 1388 677 ex
1414 612 1522 694 quanti-

409 717 532 782 tatibus
547 717 728 798 antedictis,
744 739 843 802 quam
858 717 965 784 dictus
982 718 1131 784 domiuus
1158 718 1253 802 Papa
1269 718 1321 782 uel
1336 719 1406 783 eius
1419 739 1522 782 succes

410 846 544 891 sornou
569 825 776 910 computabit
801 831 834 891 et
860 849 920 911 pro
945 832 1078 909 recepta
1104 845 1169 891 non
1194 825 1340 906 habebit,
1365 833 1398 891 et
1420 825 1524 908 deque

409 953 514 1016 usque
539 933 581 999 ad
598 939 842 1002 concurrentem
869 935 1084 1018 quantitatem
1111 957 1183 1001 cum
1211 936 1398 1018 quantitate
1424 934 1523 1012 soluta,

407 1063 473 1107 nou
488 1040 636 1109 absolvet
656 1049 689 1108 et
700 1044 863 1126 quietabit
873 1041 1052 1108 Commune
1063 1043 1246 1126 predictum
1266 1041 1351 1108 iufra
1363 1043 1521 1108 terminum

406 1150 502 1215 unius
518 1152 604 1231 anni,
619 1149 725 1216 dictus
742 1151 893 1217 domiuus
904 1150 975 1216 Rex
985 1152 1139 1216 restituet
1148 1157 1205 1217 aut
1215 1151 1344 1216 restitui
1361 1151 1457 1216 faciet
1470 1147 1524 1212 dio·

406 1264 441 1322 to
460 1255 633 1324 Communi
648 1259 682 1322 in
699 1257 788 1324 (licta
804 1255 950 1324 Ciuitate
970 1259 1142 1324 Florencie
1167 1259 1255 1323 intra
1277 1258 1421 1342 quinque
1436 1275 1524 1322 annos

406 1366 552 1448 proxime
563 1374 730 1432 secuturos
746 1388 766 1432 a
782 1364 834 1432 die
845 1367 1003 1450 presentis
1014 1373 1208 1447 contractus,
1220 1371 1253 1431 et
1263 1366 1385 1431 dictam
1396 1365 1521 1430 solucio-

405 1495 479 1539 nem
505 1473 666 1541 dictarum
690 1475 913 1559 quantitatum
937 1472 1132 1540 florenorum
1164 1473 1383 1558 quadraginta
1412 1473 1522 1538 milium

405 1581 486 1664 auri,
497 1587 530 1647 et
545 1603 601 1648 seu
616 1582 703 1648 illius
719 1582 825 1665 partis
841 1579 928 1647 dicte
943 1581 1148 1666 quantitatis,
1160 1601 1222 1665 que
1232 1602 1291 1666 per
1302 1579 1426 1646 dictum
1436 1579 1523 1646 domi·

403 1711 480 1757 uum
491 1690 620 1774 Papam
635 1713 698 1757 non
709 1697 953 1775 computaretur
963 1697 997 1757 et
1006 1712 1067 1775 pro
1079 1695 1210 1773 recepta
1222 1711 1284 1755 non
1294 1687 1477 1769 haberetur,
1491 1691 1521 1752 ut

404 1801 627 1884 supradictum
643 1807 702 1884 est,
719 1800 828 1867 facere
844 1801 997 1885 promisit
1012 1800 1100 1865 ditus
1117 1799 1265 1878 dominus
1282 1797 1308 1864 J
1310 1797 1453 1864 ohannes
1462 1796 1521 1860 dio·

403 1909 446 1973 tis
462 1910 645 1976 nominibus
661 1909 695 1972 in
712 1906 855 1973 Ciuitate
872 1907 1055 1990 Florencie,
1067 1913 1103 1973 ut
1113 1905 1338 1989 supradictum
1355 1911 1414 1970 est.
1424 1903 1520 1988 Quam

403 2017 599 2083 solucionem
615 2017 642 2082 si
660 2037 723 2082 non
738 2015 861 2082 faceret
877 2014 964 2082 infra
979 2015 1101 2080 dictum
1121 2015 1297 2080 terminum
1313 2015 1454 2098 quinque
1469 2033 1518 2076 an·

402 2147 515 2192 norum
531 2127 564 2190 in
581 2122 829 2193 dictaCiuitate
849 2124 1032 2206 Florcncie,
1047 2130 1085 2189 ut
1101 2123 1323 2207 supradictum
1350 2129 1401 2187 est
1425 2120 1520 2186 lacere

401 2236 553 2318 promisit
567 2234 749 2312 Florencie,
764 2233 861 2313 Pisis,
889 2231 992 2312 Senis,
1019 2232 1155 2312 Perusii,
1180 2232 1295 2312 Rome,
1311 2228 1479 2309 Arinione,
1492 2231 1519 2290 et

400 2343 434 2407 in
451 2362 643 2427 quacunque
659 2342 725 2407 alia
741 2342 886 2422 ciuitate,
903 2348 1002 2423 terra,
1028 2341 1079 2406 rel
1094 2341 1174 2420 loco,
1190 2345 1223 2405 et
1242 2339 1301 2405 sub
1327 2357 1517 2422 quocumque

400 2451 520 2518 Judice
536 2450 768 2518 Ecclesiastico
784 2450 834 2514 uel
850 2450 997 2531 seculari,
1015 2449 1139 2516 dictum
1161 2447 1341 2515 Commune
1357 2445 1516 2512 Florencie

400 2567 433 2626 et
448 2558 498 2624 vel
513 2560 640 2627 habens
656 2560 847 2626 mandatum
863 2560 913 2624 vel
921 2561 976 2644 jus
991 2558 1034 2625 ab
1047 2580 1094 2640 eo,
1106 2558 1210 2624 dictos
1226 2556 1393 2622 dominum
1403 2553 1515 2635 Regem

399 2675 431 2732 et
447 2668 614 2735 dominum
624 2667 650 2734 J
651 2669 818 2750 ohannem,
828 2675 860 2734 et
871 2667 1047 2752 quemlibet
1057 2672 1089 2733 et
1100 2689 1155 2732 seu
1167 2666 1306 2732 alterum
1322 2663 1516 2731 cornminus·

399 2776 494 2860 inerit,
509 2781 543 2842 et
558 2778 730 2843 conuenire
747 2776 888 2843 uoluerit
903 2777 937 2841 in
952 2797 1093 2860 persona
1104 2777 1154 2841 uel
1170 2774 1273 2854 bonis,
1285 2772 1348 2838 sori
1358 2769 1516 2857 privilegio

397 2883 633 2962 nonobstante,
649 2889 682 2948 et
698 2883 896 2948 solucionem
906 2884 956 2948 vel
967 2883 1204 2948 absolucionem
1216 2888 1272 2946 aut
1282 2881 1413 2946 termini
1424 2885 1517 2943 muta·

397 2990 520 3055 cionem
546 2991 597 3056 rel
621 2991 890 3075 prorogationem
907 2991 1012 3056 dictus
1038 2989 1207 3057 Jnhannes
1223 2989 1319 3055 dictis
1342 2986 1516 3054 nominibus

396 3099 546 3182 promisit
561 3119 626 3164 non
635 3098 785 3183 probare,
803 3100 866 3164 nisi
883 3120 941 3182 per
957 3120 1092 3182 presens
1108 3099 1357 3163 instrumentum
1375 3097 1408 3160 in
1423 3091 1516 3179 publi·

395 3227 465 3271 cam
477 3206 616 3273 formam
633 3207 729 3273 dictis
739 3206 870 3272 domino
880 3205 966 3290 Regi
976 3213 1008 3271 et
1019 3202 1304 3271 domiquohanui
1316 3213 1416 3270 etseu
1426 3199 1513 3267 alteri

396 3337 507 3380 eorum
517 3318 713 3398 restitutum,
730 3316 921 3382 damnatum
937 3322 970 3380 et
986 3313 1199 3381 cancellatum
1218 3335 1276 3398 per
1291 3313 1415 3379 dictum
1430 3311 1516 3377 Com·

395 3445 489 3489 mune
499 3423 673 3491 Florencie
689 3425 739 3490 nel
756 3426 825 3491 eius
841 3424 1092 3505 mandatarium,
1108 3423 1159 3487 uel
1174 3422 1347 3488 habentem
1363 3423 1413 3487 ins
1424 3420 1462 3485 ab
1472 3437 1515 3494 eo,

396 3539 429 3596 et
441 3553 497 3597 seu
508 3553 565 3615 peu
575 3532 740 3616 publicum
751 3535 978 3599 istrumentum
989 3531 1062 3596 finis
1073 3537 1106 3596 et
1115 3529 1323 3596 liberacionis
1333 3529 1412 3594 dicti
1420 3522 1513 3593 debiti

394 3661 492 3705 manu
511 3639 640 3705 Publici
659 3648 692 3705 et
708 3640 823 3724 legalis
847 3639 980 3724 Notarij
1008 3637 1250 3705 conficiendum.
1277 3634 1349 3721 Que
1366 3636 1468 3702 omnia
1484 3639 1512 3694 et

392 3748 522 3829 singula
537 3749 762 3830 suprascripta
778 3747 993 3831 stipulacione
1010 3747 1145 3814 solemni
1155 3746 1307 3830 promisit
1324 3752 1358 3811 et
1374 3741 1513 3809 conuenit

393 3852 499 3920 dictus
514 3855 664 3922 dominus
679 3854 704 3920 J
706 3856 827 3921 ohanes
843 3877 902 3921 suo
912 3855 1044 3940 proprio
1061 3862 1095 3920 et
1104 3855 1233 3938 priuato
1251 3855 1390 3936 nomine,
1406 3857 1512 3935 etpro-

392 3983 471 4027 cuna
488 3970 520 4028 et
535 3965 762 4047 procuratorio
787 3965 917 4030 nomine
935 3963 1012 4030 dicti
1039 3963 1159 4030 domini
1184 3963 1287 4046 Regis
1313 3969 1347 4028 et
1374 3959 1511 4046 quolibet

392 4067 553 4136 dictorum
568 4072 733 4136 nominum
750 4073 783 4136 in
801 4070 941 4136 solidum
957 4093 991 4136 se
1017 4070 1206 4154 obligando,
1221 4068 1361 4154 prefatis
1378 4066 1511 4135 Sindicis

391 4182 424 4241 et
439 4175 736 4244 Ambaxiatoribns
753 4179 961 4262 presentibus
978 4178 1210 4263 stipulantibus
1227 4184 1260 4244 et
1276 4177 1509 4263 recipientibus,

390 4285 494 4350 modis
511 4292 543 4350 et
559 4285 741 4352 nominibus
758 4286 875 4370 quibus
902 4286 1125 4371 supradictum
1141 4292 1197 4368 est,
1213 4285 1344 4354 firmum
1360 4292 1394 4352 et
1408 4289 1508 4350 ratum

389 4390 520 4476 babere,
531 4392 706 4460 obseruare
716 4399 750 4459 et
760 4394 948 4478 adimplere,
959 4401 992 4459 et
1007 4400 1119 4460 centra
1135 4416 1199 4460 non
1215 4394 1325 4460 facere
1341 4393 1391 4460 uel
1407 4392 1510 4458 uenire

388 4520 447 4588 per
463 4522 497 4566 se
514 4502 563 4566 uel
579 4502 678 4567 alium
696 4509 753 4569 aut
769 4504 851 4568 alios
868 4504 980 4587 aliqua
996 4505 1136 4584 racione,
1145 4506 1230 4589 jure,
1248 4503 1344 4568 modo
1363 4501 1509 4567 nelcausa
