3210 5252
446 351 491 438 '44
799 387 1034 436 nrrnounuzrnr
1050 373 1219 434 nucinas.

446 551 591 619 Ecclesie
607 551 652 616 de‘
664 551 759 616 dictis
775 553 904 614 centum
919 548 1050 628 mansis,
1068 548 1272 631 presentibus
1303 546 1522 631 adjungimus,
1538 567 1571 611 sc

447 659 664 725 molendinum
690 656 843 742 Gregorij
876 656 954 721 dicti
985 653 1120 722 Stecber
1145 646 1235 720 civis
1251 653 1516 737 Lemburgensis,
1544 654 1573 716 in

447 789 596 833 mensura
620 765 843 850 predictorum
869 770 1033 828 centorum
1050 765 1229 844 laneorum,
1246 784 1303 828 seu
1319 781 1519 841 mansorum,
1535 761 1571 826 ei·

447 875 569 942 militer
585 876 731 941 volumus
746 893 946 957 permanere.
972 872 1017 936 Et
1033 877 1068 934 vt
1084 893 1182 935 onera
1210 871 1294 936 cives
1319 871 1468 954 predicte
1495 867 1574 934 Ciri-

447 984 524 1048 tatis
550 1004 588 1047 eo
613 980 740 1046 facilius
757 986 790 1045 et
804 979 919 1044 melius
936 979 1082 1061 poterint
1098 985 1300 1062 supportare,
1317 978 1429 1043 decem
1445 997 1572 1042 mansos

446 1088 567 1155 liberos
593 1089 632 1154 de
657 1087 795 1171 prefatis
820 1093 951 1152 centum
977 1087 1108 1166 mansis,
1126 1086 1249 1169 absque
1274 1086 1436 1152 solutions
1451 1105 1574 1162 cenem,

447 1197 553 1263 eidem
578 1197 743 1280 perpetuis
767 1193 969 1278 temporibus
995 1193 1108 1258 damus
1125 1200 1158 1258 et
1174 1194 1361 1276 elargimur,
1383 1213 1457 1258 oum
1474 1200 1576 1276 potes·

447 1313 517 1370 tate
533 1305 678 1387 plenaria
694 1301 861 1377 vendendi,
878 1299 1106 1378 commutandi,
1133 1299 1221 1365 etad
1247 1321 1323 1365 usus
1339 1298 1575 1382 bleneplacitos

448 1410 663 1491 convertendi,
688 1418 799 1476 nostro
825 1416 936 1474 tamen
961 1415 994 1473 et
1010 1429 1229 1472 successorum
1244 1411 1429 1476 nostrorum
1445 1407 1490 1473 de
1505 1429 1574 1474 oon-

449 1541 544 1585 sensu
570 1525 603 1584 et
619 1517 825 1602 beneplacita
839 1518 952 1599 gracia
969 1522 1002 1582 et
1018 1515 1193 1581 voluntate.
1224 1516 1431 1582 Adiicientes
1456 1517 1577 1599 specie·

448 1630 525 1694 liter
549 1635 580 1692 et
606 1645 764 1710 expresse,
789 1626 875 1708 quod
901 1628 934 1688 in
960 1623 1115 1707 paludine
1141 1623 1285 1708 quodem
1303 1625 1390 1688 intra
1406 1625 1531 1690 limites
1545 1631 1575 1689 et

448 1755 632 1800 mensuram
656 1734 847 1815 octuaginta
872 1753 985 1797 novem
1012 1753 1197 1798 mansorem
1224 1733 1356 1813 situato,
1381 1753 1497 1797 omnes
1513 1731 1576 1797 Ru·

448 1841 538 1907 thoni
555 1840 597 1905 sd
615 1837 770 1905 Castrum
781 1845 927 1904 nostrum
943 1839 1185 1923 Lemburgense
1195 1841 1407 1923 pertinentes,
1425 1860 1490 1904 rna
1507 1860 1577 1905 cum

448 1949 570 2014 civibus
585 1952 619 2011 et
634 1948 749 2012 incolis
764 1946 926 2030 prelibato
953 1943 1114 2027 Civitatis,
1130 1967 1230 2030 equos
1246 1952 1279 2011 et
1295 1966 1414 2029 peoora
1428 1947 1576 2028 ipsorum

448 2058 661 2122 communiter
677 2055 864 2138 depascant,
881 2055 973 2119 iuxta
981 2057 1124 2140 ipsorum
1136 2054 1353 2121 omnimodam
1369 2056 1579 2120 voluntatem.

448 2164 588 2247 Insuper
613 2170 650 2229 ut
674 2184 712 2229 eo
735 2163 839 2244 citius,
864 2162 1064 2228 commodius
1081 2169 1114 2227 et
1129 2161 1256 2229 facilius
1274 2161 1432 2244 sepedicti
1448 2169 1578 2226 centum

447 2273 553 2338 mansi
579 2293 636 2356 per
661 2268 833 2336 iamdictos
858 2273 943 2334 cives
967 2276 1002 2334 et
1026 2271 1148 2336 incolas
1166 2271 1298 2335 valeant
1313 2269 1481 2350 collocari,
1498 2276 1532 2334 et
1547 2271 1578 2333 iu

448 2378 630 2445 uberiorem
654 2377 760 2460 redigi
785 2378 1022 2458 condicionem;
1047 2378 1195 2444 omnibus
1221 2382 1255 2442 et
1271 2377 1408 2460 singulis
1425 2375 1576 2444 kmetho-

448 2488 543 2554 nibus
553 2487 739 2570 colonisque
748 2487 782 2550 in
792 2486 946 2570 predictis
962 2493 1092 2551 centum
1107 2488 1229 2552 mansis
1248 2484 1402 2565 locandis,
1419 2485 1463 2554 ab
1482 2485 1582 2550 onmi-

448 2595 509 2660 bus
535 2597 655 2660 nostris
681 2593 904 2676 solutionibus,
928 2593 1165 2674 exaccionibus,
1190 2593 1343 2675 collectis,
1369 2598 1402 2657 et
1426 2592 1581 2677 depactu-

449 2702 595 2769 eionibus
612 2703 780 2785 uniuersis,
796 2700 883 2767 infra
900 2703 1013 2784 viginti
1030 2721 1188 2767 annorum
1205 2703 1349 2786 specium
1364 2723 1384 2766 a
1405 2700 1490 2766 data
1506 2721 1577 2784 pre·

449 2812 590 2876 sensium
625 2811 776 2876 continue
810 2809 1110 2891 computandorum,
1143 2808 1273 2894 plenam
1303 2814 1337 2873 et
1368 2807 1583 2874 omninodani

449 2917 572 3000 damus,
598 2914 801 2982 concedimus
829 2916 867 2981 de
883 2918 997 2998 gracia
1024 2923 1138 2982 nostra
1152 2916 1360 2996 libertatem
1384 2935 1452 2998 qua
1470 2915 1585 2998 elapsa

449 3027 545 3105 cives,
560 3023 666 3089 coloni
683 3044 739 3089 seu
754 3021 861 3088 incole
876 3025 1064 3106 octuaginta
1074 3044 1187 3089 novem
1197 3041 1387 3087 mensorum
1398 3042 1459 3087 sou
1469 3022 1582 3088 laneo

449 3154 531 3214 rum,
547 3130 587 3196 de
604 3131 750 3215 quolibet
775 3153 887 3196 manso
915 3153 970 3196 seu
996 3131 1091 3197 laneo
1108 3129 1238 3196 solubili
1256 3127 1429 3194 duodecim
1446 3149 1583 3211 grossos

449 3239 633 3324 Pragcnses
658 3242 691 3304 in
716 3239 798 3306 festo
835 3239 933 3306 Beati
958 3239 1098 3305 Martini
1129 3240 1266 3324 singulis
1297 3239 1390 3304 annis
1424 3237 1527 3304 nobis
1554 3245 1585 3303 et

450 3348 688 3414 successoribus
704 3349 834 3430 nostris,
850 3368 909 3430 pro
926 3367 1024 3412 censu
1041 3353 1073 3413 et
1089 3348 1215 3412 decima
1231 3347 1356 3412 soluere
1371 3344 1585 3411 tenebuntur.

449 3453 491 3518 In
509 3475 646 3539 quorum
663 3456 804 3520 omnium
829 3455 1050 3520 testimonium
1070 3460 1103 3520 et
1118 3453 1317 3518 evidenciam
1343 3451 1524 3518 clariorem
1551 3455 1588 3516 si·

450 3560 564 3644 gillum
574 3567 719 3626 nostrum
727 3561 934 3645 presentibus
951 3567 1000 3626 est
1016 3581 1203 3645 appensum.
1214 3562 1337 3624 Actum
1355 3559 1389 3622 in
1407 3555 1587 3626 Stascbou

449 3667 532 3734 feria
555 3670 670 3751 quinta
695 3675 770 3751 post
794 3668 909 3734 festum
935 3669 1047 3735 Sancti
1062 3667 1207 3750 Nikolai,
1223 3689 1308 3734 anno
1325 3666 1465 3735 Domini
1484 3669 1590 3734 mille·

450 3777 530 3842 simo
546 3779 771 3844 trecentesimo
788 3779 1029 3861 septuagesimo
1039 3776 1187 3842 secundo.
1205 3775 1420 3842 Prosentibus
1438 3777 1591 3842 strenuis

449 3890 482 3949 et
506 3885 638 3952 famosis
663 3885 827 3966 militibus,
853 3884 989 3951 dominis
1006 3881 1296 3968 Swenthopelcone
1311 3883 1475 3951 Palatino
1501 3883 1591 3950 Sire-

450 3992 563 4074 diensi,
578 3993 767 4060 Paschcone
792 3993 922 4077 Zlodzej
950 3993 991 4059 de
1014 3993 1217 4074 Pilcbowiez,
1242 3992 1344 4057 Petro
1369 3989 1591 4076 Gumprecht

450 4099 605 4165 Palatino
630 4099 861 4181 Premizliensi,
881 4097 1074 4166 Merkastba
1100 4099 1140 4165 de
1167 4097 1306 4178 Zirswa,
1323 4097 1425 4163 Petro
1444 4096 1591 4163 Brund.

449 4205 566 4274 Strata
581 4207 620 4272 de
635 4206 773 4290 Kokier,
789 4214 823 4273 et
838 4207 988 4290 pluribus
1004 4209 1079 4274 aliis
1094 4205 1159 4271 fide
1176 4206 1292 4289 dignis.

449 4351 587 4412 (Bredetie
609 4353 780 4416 berhartyrtn
804 4355 904 4402 Laszld
918 4355 1009 4417 opelni
1024 4354 1197 4417 her-czegnek
1211 4352 1330 4415 pecuetje
1344 4353 1425 4412 alati,
1444 4353 1593 4414 Lemberz

859 4443 940 4492 varos
953 4443 1164 4502 levdltaraban.)

952 4607 956 4614 ,
987 4604 1093 4612 ...n-⁴·-
