<?xml version="1.0" encoding="UTF-8"?>
<!DOCTYPE html PUBLIC "-//W3C//DTD XHTML 1.0 Transitional//EN"
    "http://www.w3.org/TR/xhtml1/DTD/xhtml1-transitional.dtd">
<html xmlns="http://www.w3.org/1999/xhtml" xml:lang="en" lang="en">
 <head>
  <title>
</title>
<meta http-equiv="Content-Type" content="text/html;charset=utf-8" />
  <meta name='ocr-system' content='tesseract 3.04.00' />
  <meta name='ocr-capabilities' content='ocr_page ocr_carea ocr_par ocr_line ocrx_word'/>
</head>
<body>
  <div class='ocr_page' id='page_1' title='image "./magyardiplomacz00wenzgoog_0580.png"; bbox 0 0 3182 5252; ppageno 0'>
   <div class='ocr_carea' id='block_1_1' title="bbox 428 389 1189 461">
    <p class='ocr_par' dir='ltr' id='par_1_1' title="bbox 428 389 1189 461">
     <span class='ocr_line' id='line_1_1' title="bbox 428 389 1189 461; baseline -0.004 -3"><span class='ocrx_word' id='word_1_1' title='bbox 428 398 492 458; x_wconf 78' lang='lat'><strong>560</strong></span> <span class='ocrx_word' id='word_1_2' title='bbox 772 415 1006 460; x_wconf 74' lang='lat' dir='ltr'><strong>nrenourcztsr</strong></span> <span class='ocrx_word' id='word_1_3' title='bbox 1025 389 1189 461; x_wconf 65' lang='lat' dir='ltr'><strong>assidentis.</strong></span> 
     </span>
    </p>
   </div>
   <div class='ocr_carea' id='block_1_2' title="bbox 413 569 1550 4662">
    <p class='ocr_par' dir='ltr' id='par_1_2' title="bbox 413 569 1550 4662">
     <span class='ocr_line' id='line_1_2' title="bbox 423 569 1547 654; baseline 0.001 -19"><span class='ocrx_word' id='word_1_4' title='bbox 423 595 496 636; x_wconf 84' lang='lat' dir='ltr'><strong>rare</strong></span> <span class='ocrx_word' id='word_1_5' title='bbox 523 570 680 652; x_wconf 75' lang='lat' dir='ltr'><strong>VenetiiS,</strong></span> <span class='ocrx_word' id='word_1_6' title='bbox 697 609 743 636; x_wconf 51' lang='lat' dir='ltr'><strong>aa</strong></span> <span class='ocrx_word' id='word_1_7' title='bbox 772 573 828 654; x_wconf 87' lang='lat' dir='ltr'><strong>qui</strong></span> <span class='ocrx_word' id='word_1_8' title='bbox 856 573 977 637; x_wconf 86' lang='lat' dir='ltr'><strong>vadunt</strong></span> <span class='ocrx_word' id='word_1_9' title='bbox 993 573 1078 654; x_wconf 89' lang='lat' dir='ltr'><strong>illuc,</strong></span> <span class='ocrx_word' id='word_1_10' title='bbox 1094 575 1127 638; x_wconf 91' lang='lat' dir='ltr'><strong>iu</strong></span> <span class='ocrx_word' id='word_1_11' title='bbox 1144 572 1296 639; x_wconf 85' lang='lat' dir='ltr'><strong>manibus</strong></span> <span class='ocrx_word' id='word_1_12' title='bbox 1314 571 1438 639; x_wconf 85' lang='lat' dir='ltr'><strong>Sindici</strong></span> <span class='ocrx_word' id='word_1_13' title='bbox 1457 569 1547 636; x_wconf 84' lang='lat' dir='ltr'><strong>Gom-</strong></span> 
     </span>
     <span class='ocr_line' id='line_1_3' title="bbox 422 680 1549 767; baseline 0.001 -23"><span class='ocrx_word' id='word_1_14' title='bbox 422 682 528 744; x_wconf 87' lang='lat' dir='ltr'><strong>munis</strong></span> <span class='ocrx_word' id='word_1_15' title='bbox 546 681 683 762; x_wconf 89' lang='lat' dir='ltr'><strong>Ragusii</strong></span> <span class='ocrx_word' id='word_1_16' title='bbox 700 680 743 746; x_wconf 90' lang='lat' dir='ltr'><strong>ad</strong></span> <span class='ocrx_word' id='word_1_17' title='bbox 759 680 819 746; x_wconf 91' lang='lat' dir='ltr'><strong>bec</strong></span> <span class='ocrx_word' id='word_1_18' title='bbox 837 687 868 745; x_wconf 87' lang='lat' dir='ltr'><strong>et</strong></span> <span class='ocrx_word' id='word_1_19' title='bbox 887 682 952 746; x_wconf 89' lang='lat' dir='ltr'><strong>alia</strong></span> <span class='ocrx_word' id='word_1_20' title='bbox 969 684 1148 748; x_wconf 87' lang='lat' dir='ltr'><strong>constituti.</strong></span> <span class='ocrx_word' id='word_1_21' title='bbox 1164 685 1303 767; x_wconf 83' lang='lat' dir='ltr'>Insuper</span> <span class='ocrx_word' id='word_1_22' title='bbox 1314 684 1508 767; x_wconf 81' lang='lat' dir='ltr'><strong>promittent</strong></span> <span class='ocrx_word' id='word_1_23' title='bbox 1521 689 1549 745; x_wconf 88' lang='lat' dir='ltr'><strong>et</strong></span> 
     </span>
     <span class='ocr_line' id='line_1_4' title="bbox 421 789 1550 876; baseline -0.002 -22"><span class='ocrx_word' id='word_1_24' title='bbox 421 789 582 873; x_wconf 89' lang='lat' dir='ltr'><strong>jurabunt</strong></span> <span class='ocrx_word' id='word_1_25' title='bbox 598 811 708 854; x_wconf 88' lang='lat' dir='ltr'><strong>omnes</strong></span> <span class='ocrx_word' id='word_1_26' title='bbox 734 789 871 872; x_wconf 85' lang='lat' dir='ltr'><strong>predicti</strong></span> <span class='ocrx_word' id='word_1_27' title='bbox 899 793 1091 874; x_wconf 68' lang='lat' dir='ltr'><strong>promittere</strong></span> <span class='ocrx_word' id='word_1_28' title='bbox 1107 798 1141 856; x_wconf 86' lang='lat' dir='ltr'><strong>et</strong></span> <span class='ocrx_word' id='word_1_29' title='bbox 1152 791 1266 876; x_wconf 88' lang='lat' dir='ltr'><strong>jurare</strong></span> <span class='ocrx_word' id='word_1_30' title='bbox 1291 790 1447 856; x_wconf 76' lang='lat' dir='ltr'><strong>debentes</strong></span> <span class='ocrx_word' id='word_1_31' title='bbox 1467 810 1550 874; x_wconf 80' lang='lat' dir='ltr'><strong>supe</strong></span> 
     </span>
     <span class='ocr_line' id='line_1_5' title="bbox 423 882 1546 984; baseline -0.001 -22"><span class='ocrx_word' id='word_1_32' title='bbox 423 899 489 962; x_wconf 91' lang='lat' dir='ltr'><strong>rius</strong></span> <span class='ocrx_word' id='word_1_33' title='bbox 507 897 671 980; x_wconf 87' lang='lat' dir='ltr'><strong>explicati,</strong></span> <span class='ocrx_word' id='word_1_34' title='bbox 688 899 736 962; x_wconf 91' lang='lat' dir='ltr'><strong>ita</strong></span> <span class='ocrx_word' id='word_1_35' title='bbox 751 905 785 962; x_wconf 91' lang='lat' dir='ltr'><strong>et</strong></span> <span class='ocrx_word' id='word_1_36' title='bbox 800 899 912 964; x_wconf 88' lang='lat' dir='ltr'><strong>taliter</strong></span> <span class='ocrx_word' id='word_1_37' title='bbox 930 901 1062 984; x_wconf 90' lang='lat' dir='ltr'><strong>operari</strong></span> <span class='ocrx_word' id='word_1_38' title='bbox 1079 906 1112 964; x_wconf 88' lang='lat' dir='ltr'><strong>et</strong></span> <span class='ocrx_word' id='word_1_39' title='bbox 1128 882 1343 966; x_wconf 87' lang='lat' dir='ltr'><strong>effectualiter</strong></span> <span class='ocrx_word' id='word_1_40' title='bbox 1365 898 1546 982; x_wconf 86' lang='lat' dir='ltr'><strong>adimplere,</strong></span> 
     </span>
     <span class='ocr_line' id='line_1_6' title="bbox 423 1005 1548 1092; baseline 0.001 -23"><span class='ocrx_word' id='word_1_41' title='bbox 423 1005 509 1087; x_wconf 90' lang='lat' dir='ltr'><strong>quod</strong></span> <span class='ocrx_word' id='word_1_42' title='bbox 529 1013 640 1089; x_wconf 83' lang='lat' dir='ltr'><strong>gentes</strong></span> <span class='ocrx_word' id='word_1_43' title='bbox 657 1007 699 1072; x_wconf 90' lang='lat' dir='ltr'><strong>ad</strong></span> <span class='ocrx_word' id='word_1_44' title='bbox 716 1029 849 1091; x_wconf 83' lang='lat' dir='ltr'><strong>presens</strong></span> <span class='ocrx_word' id='word_1_45' title='bbox 865 1009 907 1074; x_wconf 89' lang='lat' dir='ltr'><strong>ad</strong></span> <span class='ocrx_word' id='word_1_46' title='bbox 925 1030 1035 1074; x_wconf 90' lang='lat' dir='ltr'><strong>eorum</strong></span> <span class='ocrx_word' id='word_1_47' title='bbox 1056 1009 1255 1092; x_wconf 86' lang='lat' dir='ltr'><strong>stipendium</strong></span> <span class='ocrx_word' id='word_1_48' title='bbox 1271 1013 1305 1073; x_wconf 91' lang='lat' dir='ltr'><strong>et</strong></span> <span class='ocrx_word' id='word_1_49' title='bbox 1321 1007 1494 1092; x_wconf 88' lang='lat' dir='ltr'><strong>cujuslibet</strong></span> <span class='ocrx_word' id='word_1_50' title='bbox 1509 1007 1548 1088; x_wconf 86' lang='lat' dir='ltr'><strong>ip</strong></span> 
     </span>
     <span class='ocr_line' id='line_1_7' title="bbox 424 1117 1550 1200; baseline 0 -22"><span class='ocrx_word' id='word_1_51' title='bbox 424 1135 533 1179; x_wconf 89' lang='lat' dir='ltr'><strong>sorum</strong></span> <span class='ocrx_word' id='word_1_52' title='bbox 550 1117 727 1180; x_wconf 84' lang='lat' dir='ltr'><strong>existentes</strong></span> <span class='ocrx_word' id='word_1_53' title='bbox 744 1117 795 1180; x_wconf 86' lang='lat' dir='ltr'><strong>rel</strong></span> <span class='ocrx_word' id='word_1_54' title='bbox 811 1118 1015 1200; x_wconf 83' lang='lat' dir='ltr'><strong>inposterum</strong></span> <span class='ocrx_word' id='word_1_55' title='bbox 1041 1119 1180 1182; x_wconf 89' lang='lat' dir='ltr'><strong>existere</strong></span> <span class='ocrx_word' id='word_1_56' title='bbox 1206 1117 1371 1199; x_wconf 86' lang='lat' dir='ltr'><strong>debentes,</strong></span> <span class='ocrx_word' id='word_1_57' title='bbox 1386 1117 1550 1180; x_wconf 77' lang='lat' dir='ltr'><strong>ouiusonn</strong></span> 
     </span>
     <span class='ocr_line' id='line_1_8' title="bbox 423 1221 1550 1307; baseline -0.001 -21"><span class='ocrx_word' id='word_1_58' title='bbox 423 1243 487 1304; x_wconf 91' lang='lat' dir='ltr'><strong>que</strong></span> <span class='ocrx_word' id='word_1_59' title='bbox 505 1222 699 1287; x_wconf 89' lang='lat' dir='ltr'><strong>conditionis</strong></span> <span class='ocrx_word' id='word_1_60' title='bbox 725 1234 758 1287; x_wconf 92' lang='lat' dir='ltr'><strong>et</strong></span> <span class='ocrx_word' id='word_1_61' title='bbox 783 1225 926 1289; x_wconf 89' lang='lat' dir='ltr'><strong>nationis</strong></span> <span class='ocrx_word' id='word_1_62' title='bbox 952 1225 1107 1305; x_wconf 88' lang='lat' dir='ltr'><strong>existant,</strong></span> <span class='ocrx_word' id='word_1_63' title='bbox 1122 1229 1193 1290; x_wconf 91' lang='lat' dir='ltr'><strong>toto</strong></span> <span class='ocrx_word' id='word_1_64' title='bbox 1209 1230 1356 1307; x_wconf 89' lang='lat' dir='ltr'><strong>tempore</strong></span> <span class='ocrx_word' id='word_1_65' title='bbox 1373 1245 1486 1289; x_wconf 89' lang='lat' dir='ltr'><strong>eorum</strong></span> <span class='ocrx_word' id='word_1_66' title='bbox 1503 1221 1550 1286; x_wconf 86' lang='lat' dir='ltr'><strong>sti·</strong></span> 
     </span>
     <span class='ocr_line' id='line_1_9' title="bbox 422 1329 1547 1414; baseline 0.003 -21"><span class='ocrx_word' id='word_1_67' title='bbox 422 1329 532 1413; x_wconf 90' lang='lat' dir='ltr'><strong>pendii</strong></span> <span class='ocrx_word' id='word_1_68' title='bbox 550 1330 598 1394; x_wconf 88' lang='lat' dir='ltr'><strong>vel</strong></span> <span class='ocrx_word' id='word_1_69' title='bbox 615 1331 746 1411; x_wconf 90' lang='lat' dir='ltr'><strong>servitii,</strong></span> <span class='ocrx_word' id='word_1_70' title='bbox 763 1353 822 1396; x_wconf 90' lang='lat' dir='ltr'><strong>nec</strong></span> <span class='ocrx_word' id='word_1_71' title='bbox 837 1339 911 1413; x_wconf 87' lang='lat' dir='ltr'><strong>post</strong></span> <span class='ocrx_word' id='word_1_72' title='bbox 928 1333 1142 1398; x_wconf 84' lang='lat' dir='ltr'><strong>cessationem</strong></span> <span class='ocrx_word' id='word_1_73' title='bbox 1158 1339 1192 1396; x_wconf 90' lang='lat' dir='ltr'><strong>et</strong></span> <span class='ocrx_word' id='word_1_74' title='bbox 1207 1331 1374 1396; x_wconf 78' lang='lat' dir='ltr'><strong>licentiam</strong></span> <span class='ocrx_word' id='word_1_75' title='bbox 1391 1331 1547 1414; x_wconf 86' lang='lat' dir='ltr'><strong>usquead</strong></span> 
     </span>
     <span class='ocr_line' id='line_1_10' title="bbox 422 1437 1550 1524; baseline 0.001 -24"><span class='ocrx_word' id='word_1_76' title='bbox 422 1445 489 1502; x_wconf 89' lang='lat' dir='ltr'><strong>tres</strong></span> <span class='ocrx_word' id='word_1_77' title='bbox 507 1461 633 1504; x_wconf 89' lang='lat' dir='ltr'><strong>menses</strong></span> <span class='ocrx_word' id='word_1_78' title='bbox 650 1439 765 1505; x_wconf 91' lang='lat' dir='ltr'><strong>deinde</strong></span> <span class='ocrx_word' id='word_1_79' title='bbox 793 1447 962 1507; x_wconf 89' lang='lat' dir='ltr'><strong>secuturos</strong></span> <span class='ocrx_word' id='word_1_80' title='bbox 984 1463 1049 1507; x_wconf 89' lang='lat' dir='ltr'><strong>non</strong></span> <span class='ocrx_word' id='word_1_81' title='bbox 1064 1442 1215 1524; x_wconf 86' lang='lat' dir='ltr'><strong>inferent,</strong></span> <span class='ocrx_word' id='word_1_82' title='bbox 1230 1462 1288 1505; x_wconf 89' lang='lat' dir='ltr'><strong>neo</strong></span> <span class='ocrx_word' id='word_1_83' title='bbox 1303 1439 1418 1504; x_wconf 85' lang='lat' dir='ltr'><strong>inferri</strong></span> <span class='ocrx_word' id='word_1_84' title='bbox 1435 1437 1550 1504; x_wconf 84' lang='lat' dir='ltr'><strong>facient</strong></span> 
     </span>
     <span class='ocr_line' id='line_1_11' title="bbox 423 1544 1547 1634; baseline -0.001 -24"><span class='ocrx_word' id='word_1_85' title='bbox 423 1546 569 1627; x_wconf 89' lang='lat' dir='ltr'><strong>aliquam</strong></span> <span class='ocrx_word' id='word_1_86' title='bbox 587 1549 729 1628; x_wconf 82' lang='lat' dir='ltr'><strong>noxiam,</strong></span> <span class='ocrx_word' id='word_1_87' title='bbox 744 1549 932 1632; x_wconf 83' lang='lat' dir='ltr'><strong>novitatem,</strong></span> <span class='ocrx_word' id='word_1_88' title='bbox 949 1550 1112 1634; x_wconf 85' lang='lat' dir='ltr'><strong>injuriam,</strong></span> <span class='ocrx_word' id='word_1_89' title='bbox 1131 1548 1314 1613; x_wconf 81' lang='lat' dir='ltr'><strong>molestiam</strong></span> <span class='ocrx_word' id='word_1_90' title='bbox 1330 1545 1382 1610; x_wconf 85' lang='lat' dir='ltr'><strong>vel</strong></span> <span class='ocrx_word' id='word_1_91' title='bbox 1397 1544 1547 1610; x_wconf 83' lang='lat' dir='ltr'><strong>offensam</strong></span> 
     </span>
     <span class='ocr_line' id='line_1_12' title="bbox 418 1652 1547 1739; baseline -0.002 -21"><span class='ocrx_word' id='word_1_92' title='bbox 418 1675 478 1736; x_wconf 85' lang='lat' dir='ltr'><strong>per</strong></span> <span class='ocrx_word' id='word_1_93' title='bbox 493 1661 626 1736; x_wconf 89' lang='lat' dir='ltr'><strong>terram,</strong></span> <span class='ocrx_word' id='word_1_94' title='bbox 643 1677 701 1719; x_wconf 92' lang='lat' dir='ltr'><strong>nec</strong></span> <span class='ocrx_word' id='word_1_95' title='bbox 713 1676 770 1738; x_wconf 90' lang='lat' dir='ltr'><strong>per</strong></span> <span class='ocrx_word' id='word_1_96' title='bbox 786 1677 885 1737; x_wconf 90' lang='lat' dir='ltr'><strong>mare,</strong></span> <span class='ocrx_word' id='word_1_97' title='bbox 901 1657 998 1722; x_wconf 90' lang='lat' dir='ltr'><strong>modo</strong></span> <span class='ocrx_word' id='word_1_98' title='bbox 1014 1655 1125 1739; x_wconf 88' lang='lat' dir='ltr'><strong>aliquo</strong></span> <span class='ocrx_word' id='word_1_99' title='bbox 1143 1657 1192 1720; x_wconf 89' lang='lat' dir='ltr'><strong>vel</strong></span> <span class='ocrx_word' id='word_1_100' title='bbox 1208 1655 1349 1738; x_wconf 88' lang='lat' dir='ltr'><strong>ingenio,</strong></span> <span class='ocrx_word' id='word_1_101' title='bbox 1366 1653 1453 1719; x_wconf 88' lang='lat' dir='ltr'><strong>dicte</strong></span> <span class='ocrx_word' id='word_1_102' title='bbox 1464 1652 1547 1719; x_wconf 84' lang='lat' dir='ltr'><strong>Ciui-</strong></span> 
     </span>
     <span class='ocr_line' id='line_1_13' title="bbox 421 1759 1546 1845; baseline 0.003 -22"><span class='ocrx_word' id='word_1_103' title='bbox 421 1761 484 1825; x_wconf 86' lang='lat' dir='ltr'><strong>tati</strong></span> <span class='ocrx_word' id='word_1_104' title='bbox 501 1761 647 1844; x_wconf 85' lang='lat' dir='ltr'><strong>Ragusii,</strong></span> <span class='ocrx_word' id='word_1_105' title='bbox 664 1761 795 1842; x_wconf 88' lang='lat' dir='ltr'><strong>civibus,</strong></span> <span class='ocrx_word' id='word_1_106' title='bbox 821 1761 1069 1845; x_wconf 87' lang='lat' dir='ltr'><strong>habitatoribus,</strong></span> <span class='ocrx_word' id='word_1_107' title='bbox 1089 1763 1229 1828; x_wconf 89' lang='lat' dir='ltr'><strong>subditis</strong></span> <span class='ocrx_word' id='word_1_108' title='bbox 1245 1769 1278 1826; x_wconf 89' lang='lat' dir='ltr'><strong>et</strong></span> <span class='ocrx_word' id='word_1_109' title='bbox 1293 1760 1446 1826; x_wconf 88' lang='lat' dir='ltr'><strong>fidelibus</strong></span> <span class='ocrx_word' id='word_1_110' title='bbox 1466 1759 1546 1843; x_wconf 85' lang='lat' dir='ltr'><strong>Reg-</strong></span> 
     </span>
     <span class='ocr_line' id='line_1_14' title="bbox 421 1868 1547 1958; baseline 0 -27"><span class='ocrx_word' id='word_1_111' title='bbox 421 1871 453 1932; x_wconf 92' lang='lat' dir='ltr'><strong>ni</strong></span> <span class='ocrx_word' id='word_1_112' title='bbox 471 1869 655 1952; x_wconf 88' lang='lat' dir='ltr'><strong>Hungarie.</strong></span> <span class='ocrx_word' id='word_1_113' title='bbox 674 1871 716 1933; x_wconf 84' lang='lat' dir='ltr'><strong>Et</strong></span> <span class='ocrx_word' id='word_1_114' title='bbox 735 1871 862 1953; x_wconf 90' lang='lat' dir='ltr'><strong>siquod</strong></span> <span class='ocrx_word' id='word_1_115' title='bbox 880 1872 1058 1956; x_wconf 88' lang='lat' dir='ltr'><strong>dampnum</strong></span> <span class='ocrx_word' id='word_1_116' title='bbox 1075 1880 1133 1940; x_wconf 90' lang='lat' dir='ltr'><strong>aut</strong></span> <span class='ocrx_word' id='word_1_117' title='bbox 1149 1875 1260 1958; x_wconf 90' lang='lat' dir='ltr'><strong>aliqua</strong></span> <span class='ocrx_word' id='word_1_118' title='bbox 1275 1871 1400 1955; x_wconf 85' lang='lat' dir='ltr'><strong>injuria</strong></span> <span class='ocrx_word' id='word_1_119' title='bbox 1417 1875 1501 1934; x_wconf 86' lang='lat' dir='ltr'><strong>asset</strong></span> <span class='ocrx_word' id='word_1_120' title='bbox 1514 1868 1547 1932; x_wconf 91' lang='lat' dir='ltr'><strong>il-</strong></span> 
     </span>
     <span class='ocr_line' id='line_1_15' title="bbox 420 1973 1548 2064; baseline 0.001 -26"><span class='ocrx_word' id='word_1_121' title='bbox 420 1973 523 2040; x_wconf 87' lang='lat' dir='ltr'><strong>latum</strong></span> <span class='ocrx_word' id='word_1_122' title='bbox 542 1976 592 2041; x_wconf 87' lang='lat' dir='ltr'><strong>vel</strong></span> <span class='ocrx_word' id='word_1_123' title='bbox 609 1977 703 2041; x_wconf 87' lang='lat' dir='ltr'><strong>illata</strong></span> <span class='ocrx_word' id='word_1_124' title='bbox 721 1978 877 2060; x_wconf 85' lang='lat' dir='ltr'><strong>predictis</strong></span> <span class='ocrx_word' id='word_1_125' title='bbox 893 1977 944 2043; x_wconf 93' lang='lat' dir='ltr'><strong>vel</strong></span> <span class='ocrx_word' id='word_1_126' title='bbox 959 1978 1054 2045; x_wconf 89' lang='lat' dir='ltr'><strong>alicui</strong></span> <span class='ocrx_word' id='word_1_127' title='bbox 1071 1981 1295 2064; x_wconf 91' lang='lat' dir='ltr'><strong>predictorum</strong></span> <span class='ocrx_word' id='word_1_128' title='bbox 1315 1977 1485 2043; x_wconf 81' lang='lat' dir='ltr'><strong>occasione</strong></span> <span class='ocrx_word' id='word_1_129' title='bbox 1504 1997 1548 2040; x_wconf 90' lang='lat' dir='ltr'><strong>su·</strong></span> 
     </span>
     <span class='ocr_line' id='line_1_16' title="bbox 420 2084 1545 2172; baseline 0.001 -24"><span class='ocrx_word' id='word_1_130' title='bbox 420 2086 530 2166; x_wconf 90' lang='lat' dir='ltr'><strong>pcrius</strong></span> <span class='ocrx_word' id='word_1_131' title='bbox 547 2085 724 2166; x_wconf 84' lang='lat' dir='ltr'><strong>declarata,</strong></span> <span class='ocrx_word' id='word_1_132' title='bbox 740 2093 844 2152; x_wconf 91' lang='lat' dir='ltr'><strong>totum</strong></span> <span class='ocrx_word' id='word_1_133' title='bbox 870 2088 903 2151; x_wconf 91' lang='lat' dir='ltr'><strong>id</strong></span> <span class='ocrx_word' id='word_1_134' title='bbox 924 2089 1100 2172; x_wconf 87' lang='lat' dir='ltr'><strong>dampnum</strong></span> <span class='ocrx_word' id='word_1_135' title='bbox 1118 2092 1226 2156; x_wconf 89' lang='lat' dir='ltr'><strong>animo</strong></span> <span class='ocrx_word' id='word_1_136' title='bbox 1242 2111 1276 2157; x_wconf 89' lang='lat' dir='ltr'><strong>se</strong></span> <span class='ocrx_word' id='word_1_137' title='bbox 1292 2084 1461 2170; x_wconf 87' lang='lat' dir='ltr'><strong>obligandi</strong></span> <span class='ocrx_word' id='word_1_138' title='bbox 1479 2106 1545 2168; x_wconf 82' lang='lat' dir='ltr'><strong>pro</strong></span> 
     </span>
     <span class='ocr_line' id='line_1_17' title="bbox 420 2192 1544 2281; baseline 0.001 -27"><span class='ocrx_word' id='word_1_139' title='bbox 420 2192 553 2258; x_wconf 89' lang='lat' dir='ltr'><strong>mittunt</strong></span> <span class='ocrx_word' id='word_1_140' title='bbox 570 2195 628 2259; x_wconf 88' lang='lat' dir='ltr'><strong>sub</strong></span> <span class='ocrx_word' id='word_1_141' title='bbox 647 2193 769 2258; x_wconf 89' lang='lat' dir='ltr'><strong>virtute</strong></span> <span class='ocrx_word' id='word_1_142' title='bbox 786 2196 915 2276; x_wconf 88' lang='lat' dir='ltr'><strong>prestiti</strong></span> <span class='ocrx_word' id='word_1_143' title='bbox 927 2196 1106 2278; x_wconf 88' lang='lat' dir='ltr'><strong>juramenti</strong></span> <span class='ocrx_word' id='word_1_144' title='bbox 1120 2200 1248 2281; x_wconf 87' lang='lat' dir='ltr'><strong>integre</strong></span> <span class='ocrx_word' id='word_1_145' title='bbox 1258 2196 1390 2262; x_wconf 87' lang='lat' dir='ltr'><strong>reficere</strong></span> <span class='ocrx_word' id='word_1_146' title='bbox 1407 2201 1442 2259; x_wconf 91' lang='lat' dir='ltr'><strong>et</strong></span> <span class='ocrx_word' id='word_1_147' title='bbox 1456 2192 1544 2257; x_wconf 88' lang='lat' dir='ltr'><strong>resti·</strong></span> 
     </span>
     <span class='ocr_line' id='line_1_18' title="bbox 419 2301 1547 2388; baseline 0.001 -26"><span class='ocrx_word' id='word_1_148' title='bbox 419 2306 520 2381; x_wconf 89' lang='lat' dir='ltr'><strong>tuere,</strong></span> <span class='ocrx_word' id='word_1_149' title='bbox 532 2309 565 2366; x_wconf 91' lang='lat' dir='ltr'><strong>et</strong></span> <span class='ocrx_word' id='word_1_150' title='bbox 576 2325 635 2385; x_wconf 91' lang='lat' dir='ltr'><strong>pro</strong></span> <span class='ocrx_word' id='word_1_151' title='bbox 646 2303 765 2388; x_wconf 85' lang='lat' dir='ltr'><strong>injuria</strong></span> <span class='ocrx_word' id='word_1_152' title='bbox 779 2302 925 2386; x_wconf 86' lang='lat' dir='ltr'><strong>plenarie</strong></span> <span class='ocrx_word' id='word_1_153' title='bbox 936 2313 969 2370; x_wconf 91' lang='lat' dir='ltr'><strong>et</strong></span> <span class='ocrx_word' id='word_1_154' title='bbox 980 2305 1089 2372; x_wconf 89' lang='lat' dir='ltr'><strong>debite</strong></span> <span class='ocrx_word' id='word_1_155' title='bbox 1100 2308 1287 2372; x_wconf 81' lang='lat' dir='ltr'><strong>satisfacere</strong></span> <span class='ocrx_word' id='word_1_156' title='bbox 1300 2328 1340 2370; x_wconf 87' lang='lat' dir='ltr'><strong>ex</strong></span> <span class='ocrx_word' id='word_1_157' title='bbox 1356 2324 1443 2369; x_wconf 91' lang='lat' dir='ltr'><strong>nuno</strong></span> <span class='ocrx_word' id='word_1_158' title='bbox 1453 2301 1547 2365; x_wconf 90' lang='lat' dir='ltr'><strong>nomi·</strong></span> 
     </span>
     <span class='ocr_line' id='line_1_19' title="bbox 420 2410 1546 2498; baseline 0.001 -27"><span class='ocrx_word' id='word_1_159' title='bbox 420 2410 506 2471; x_wconf 85' lang='lat' dir='ltr'><strong>natis</strong></span> <span class='ocrx_word' id='word_1_160' title='bbox 517 2411 599 2475; x_wconf 90' lang='lat' dir='ltr'><strong>talia</strong></span> <span class='ocrx_word' id='word_1_161' title='bbox 610 2413 725 2494; x_wconf 88' lang='lat' dir='ltr'><strong>passis.</strong></span> <span class='ocrx_word' id='word_1_162' title='bbox 737 2411 974 2476; x_wconf 89' lang='lat' dir='ltr'><strong>Promittentes</strong></span> <span class='ocrx_word' id='word_1_163' title='bbox 985 2435 1094 2479; x_wconf 84' lang='lat' dir='ltr'><strong>ornnes</strong></span> <span class='ocrx_word' id='word_1_164' title='bbox 1105 2421 1138 2478; x_wconf 93' lang='lat' dir='ltr'><strong>et</strong></span> <span class='ocrx_word' id='word_1_165' title='bbox 1148 2415 1268 2498; x_wconf 88' lang='lat' dir='ltr'><strong>singuli</strong></span> <span class='ocrx_word' id='word_1_166' title='bbox 1280 2411 1472 2497; x_wconf 86' lang='lat' dir='ltr'><strong>supradicti,</strong></span> <span class='ocrx_word' id='word_1_167' title='bbox 1481 2429 1546 2492; x_wconf 84' lang='lat' dir='ltr'><strong>pre·</strong></span> 
     </span>
     <span class='ocr_line' id='line_1_20' title="bbox 421 2517 1549 2602; baseline 0.004 -24"><span class='ocrx_word' id='word_1_168' title='bbox 421 2517 543 2599; x_wconf 86' lang='lat' dir='ltr'><strong>scripta</strong></span> <span class='ocrx_word' id='word_1_169' title='bbox 559 2521 666 2584; x_wconf 85' lang='lat' dir='ltr'><strong>onrrria</strong></span> <span class='ocrx_word' id='word_1_170' title='bbox 685 2528 717 2585; x_wconf 92' lang='lat' dir='ltr'><strong>et</strong></span> <span class='ocrx_word' id='word_1_171' title='bbox 734 2519 861 2601; x_wconf 90' lang='lat' dir='ltr'><strong>singula</strong></span> <span class='ocrx_word' id='word_1_172' title='bbox 886 2519 1059 2586; x_wconf 87' lang='lat' dir='ltr'><strong>observare</strong></span> <span class='ocrx_word' id='word_1_173' title='bbox 1076 2529 1109 2587; x_wconf 88' lang='lat' dir='ltr'><strong>et</strong></span> <span class='ocrx_word' id='word_1_174' title='bbox 1125 2523 1340 2588; x_wconf 86' lang='lat' dir='ltr'><strong>effectualiter</strong></span> <span class='ocrx_word' id='word_1_175' title='bbox 1360 2519 1549 2602; x_wconf 86' lang='lat' dir='ltr'><strong>adimplere.</strong></span> 
     </span>
     <span class='ocr_line' id='line_1_21' title="bbox 419 2625 1546 2713; baseline 0.001 -23"><span class='ocrx_word' id='word_1_176' title='bbox 419 2631 450 2690; x_wconf 88' lang='lat' dir='ltr'><strong>et</strong></span> <span class='ocrx_word' id='word_1_177' title='bbox 467 2625 499 2688; x_wconf 89' lang='lat' dir='ltr'><strong>in</strong></span> <span class='ocrx_word' id='word_1_178' title='bbox 517 2626 606 2690; x_wconf 91' lang='lat' dir='ltr'><strong>nullo</strong></span> <span class='ocrx_word' id='word_1_179' title='bbox 633 2626 857 2692; x_wconf 86' lang='lat' dir='ltr'><strong>contrafacere</strong></span> <span class='ocrx_word' id='word_1_180' title='bbox 883 2627 930 2692; x_wconf 92' lang='lat' dir='ltr'><strong>vel</strong></span> <span class='ocrx_word' id='word_1_181' title='bbox 957 2631 1181 2695; x_wconf 87' lang='lat' dir='ltr'><strong>contravenire</strong></span> <span class='ocrx_word' id='word_1_182' title='bbox 1196 2631 1307 2713; x_wconf 84' lang='lat' dir='ltr'><strong>aliquo</strong></span> <span class='ocrx_word' id='word_1_183' title='bbox 1323 2629 1421 2695; x_wconf 89' lang='lat' dir='ltr'><strong>modo</strong></span> <span class='ocrx_word' id='word_1_184' title='bbox 1439 2628 1488 2692; x_wconf 80' lang='lat' dir='ltr'><strong>sel</strong></span> <span class='ocrx_word' id='word_1_185' title='bbox 1505 2628 1546 2692; x_wconf 88' lang='lat' dir='ltr'><strong>iu·</strong></span> 
     </span>
     <span class='ocr_line' id='line_1_22' title="bbox 418 2734 1549 2818; baseline 0.002 -21"><span class='ocrx_word' id='word_1_186' title='bbox 418 2736 521 2816; x_wconf 89' lang='lat' dir='ltr'><strong>genio,</strong></span> <span class='ocrx_word' id='word_1_187' title='bbox 538 2734 597 2799; x_wconf 90' lang='lat' dir='ltr'><strong>sub</strong></span> <span class='ocrx_word' id='word_1_188' title='bbox 615 2757 698 2818; x_wconf 88' lang='lat' dir='ltr'><strong>pena</strong></span> <span class='ocrx_word' id='word_1_189' title='bbox 723 2736 860 2818; x_wconf 91' lang='lat' dir='ltr'><strong>perjurii</strong></span> <span class='ocrx_word' id='word_1_190' title='bbox 876 2743 909 2800; x_wconf 90' lang='lat' dir='ltr'><strong>et</strong></span> <span class='ocrx_word' id='word_1_191' title='bbox 925 2745 1053 2801; x_wconf 89' lang='lat' dir='ltr'><strong>centum</strong></span> <span class='ocrx_word' id='word_1_192' title='bbox 1079 2738 1169 2804; x_wconf 87' lang='lat' dir='ltr'><strong>milia</strong></span> <span class='ocrx_word' id='word_1_193' title='bbox 1194 2739 1387 2804; x_wconf 78' lang='lat' dir='ltr'><strong>(locatorum</strong></span> <span class='ocrx_word' id='word_1_194' title='bbox 1404 2738 1489 2816; x_wconf 87' lang='lat' dir='ltr'><strong>auri,</strong></span> <span class='ocrx_word' id='word_1_195' title='bbox 1505 2755 1549 2800; x_wconf 84' lang='lat' dir='ltr'><strong>so</strong></span> 
     </span>
     <span class='ocr_line' id='line_1_23' title="bbox 417 2842 1547 2930; baseline 0 -25"><span class='ocrx_word' id='word_1_196' title='bbox 417 2842 608 2925; x_wconf 87' lang='lat' dir='ltr'><strong>lempnitate</strong></span> <span class='ocrx_word' id='word_1_197' title='bbox 632 2845 714 2928; x_wconf 86' lang='lat' dir='ltr'><strong>juris</strong></span> <span class='ocrx_word' id='word_1_198' title='bbox 741 2843 926 2926; x_wconf 90' lang='lat' dir='ltr'><strong>stipulando</strong></span> <span class='ocrx_word' id='word_1_199' title='bbox 952 2845 1119 2927; x_wconf 88' lang='lat' dir='ltr'><strong>promissa</strong></span> <span class='ocrx_word' id='word_1_200' title='bbox 1145 2845 1301 2930; x_wconf 84' lang='lat' dir='ltr'><strong>Proque</strong></span> <span class='ocrx_word' id='word_1_201' title='bbox 1327 2867 1414 2929; x_wconf 89' lang='lat' dir='ltr'><strong>pena</strong></span> <span class='ocrx_word' id='word_1_202' title='bbox 1430 2851 1463 2910; x_wconf 90' lang='lat' dir='ltr'><strong>et</strong></span> <span class='ocrx_word' id='word_1_203' title='bbox 1478 2843 1547 2908; x_wconf 85' lang='lat' dir='ltr'><strong>aliis</strong></span> 
     </span>
     <span class='ocr_line' id='line_1_24' title="bbox 417 2951 1548 3037; baseline 0.001 -25"><span class='ocrx_word' id='word_1_204' title='bbox 417 2952 684 3032; x_wconf 85' lang='lat' dir='ltr'><strong>promissionibus</strong></span> <span class='ocrx_word' id='word_1_205' title='bbox 700 2957 733 3014; x_wconf 92' lang='lat' dir='ltr'><strong>et</strong></span> <span class='ocrx_word' id='word_1_206' title='bbox 749 2951 1004 3034; x_wconf 83' lang='lat' dir='ltr'><strong>obligationibus</strong></span> <span class='ocrx_word' id='word_1_207' title='bbox 1020 2954 1185 3035; x_wconf 85' lang='lat' dir='ltr'><strong>predictis,</strong></span> <span class='ocrx_word' id='word_1_208' title='bbox 1194 2956 1333 3019; x_wconf 85' lang='lat' dir='ltr'><strong>scienter</strong></span> <span class='ocrx_word' id='word_1_209' title='bbox 1349 2961 1382 3019; x_wconf 89' lang='lat' dir='ltr'><strong>et</strong></span> <span class='ocrx_word' id='word_1_210' title='bbox 1398 2971 1548 3037; x_wconf 83' lang='lat' dir='ltr'><strong>expresse</strong></span> 
     </span>
     <span class='ocr_line' id='line_1_25' title="bbox 416 3057 1549 3145; baseline 0.003 -24"><span class='ocrx_word' id='word_1_211' title='bbox 416 3057 585 3124; x_wconf 88' lang='lat' dir='ltr'><strong>voluerunt</strong></span> <span class='ocrx_word' id='word_1_212' title='bbox 602 3059 746 3142; x_wconf 88' lang='lat' dir='ltr'><strong>possein</strong></span> <span class='ocrx_word' id='word_1_213' title='bbox 764 3059 959 3141; x_wconf 87' lang='lat' dir='ltr'><strong>supradictis</strong></span> <span class='ocrx_word' id='word_1_214' title='bbox 986 3058 1095 3124; x_wconf 85' lang='lat' dir='ltr'><strong>Onriis</strong></span> <span class='ocrx_word' id='word_1_215' title='bbox 1113 3062 1161 3126; x_wconf 91' lang='lat' dir='ltr'><strong>vel</strong></span> <span class='ocrx_word' id='word_1_216' title='bbox 1177 3084 1288 3127; x_wconf 87' lang='lat' dir='ltr'><strong>earnnr</strong></span> <span class='ocrx_word' id='word_1_217' title='bbox 1315 3061 1424 3128; x_wconf 87' lang='lat' dir='ltr'><strong>altera</strong></span> <span class='ocrx_word' id='word_1_218' title='bbox 1442 3061 1549 3145; x_wconf 77' lang='lat' dir='ltr'><strong>plena</strong></span> 
     </span>
     <span class='ocr_line' id='line_1_26' title="bbox 416 3166 1546 3254; baseline 0.006 -27"><span class='ocrx_word' id='word_1_219' title='bbox 416 3167 464 3229; x_wconf 92' lang='lat' dir='ltr'><strong>rie</strong></span> <span class='ocrx_word' id='word_1_220' title='bbox 490 3167 654 3231; x_wconf 88' lang='lat' dir='ltr'><strong>conveniri</strong></span> <span class='ocrx_word' id='word_1_221' title='bbox 679 3187 738 3249; x_wconf 92' lang='lat' dir='ltr'><strong>pro</strong></span> <span class='ocrx_word' id='word_1_222' title='bbox 765 3166 992 3232; x_wconf 87' lang='lat' dir='ltr'><strong>observatione</strong></span> <span class='ocrx_word' id='word_1_223' title='bbox 1017 3171 1157 3234; x_wconf 89' lang='lat' dir='ltr'><strong>omnium</strong></span> <span class='ocrx_word' id='word_1_224' title='bbox 1190 3171 1412 3254; x_wconf 87' lang='lat' dir='ltr'><strong>predictorum</strong></span> <span class='ocrx_word' id='word_1_225' title='bbox 1439 3189 1546 3234; x_wconf 86' lang='lat' dir='ltr'><strong>coram</strong></span> 
     </span>
     <span class='ocr_line' id='line_1_27' title="bbox 418 3271 1548 3362; baseline 0.002 -26"><span class='ocrx_word' id='word_1_226' title='bbox 418 3271 551 3337; x_wconf 84' lang='lat' dir='ltr'><strong>Snnrnro</strong></span> <span class='ocrx_word' id='word_1_227' title='bbox 570 3273 738 3353; x_wconf 89' lang='lat' dir='ltr'><strong>Pontifioe,</strong></span> <span class='ocrx_word' id='word_1_228' title='bbox 764 3273 979 3357; x_wconf 87' lang='lat' dir='ltr'><strong>Imperatore,</strong></span> <span class='ocrx_word' id='word_1_229' title='bbox 1004 3275 1104 3360; x_wconf 87' lang='lat' dir='ltr'><strong>Rege,</strong></span> <span class='ocrx_word' id='word_1_230' title='bbox 1121 3277 1251 3362; x_wconf 88' lang='lat' dir='ltr'><strong>Regina</strong></span> <span class='ocrx_word' id='word_1_231' title='bbox 1267 3279 1317 3342; x_wconf 89' lang='lat' dir='ltr'><strong>vel</strong></span> <span class='ocrx_word' id='word_1_232' title='bbox 1333 3279 1486 3362; x_wconf 85' lang='lat' dir='ltr'><strong>Reginis,</strong></span> <span class='ocrx_word' id='word_1_233' title='bbox 1502 3275 1548 3340; x_wconf 83' lang='lat' dir='ltr'><strong>vel</strong></span> 
     </span>
     <span class='ocr_line' id='line_1_28' title="bbox 416 3379 1547 3464; baseline 0.006 -20"><span class='ocrx_word' id='word_1_234' title='bbox 416 3402 527 3445; x_wconf 87' lang='lat' dir='ltr'><strong>eornnr</strong></span> <span class='ocrx_word' id='word_1_235' title='bbox 545 3379 654 3446; x_wconf 83' lang='lat' dir='ltr'><strong>Curiis</strong></span> <span class='ocrx_word' id='word_1_236' title='bbox 671 3390 703 3447; x_wconf 89' lang='lat' dir='ltr'><strong>et</strong></span> <span class='ocrx_word' id='word_1_237' title='bbox 719 3383 949 3464; x_wconf 70' lang='lat' dir='ltr'><strong>Auditoribus</strong></span> <span class='ocrx_word' id='word_1_238' title='bbox 965 3405 1003 3449; x_wconf 90' lang='lat' dir='ltr'><strong>ac</strong></span> <span class='ocrx_word' id='word_1_239' title='bbox 1017 3385 1118 3450; x_wconf 88' lang='lat' dir='ltr'><strong>eciam</strong></span> <span class='ocrx_word' id='word_1_240' title='bbox 1135 3387 1169 3450; x_wconf 91' lang='lat' dir='ltr'><strong>in</strong></span> <span class='ocrx_word' id='word_1_241' title='bbox 1186 3386 1386 3452; x_wconf 79' lang='lat' dir='ltr'><strong>Ciuitatibus</strong></span> <span class='ocrx_word' id='word_1_242' title='bbox 1396 3385 1547 3452; x_wconf 82' lang='lat' dir='ltr'><strong>Venetis.</strong></span> 
     </span>
     <span class='ocr_line' id='line_1_29' title="bbox 416 3486 1547 3577; baseline 0.002 -23"><span class='ocrx_word' id='word_1_243' title='bbox 416 3486 594 3570; x_wconf 83' lang='lat' dir='ltr'><strong>Florentia,</strong></span> <span class='ocrx_word' id='word_1_244' title='bbox 623 3491 777 3573; x_wconf 84' lang='lat' dir='ltr'><strong>Bononio,</strong></span> <span class='ocrx_word' id='word_1_245' title='bbox 804 3497 836 3556; x_wconf 88' lang='lat' dir='ltr'><strong>et</strong></span> <span class='ocrx_word' id='word_1_246' title='bbox 862 3493 894 3556; x_wconf 88' lang='lat' dir='ltr'><strong>in</strong></span> <span class='ocrx_word' id='word_1_247' title='bbox 923 3513 1115 3577; x_wconf 86' lang='lat' dir='ltr'><strong>quacunque</strong></span> <span class='ocrx_word' id='word_1_248' title='bbox 1142 3495 1208 3560; x_wconf 88' lang='lat' dir='ltr'><strong>alia</strong></span> <span class='ocrx_word' id='word_1_249' title='bbox 1225 3493 1371 3560; x_wconf 83' lang='lat' dir='ltr'><strong>Ciuitate</strong></span> <span class='ocrx_word' id='word_1_250' title='bbox 1387 3495 1440 3559; x_wconf 90' lang='lat' dir='ltr'><strong>vel</strong></span> <span class='ocrx_word' id='word_1_251' title='bbox 1457 3493 1547 3567; x_wconf 84' lang='lat' dir='ltr'><strong>looo;</strong></span> 
     </span>
     <span class='ocr_line' id='line_1_30' title="bbox 416 3597 1548 3686; baseline 0.004 -27"><span class='ocrx_word' id='word_1_252' title='bbox 416 3618 541 3674; x_wconf 84' lang='lat' dir='ltr'><strong>exnunc</strong></span> <span class='ocrx_word' id='word_1_253' title='bbox 557 3597 715 3679; x_wconf 84' lang='lat' dir='ltr'><strong>eligentes</strong></span> <span class='ocrx_word' id='word_1_254' title='bbox 733 3599 823 3664; x_wconf 88' lang='lat' dir='ltr'><strong>illurn</strong></span> <span class='ocrx_word' id='word_1_255' title='bbox 848 3601 954 3665; x_wconf 89' lang='lat' dir='ltr'><strong>locum</strong></span> <span class='ocrx_word' id='word_1_256' title='bbox 971 3607 1004 3665; x_wconf 88' lang='lat' dir='ltr'><strong>et</strong></span> <span class='ocrx_word' id='word_1_257' title='bbox 1018 3602 1161 3685; x_wconf 90' lang='lat' dir='ltr'><strong>jndicem</strong></span> <span class='ocrx_word' id='word_1_258' title='bbox 1178 3625 1234 3670; x_wconf 92' lang='lat' dir='ltr'><strong>seu</strong></span> <span class='ocrx_word' id='word_1_259' title='bbox 1247 3601 1373 3686; x_wconf 87' lang='lat' dir='ltr'><strong>judices</strong></span> <span class='ocrx_word' id='word_1_260' title='bbox 1389 3623 1461 3666; x_wconf 87' lang='lat' dir='ltr'><strong>esse</strong></span> <span class='ocrx_word' id='word_1_261' title='bbox 1479 3620 1548 3684; x_wconf 82' lang='lat' dir='ltr'><strong>pro</strong></span> 
     </span>
     <span class='ocr_line' id='line_1_31' title="bbox 415 3705 1547 3793; baseline 0.003 -27"><span class='ocrx_word' id='word_1_262' title='bbox 415 3706 512 3786; x_wconf 87' lang='lat' dir='ltr'><strong>prios,</strong></span> <span class='ocrx_word' id='word_1_263' title='bbox 539 3705 598 3770; x_wconf 92' lang='lat' dir='ltr'><strong>sub</strong></span> <span class='ocrx_word' id='word_1_264' title='bbox 625 3706 742 3783; x_wconf 82' lang='lat' dir='ltr'><strong>ouibus</strong></span> <span class='ocrx_word' id='word_1_265' title='bbox 768 3715 800 3771; x_wconf 89' lang='lat' dir='ltr'><strong>et</strong></span> <span class='ocrx_word' id='word_1_266' title='bbox 825 3729 934 3772; x_wconf 89' lang='lat' dir='ltr'><strong>coram</strong></span> <span class='ocrx_word' id='word_1_267' title='bbox 961 3708 1079 3791; x_wconf 88' lang='lat' dir='ltr'><strong>quibus</strong></span> <span class='ocrx_word' id='word_1_268' title='bbox 1105 3713 1370 3792; x_wconf 70' lang='lat' dir='ltr'><strong>convenirentur,</strong></span> <span class='ocrx_word' id='word_1_269' title='bbox 1396 3732 1458 3793; x_wconf 92' lang='lat' dir='ltr'><strong>pro</strong></span> <span class='ocrx_word' id='word_1_270' title='bbox 1489 3708 1547 3772; x_wconf 86' lang='lat' dir='ltr'><strong>hiis</strong></span> 
     </span>
     <span class='ocr_line' id='line_1_32' title="bbox 415 3811 1543 3897; baseline 0.004 -23"><span class='ocrx_word' id='word_1_271' title='bbox 415 3811 600 3894; x_wconf 83' lang='lat' dir='ltr'><strong>specialiter</strong></span> <span class='ocrx_word' id='word_1_272' title='bbox 618 3821 650 3876; x_wconf 91' lang='lat' dir='ltr'><strong>et</strong></span> <span class='ocrx_word' id='word_1_273' title='bbox 667 3835 817 3897; x_wconf 88' lang='lat' dir='ltr'><strong>expresse</strong></span> <span class='ocrx_word' id='word_1_274' title='bbox 833 3817 1065 3881; x_wconf 90' lang='lat' dir='ltr'><strong>renunciantes</strong></span> <span class='ocrx_word' id='word_1_275' title='bbox 1087 3817 1242 3884; x_wconf 86' lang='lat' dir='ltr'><strong>beneficio</strong></span> <span class='ocrx_word' id='word_1_276' title='bbox 1260 3817 1324 3882; x_wconf 84' lang='lat' dir='ltr'><strong>lori</strong></span> <span class='ocrx_word' id='word_1_277' title='bbox 1340 3839 1379 3883; x_wconf 85' lang='lat' dir='ltr'><strong>ao</strong></span> <span class='ocrx_word' id='word_1_278' title='bbox 1395 3815 1543 3884; x_wconf 87' lang='lat' dir='ltr'><strong>omnibus</strong></span> 
     </span>
     <span class='ocr_line' id='line_1_33' title="bbox 413 3920 1545 4010; baseline 0.004 -26"><span class='ocrx_word' id='word_1_279' title='bbox 413 3920 566 4005; x_wconf 64' lang='lat' dir='ltr'><strong>Legibus</strong></span> <span class='ocrx_word' id='word_1_280' title='bbox 577 3921 728 3986; x_wconf 87' lang='lat' dir='ltr'><strong>Decretis</strong></span> <span class='ocrx_word' id='word_1_281' title='bbox 739 3921 911 3988; x_wconf 85' lang='lat' dir='ltr'><strong>Canonicis</strong></span> <span class='ocrx_word' id='word_1_282' title='bbox 923 3929 957 3988; x_wconf 91' lang='lat' dir='ltr'><strong>et</strong></span> <span class='ocrx_word' id='word_1_283' title='bbox 968 3921 1134 4004; x_wconf 84' lang='lat' dir='ltr'><strong>Civilibus,</strong></span> <span class='ocrx_word' id='word_1_284' title='bbox 1152 3925 1300 4010; x_wconf 85' lang='lat' dir='ltr'><strong>Statutis,</strong></span> <span class='ocrx_word' id='word_1_285' title='bbox 1318 3922 1545 3994; x_wconf 88' lang='lat' dir='ltr'><strong>Ordinationi·</strong></span> 
     </span>
     <span class='ocr_line' id='line_1_34' title="bbox 414 4028 1543 4121; baseline 0.005 -29"><span class='ocrx_word' id='word_1_286' title='bbox 414 4028 484 4110; x_wconf 81' lang='lat' dir='ltr'><strong>bus,</strong></span> <span class='ocrx_word' id='word_1_287' title='bbox 502 4029 696 4113; x_wconf 76' lang='lat' dir='ltr'><strong>PrivilegiiS,</strong></span> <span class='ocrx_word' id='word_1_288' title='bbox 713 4032 974 4097; x_wconf 87' lang='lat' dir='ltr'><strong>immunitatibus</strong></span> <span class='ocrx_word' id='word_1_289' title='bbox 985 4041 1015 4098; x_wconf 89' lang='lat' dir='ltr'><strong>et</strong></span> <span class='ocrx_word' id='word_1_290' title='bbox 1027 4035 1100 4099; x_wconf 89' lang='lat' dir='ltr'><strong>aliis</strong></span> <span class='ocrx_word' id='word_1_291' title='bbox 1111 4037 1357 4121; x_wconf 89' lang='lat' dir='ltr'><strong>quibuscunque</strong></span> <span class='ocrx_word' id='word_1_292' title='bbox 1370 4029 1543 4104; x_wconf 76' lang='lat' dir='ltr'><strong>favoribus</strong></span> 
     </span>
     <span class='ocr_line' id='line_1_35' title="bbox 416 4137 1543 4230; baseline 0.006 -29"><span class='ocrx_word' id='word_1_293' title='bbox 416 4137 534 4217; x_wconf 88' lang='lat' dir='ltr'><strong>quibus</strong></span> <span class='ocrx_word' id='word_1_294' title='bbox 550 4145 665 4202; x_wconf 89' lang='lat' dir='ltr'><strong>contra</strong></span> <span class='ocrx_word' id='word_1_295' title='bbox 691 4141 839 4221; x_wconf 90' lang='lat' dir='ltr'><strong>predicta</strong></span> <span class='ocrx_word' id='word_1_296' title='bbox 865 4142 913 4206; x_wconf 87' lang='lat' dir='ltr'><strong>uti</strong></span> <span class='ocrx_word' id='word_1_297' title='bbox 938 4149 1080 4224; x_wconf 89' lang='lat' dir='ltr'><strong>possent,</strong></span> <span class='ocrx_word' id='word_1_298' title='bbox 1097 4144 1228 4209; x_wconf 87' lang='lat' dir='ltr'><strong>eoianrsi</strong></span> <span class='ocrx_word' id='word_1_299' title='bbox 1254 4153 1422 4230; x_wconf 84' lang='lat' dir='ltr'><strong>oporteret</strong></span> <span class='ocrx_word' id='word_1_300' title='bbox 1444 4147 1486 4212; x_wconf 88' lang='lat' dir='ltr'><strong>de</strong></span> <span class='ocrx_word' id='word_1_301' title='bbox 1503 4149 1543 4210; x_wconf 83' lang='lat' dir='ltr'><strong>eis</strong></span> 
     </span>
     <span class='ocr_line' id='line_1_36' title="bbox 416 4246 1543 4336; baseline 0.008 -28"><span class='ocrx_word' id='word_1_302' title='bbox 416 4247 467 4310; x_wconf 86' lang='lat' dir='ltr'><strong>vel</strong></span> <span class='ocrx_word' id='word_1_303' title='bbox 485 4246 705 4329; x_wconf 87' lang='lat' dir='ltr'><strong>predictorum</strong></span> <span class='ocrx_word' id='word_1_304' title='bbox 723 4249 834 4330; x_wconf 92' lang='lat' dir='ltr'><strong>aliquo</strong></span> <span class='ocrx_word' id='word_1_305' title='bbox 851 4251 1024 4332; x_wconf 86' lang='lat' dir='ltr'><strong>specialem</strong></span> <span class='ocrx_word' id='word_1_306' title='bbox 1041 4258 1073 4316; x_wconf 91' lang='lat' dir='ltr'><strong>et</strong></span> <span class='ocrx_word' id='word_1_307' title='bbox 1089 4272 1273 4336; x_wconf 85' lang='lat' dir='ltr'><strong>expressam</strong></span> <span class='ocrx_word' id='word_1_308' title='bbox 1289 4254 1398 4320; x_wconf 85' lang='lat' dir='ltr'><strong>lacere</strong></span> <span class='ocrx_word' id='word_1_309' title='bbox 1414 4257 1543 4321; x_wconf 81' lang='lat' dir='ltr'><strong>mentio</strong></span> 
     </span>
     <span class='ocr_line' id='line_1_37' title="bbox 414 4356 1542 4448; baseline 0.009 -32"><span class='ocrx_word' id='word_1_310' title='bbox 414 4374 496 4417; x_wconf 87' lang='lat' dir='ltr'><strong>nem.</strong></span> <span class='ocrx_word' id='word_1_311' title='bbox 513 4356 559 4419; x_wconf 87' lang='lat' dir='ltr'><strong>Et</strong></span> <span class='ocrx_word' id='word_1_312' title='bbox 577 4357 653 4437; x_wconf 90' lang='lat' dir='ltr'><strong>quia</strong></span> <span class='ocrx_word' id='word_1_313' title='bbox 670 4359 817 4440; x_wconf 86' lang='lat' dir='ltr'><strong>superius</strong></span> <span class='ocrx_word' id='word_1_314' title='bbox 834 4363 884 4422; x_wconf 89' lang='lat' dir='ltr'><strong>est</strong></span> <span class='ocrx_word' id='word_1_315' title='bbox 903 4378 1098 4441; x_wconf 85' lang='lat' dir='ltr'><strong>expressum,</strong></span> <span class='ocrx_word' id='word_1_316' title='bbox 1116 4362 1203 4442; x_wconf 88' lang='lat' dir='ltr'><strong>quod</strong></span> <span class='ocrx_word' id='word_1_317' title='bbox 1220 4362 1370 4429; x_wconf 87' lang='lat' dir='ltr'><strong>dominus</strong></span> <span class='ocrx_word' id='word_1_318' title='bbox 1387 4362 1542 4448; x_wconf 72' lang='lat' dir='ltr'><strong>Aluysius</strong></span> 
     </span>
     <span class='ocr_line' id='line_1_38' title="bbox 415 4459 1541 4556; baseline 0.01 -34"><span class='ocrx_word' id='word_1_319' title='bbox 415 4465 447 4523; x_wconf 89' lang='lat' dir='ltr'><strong>ot</strong></span> <span class='ocrx_word' id='word_1_320' title='bbox 463 4459 611 4526; x_wconf 88' lang='lat' dir='ltr'><strong>dominus</strong></span> <span class='ocrx_word' id='word_1_321' title='bbox 628 4463 802 4529; x_wconf 82' lang='lat' dir='ltr'><strong>Cellardus</strong></span> <span class='ocrx_word' id='word_1_322' title='bbox 830 4465 970 4532; x_wconf 89' lang='lat' dir='ltr'><strong>debeant</strong></span> <span class='ocrx_word' id='word_1_323' title='bbox 987 4473 1019 4531; x_wconf 88' lang='lat' dir='ltr'><strong>et</strong></span> <span class='ocrx_word' id='word_1_324' title='bbox 1034 4475 1209 4535; x_wconf 88' lang='lat' dir='ltr'><strong>teneantur</strong></span> <span class='ocrx_word' id='word_1_325' title='bbox 1225 4479 1395 4554; x_wconf 84' lang='lat' dir='ltr'><strong>reportare</strong></span> <span class='ocrx_word' id='word_1_326' title='bbox 1412 4471 1541 4556; x_wconf 86' lang='lat' dir='ltr'><strong>promis·</strong></span> 
     </span>
     <span class='ocr_line' id='line_1_39' title="bbox 415 4567 1540 4662; baseline 0.012 -34"><span class='ocrx_word' id='word_1_327' title='bbox 415 4567 536 4632; x_wconf 89' lang='lat' dir='ltr'><strong>sionem</strong></span> <span class='ocrx_word' id='word_1_328' title='bbox 548 4571 607 4634; x_wconf 87' lang='lat' dir='ltr'><strong>sub</strong></span> <span class='ocrx_word' id='word_1_329' title='bbox 619 4572 716 4636; x_wconf 89' lang='lat' dir='ltr'><strong>verbo</strong></span> <span class='ocrx_word' id='word_1_330' title='bbox 728 4573 845 4654; x_wconf 86' lang='lat' dir='ltr'><strong>Regali</strong></span> <span class='ocrx_word' id='word_1_331' title='bbox 858 4576 899 4638; x_wconf 90' lang='lat' dir='ltr'><strong>ab</strong></span> <span class='ocrx_word' id='word_1_332' title='bbox 911 4574 1211 4643; x_wconf 85' lang='lat' dir='ltr'><strong>Arnbaxiatcribus.</strong></span> <span class='ocrx_word' id='word_1_333' title='bbox 1223 4577 1431 4646; x_wconf 85' lang='lat' dir='ltr'><strong>Serenissimi</strong></span> <span class='ocrx_word' id='word_1_334' title='bbox 1442 4577 1540 4662; x_wconf 77' lang='lat' dir='ltr'><strong>Regis</strong></span> 
     </span>
    </p>
   </div>
   <div class='ocr_carea' id='block_1_3' title="bbox 0 0 1596 5252">
    <p class='ocr_par' dir='ltr' id='par_1_3' title="bbox 0 0 1596 5252">
     <span class='ocr_line' id='line_1_40' title="bbox 0 0 1596 5252; baseline 0 2"><span class='ocrx_word' id='word_1_335' title='bbox 0 0 1596 5252; x_wconf 95' lang='lat' dir='ltr'><strong> </strong></span> 
     </span>
    </p>
   </div>
  </div>
 </body>
</html>
