3172 5254
363 309 424 382 lle
713 335 948 382 nrrnonncznr
965 311 1133 384 auribnus.

358 497 432 560 liter
449 496 482 560 in
497 495 712 578 beneplacitis
737 495 849 579 Regiis
876 520 933 560 rios
960 494 1088 579 habere,
1115 498 1204 579 quod
1221 495 1347 561 etfacit
1365 495 1489 559 Tbroni

356 603 457 667 vestri
476 603 613 684 culmen,
639 623 700 668 nos
725 604 810 668 inter
835 604 971 668 deuotus
987 609 1019 667 et
1037 603 1313 686 singularissimos
1333 603 1418 668 filios
1435 624 1490 666 nu-

357 711 503 777 merebit

464 819 562 886 Circa
585 819 708 885 sactum
734 827 842 886 antem
866 819 940 902 lige,
966 840 1063 903 quarn
1090 815 1349 902 Circumspectis
1381 818 1487 901 Regia
1575 855 1582 860 -

357 927 465 1009 quoad
492 949 625 1011 presens
651 929 758 1011 posuit
784 929 814 992 in
843 949 1015 1011 suspenso,
1041 947 1102 1011 que
1129 928 1250 1008 scripta
1276 934 1360 1006 sunt,
1378 934 1490 1010 etque

355 1035 439 1101 idem
468 1033 581 1100 Simon
607 1036 677 1102 siue
702 1036 788 1100 vocis
814 1035 949 1099 oraculo
968 1036 1140 1116 suggessit,
1165 1034 1358 1098 audiuimus.
1386 1032 1490 1117 Super

354 1143 471 1226 quibus
497 1145 741 1226 responsionem
768 1144 867 1207 aliam
894 1142 1012 1208 Vestre
1040 1139 1254 1206 Celsitudinis
1269 1141 1490 1208 morabamur.

353 1252 397 1316 Et
415 1252 579 1332 quoniam,
606 1251 693 1335 quod
718 1251 859 1315 libenter
886 1249 1080 1332 audiuimus,
1103 1249 1226 1316 Vestra
1241 1250 1438 1333 Benignitas
1456 1272 1489 1316 se

353 1359 386 1422 in
413 1366 559 1425 tractatu
586 1361 677 1442 pacis
703 1361 788 1424 inter
813 1359 1004 1440 Ecclesiam,
1030 1379 1089 1423 nos
1108 1366 1139 1424 et
1156 1357 1329 1440 colligatos
1359 1365 1489 1423 nostros

356 1469 605 1533 intercessuram
632 1465 810 1532 efficaciter
836 1464 1008 1550 profitetur
1025 1473 1057 1529 et
1074 1464 1185 1546 offert,
1209 1473 1239 1528 et
1258 1465 1345 1548 quod
1361 1489 1420 1530 nos
1435 1465 1489 1532 de·

354 1575 488 1641 beamus
515 1575 669 1642 Vestram
697 1574 911 1640 Serenitatem
938 1575 1073 1640 reddere
1100 1575 1281 1656 certiorem,
1298 1595 1363 1658 quo
1379 1583 1488 1657 pacto,

358 1686 546 1767 intentione,
564 1685 670 1766 modo,
694 1707 792 1750 ceusu
818 1692 875 1748 aut
901 1685 1032 1748 seruitio
1060 1681 1222 1748 Ciuitates
1238 1683 1398 1748 rebellata
1415 1705 1488 1749 cum

354 1794 484 1859 domino
503 1794 597 1877 Papa
613 1800 647 1859 et
662 1792 811 1858 Ecclesia
837 1793 937 1857 relint
962 1799 1050 1857 stare
1067 1817 1073 1854 :
1092 1793 1241 1874 quamuis
1267 1793 1370 1856 nostri
1389 1793 1487 1856 fuerit

356 1923 483 1986 semper
499 1900 661 1986 propositi
677 1901 794 1986 dignas
811 1899 1011 1965 conditiones
1028 1901 1118 1982 pacis
1129 1900 1291 1982 amplecti,
1302 1905 1335 1964 et
1346 1902 1487 1965 maxime

353 2029 412 2092 per
437 2031 551 2075 manus
578 2017 611 2076 et
636 2007 778 2074 medium
805 2007 926 2074 Vestre
948 2008 1182 2091 ,benignissime
1209 2007 1408 2090 Maiestatis,
1428 2029 1488 2092 per

354 2138 452 2199 quam
479 2138 685 2203 speraremus
710 2139 823 2201 pacem
849 2123 965 2200 tutam,
986 2117 1156 2182 honestam
1173 2122 1206 2180 et
1223 2137 1342 2198 veram,
1357 2125 1389 2180 et
1405 2119 1489 2182 cari-

352 2231 459 2290 turam
486 2225 612 2289 insidiis
639 2224 1123 2306 invenir03tamenhucusq11e
1150 2221 1335 2288 distulimus
1355 2244 1488 2307 respou-

353 2330 437 2397 dere.
465 2330 553 2415 Quia
570 2333 655 2397 circa
671 2331 758 2397 hauc
783 2331 954 2398 concordie
979 2332 1152 2396 nisteriam
1167 2331 1199 2394 in
1218 2329 1365 2396 Romana
1383 2330 1488 2396 Curia

353 2447 483 2504 nostros
501 2440 660 2507 Oratores
686 2441 729 2505 ud
746 2440 1006 2505 intercessionem
1024 2438 1238 2522 plurimorum
1255 2439 1412 2504 nobilium
1431 2439 1488 2504 ha-

352 2547 526 2626 bebamus;
552 2553 823 2631 expectantesque
839 2546 957 2614 Vestre
976 2546 1147 2612 Maiestati
1165 2545 1294 2629 aliquid
1309 2554 1437 2612 certum
1454 2555 1486 2610 et

353 2654 519 2739 placidum
535 2656 697 2738 intimare,
712 2655 775 2720 huc
791 2677 892 2738 usque
910 2653 1148 2720 retardavimus
1164 2656 1196 2718 in
1213 2655 1394 2720 scribendo.
1418 2655 1486 2718 Sed

352 2770 656 2850 rpuantumcunque,
690 2764 882 2847 Principum
917 2764 1157 2848 benignissime,
1188 2765 1291 2828 nostri
1324 2763 1488 2830 Oratores

351 2893 424 2935 cum
450 2873 537 2938 omni
564 2872 746 2936 bumilitate
772 2878 805 2935 et
829 2869 979 2936 inaudita
995 2872 1177 2935 reuerentia
1194 2891 1308 2954 pacem
1324 2871 1487 2936 honestis·

350 2981 464 3044 simam
480 2980 699 3063 postularent,
724 2979 906 3062 offerentes,
922 2978 1009 3062 quod
1034 2978 1180 3060 colligati
1198 2979 1308 3058 nostri,
1326 2979 1384 3062 qui
1402 2980 1487 3045 alias

350 3085 483 3152 fuerunt
499 3087 558 3152 sub
575 3087 717 3152 Ecclesia
733 3087 912 3170 dominatu,
924 3089 1030 3169 ipsam
1040 3093 1306 3168 recognoscerent
1320 3089 1354 3151 in
1370 3087 1487 3152 Domi-

349 3217 423 3260 nam
440 3202 473 3260 et
490 3195 659 3274 Maiorem,
685 3201 718 3258 et
744 3215 777 3260 se
803 3193 988 3258 solemniter
1013 3191 1056 3258 ad
1082 3215 1196 3259 census
1211 3193 1341 3260 debitos
1358 3195 1486 3278 obliga-

349 3311 440 3384 rent;
464 3309 498 3366 et
523 3305 610 3385 quod
635 3302 678 3367 ad
704 3302 885 3382 ponendum
912 3309 1023 3384 gentes
1050 3323 1223 3385 armorum,
1249 3303 1362 3385 quein
1379 3303 1486 3369 Italia

349 3411 502 3492 militant,
519 3433 615 3495 super
631 3409 808 3476 infidelium
825 3411 994 3476 territoria
1013 3411 1122 3493 parati
1137 3431 1265 3476 eramus
1281 3411 1486 3494 possibiliter

348 3519 554 3584 contribuere
570 3521 604 3583 in
620 3519 774 3584 honorem
791 3516 937 3583 Romane
954 3518 1109 3599 Ecclesia,
1127 3525 1160 3584 et
1175 3524 1387 3601 augmentum
1404 3518 1484 3584 fidei

348 3625 547 3707 Christiane,
579 3627 662 3692 sicut
688 3629 785 3692 etiarn
812 3628 853 3691 ad
880 3628 940 3692 hoc
965 3625 1151 3692 faciendum
1176 3648 1234 3691 nos
1260 3633 1293 3691 et
1308 3627 1487 3711 colligatos

348 3743 477 3800 nostros
503 3733 665 3799 offerimus
692 3756 762 3798 esse
788 3734 962 3818 dispositos
987 3743 1020 3798 et
1043 3741 1187 3818 paratos,
1203 3742 1237 3798 et
1252 3735 1406 3818 precipue
1423 3757 1486 3820 per

346 3864 460 3909 manus
489 3843 605 3911 Vestra
632 3841 842 3910 Serenissime
868 3843 1063 3909 Maiestatis.
1096 3841 1337 3907 Nicbilominus
1369 3849 1509 3930 tamen

346 3947 507 4016 Dominus
534 3957 645 4015 noster
672 3949 836 4030 Pontifex,
862 3953 929 4016 sire
961 3951 1210 4034 malignantium
1242 3949 1486 4032 acquiescendo

346 4056 497 4138 consiliis,
515 4058 580 4121 sive
597 4057 696 4122 aliter
721 4059 754 4120 in
782 4078 837 4121 sue
864 4057 981 4122 mentis
1003 4059 1184 4123 estuatione
1200 4057 1336 4122 nimium
1353 4063 1487 4141 pertur-

344 4165 450 4248 batus,
475 4188 641 4232 assensum
668 4186 732 4230 non
758 4166 907 4250 prebuit,
931 4167 987 4231 sed
1003 4167 1185 4250 repulsam3
1209 4165 1337 4232 demum
1355 4173 1486 4251 petens,

345 4282 380 4338 ut
407 4275 574 4340 nobiscum
600 4272 741 4338 contulit
766 4273 965 4356 Magnificus
990 4273 1089 4340 Miles
1115 4274 1264 4340 dominus
1290 4273 1413 4340 Petrus
1442 4277 1485 4342 de
1528 4265 1533 4274 ¹

343 4383 580 4466 Lambacurtis,
591 4383 646 4466 qui
663 4382 764 4446 filium
782 4404 873 4448 suum
890 4383 984 4448 huius
995 4383 1165 4449 concordie
1175 4383 1329 4465 gratiaiu
1341 4381 1485 4450 Curiam

343 4491 531 4568 destinauit,
557 4496 631 4573 post
656 4490 761 4555 multa
779 4492 944 4574 colloquia
972 4500 1003 4556 et
1028 4493 1213 4557 taxationes
1239 4492 1431 4558 innumeras
1450 4502 1484 4559 et
