3172 5254
537 407 542 418 ’
598 381 694 442 1379.
1149 379 1210 440 185

14 574 23 591 ’
96 561 267 625 Maiestatis
283 559 392 642 sigilli,
409 566 441 624 et
459 527 759 624 NostreLodouioi
772 557 873 640 Regis
884 557 1058 640 Hungarie
1073 557 1212 642 predicti

96 669 230 733 similiter
246 668 433 748 Maiestatis
460 667 558 750 sigilli
587 666 791 750 appensione,
817 667 1003 731 testimonio
1018 659 1213 732 litterarius.

95 778 204 843 Datum
221 775 302 842 Solii
319 778 354 841 in
370 775 489 860 Regno
505 777 677 859 Hungarie
694 781 754 840 etc.

97 924 261 988 (Kozlemsuy
274 938 327 988 egy
354 924 414 974 XV.
437 923 545 973 sza'szadi
569 922 688 972 kezirati
701 922 844 984 codexbol,
860 922 1007 972 amilanoi
1021 920 1213 986 Ambrogiana

539 1013 755 1078 ktinyvts'vrban.)

609 1300 680 1365 143.

97 1465 389 1532 Bdkealleudoadsole
405 1467 434 1529 1.
453 1467 553 1550 Lajos
578 1489 720 1552 maqyar
737 1467 768 1530 c'a
784 1467 908 1552 lenpyel
925 1467 1035 1550 kirdly
1052 1467 1084 1529 e's
1100 1473 1213 1529 salivat-

241 1576 367 1662 ec'qesei,
384 1599 398 1638 s
415 1598 437 1638 a
454 1573 605 1637 uelenczei
622 1575 834 1658 kdztdrsasu'p
850 1574 928 1638 luza.
955 1575 1050 1639 1379.

100 1731 1212 1819 1)KtrolydurazzoiherczegnekMorosiniMik-

96 1841 169 1924 los,
191 1840 434 1908 Gontarini
460 1841 607 1907 Zakar
631 1848 673 1906 es
697 1838 964 1924 Gradonigo
986 1839 1131 1908 Janos
1154 1861 1215 1906 ve-

447 1950 618 2015 lenezei
641 1948 840 2014 kevetelr.

293 2075 420 2141 Illustri
438 2076 567 2141 domino
584 2071 713 2139 Karolo
730 2072 818 2138 Duoi
833 2073 1002 2158 Durachij.

188 2185 333 2250 Illustris
349 2183 508 2268 Princeps
525 2191 559 2250 et
574 2181 713 2250 Excelsa
730 2182 880 2250 Domine.
899 2181 1130 2248 Notilficamus
1146 2183 1212 2247 Ex-

97 2291 230 2357 cellentie
246 2291 378 2374 Vestre,
405 2315 463 2359 nos
478 2292 576 2356 hodie
594 2293 647 2357 die
665 2294 779 2374 quinto
796 2291 892 2375 hujus
907 2291 990 2357 liora
1006 2291 1132 2356 decima
1148 2289 1213 2353 diei

97 2402 279 2484 applicuisse
297 2399 441 2466 Sacilum
455 2405 592 2483 propter
608 2399 752 2465 ordinem
765 2400 878 2465 datum
889 2421 948 2484 per
963 2399 1212 2468 Serenissimum

98 2515 124 2572 et
138 2507 449 2574 Excellentissimum
468 2507 633 2571 dornirnnn
654 2507 781 2590 Regem
798 2507 954 2590 Vugarie.
986 2505 1082 2573 Vnde
1098 2505 1213 2571 Excel-

96 2614 188 2680 lencia
204 2616 327 2681 Vestra
344 2614 495 2698 dignetur
512 2616 553 2680 de
570 2616 717 2698 personis
733 2615 855 2680 nostris
872 2615 1027 2681 ordinare
1043 2636 1103 2699 pro
1117 2613 1212 2680 libito

95 2724 267 2806 voluntatis,
294 2745 421 2808 semper
447 2724 572 2806 paratis
598 2723 640 2788 ad
657 2743 850 2807 quecunque
868 2723 1073 2788 Excellentie
1092 2723 1211 2790 Vestre

94 2832 286 2916 beneplacita
302 2839 335 2896 et
351 2830 498 2896 honores.
524 2831 623 2898 Sacili
640 2833 755 2914 quinto
772 2831 917 2915 Augusti
932 2832 1014 2897 hora
1039 2831 1122 2896 XII.
1139 2830 1211 2895 dici.

187 2940 361 3024 Replicata
386 2940 438 3005 die
465 2939 585 3006 VIIII.
611 2938 756 3024 Augusti
776 2938 876 3005 Sacili
893 2960 965 3004 cum
983 2940 1163 3005 mutatione
1179 2945 1213 3005 et

93 3049 242 3113 mentione
258 3048 368 3114 dehis
384 3048 511 3113 litteris

217 3244 260 3342 β)
285 3245 319 3312 A
342 3245 577 3311 velenczoi
602 3244 804 3329 dogenek
829 3267 849 3310 a
871 3244 1072 3310 lidvetelr.

294 3371 459 3438 Dominio.

190 3479 402 3547 Sereniseime
427 3487 460 3545 et
485 3479 765 3546 Excellentissimc
787 3479 928 3546 Domine
945 3487 1063 3546 noster.
1096 3481 1211 3546 Prose-

92 3595 215 3667 quentcs
231 3590 316 3653 riam
332 3593 478 3652 nostram
496 3586 672 3653 seeundum
681 3587 871 3654 mandatum
881 3589 1082 3653 Excellentie
1093 3586 1211 3656 Vestro

93 3692 153 3758 heri
177 3695 291 3778 quinto
316 3697 477 3779 presentis
503 3697 623 3760 mensis
649 3694 731 3761 hora
757 3696 881 3761 decima
907 3695 971 3760 diei
998 3695 1212 3780 applicuimus

93 3797 232 3888 Sacilum,
257 3805 314 3871 ubi
339 3805 520 3870 invenimus
548 3804 714 3870 dominum
739 3805 954 3871 Benedictum
985 3803 1124 3886 Beuum,
1157 3803 1212 3885 qui

94 3911 177 3991 paulo
194 3918 272 3996 aute
289 3931 348 3975 nos
365 3917 509 3976 venerat.
542 3911 729 3978 Invenimus
751 3914 850 3978 etiam
866 3911 1033 3976 dominum
1049 3908 1211 3977 Jaeobum

94 4017 246 4102 lspanum‚
260 4017 515 4086 Ambaaiatores
529 4021 554 4086 J
556 4023 747 4095 ancensium
764 4021 818 4104 qui
837 4028 932 4085 erant
950 4019 1046 4086 Bude
1057 4026 1133 4084 ante
1144 4039 1214 4100 nos,

95 4133 119 4190 et
132 4126 326 4192 Michaelem
342 4127 383 4191 de
399 4125 529 4192 Rabato
555 4127 747 4194 familiarem
776 4128 907 4193 Domini
923 4126 1057 4209 Padue;
1080 4126 1136 4210 qui
1153 4126 1214 4190 huc

95 4242 236 4300 venerunt
253 4235 307 4300 die
323 4234 421 4299 tertio
437 4235 541 4318 hujus.
559 4234 731 4301 Prediotos
748 4241 858 4300 autern
875 4235 1038 4300 dominum
1055 4233 1214 4299 Benedic-

96 4347 152 4408 tum
167 4344 297 4410 Barium
314 4349 346 4407 et
362 4343 387 4409 J
389 4342 524 4408 aeobum
551 4343 706 4426 Iepannm
733 4344 934 4408 visitavimus
955 4363 1027 4408 cum
1053 4342 1118 4407 illis
1135 4341 1213 4406 ami-

97 4450 239 4517 cabilibus
264 4456 298 4516 et
324 4449 569 4516 honorabilibus
601 4449 717 4533 verbis,
743 4474 804 4534 que
830 4449 986 4534 prodesse
1017 4448 1212 4514 credidimus

98 4554 179 4626 lactis
195 4560 331 4640 vestris3
358 4565 390 4622 et
406 4558 548 4624 breviter
573 4558 717 4624 volentes
743 4559 940 4642 investigare
956 4579 976 4622 a
992 4557 1140 4641 predicto
1158 4557 1213 4622 do·
