3210 5252
411 353 452 426 to
765 363 999 427 urrioiruczmr
1017 360 1185 424 amittunt.

411 539 605 626 Christiano,
621 547 735 606 contra
752 561 847 624 quem
864 539 1038 624 pendebat,
1055 546 1152 623 prout
1167 539 1296 623 pendet,
1315 557 1487 622 processus
1500 533 1536 600 de

410 649 525 733 chresi,
541 655 575 714 vt
590 657 642 714 est
657 648 805 714 omnibus
822 647 1046 731 diuulgatum;
1070 653 1103 711 et
1118 647 1361 713 matrimonium
1379 645 1536 710 huiusmo-

410 754 443 819 di
470 756 593 822 nullum
619 761 713 836 esset,
738 762 771 820 et
797 757 866 839 ipse
891 752 969 819 Dux
994 755 1299 836 excommunicatus,
1326 758 1359 818 et
1384 755 1471 818 terre
1486 773 1536 818 sue

410 866 577 949 supposite
595 870 703 928 essent
719 863 935 927 ecclesiastico
953 860 1139 942 interdicte,
1159 867 1258 945 prout
1274 862 1307 926 in
1323 860 1445 925 nostris
1460 860 1538 924 litte·

410 973 455 1036 ris
471 973 547 1036 inde
564 970 720 1037 confectis
737 969 864 1054 plenius
890 971 1083 1034 continetur.
1107 966 1189 1033 Cum
1208 975 1318 1034 autem
1334 989 1439 1052 nuper
1455 969 1539 1034 andi-

409 1080 552 1145 uerimus
578 1078 642 1143 lide
668 1078 766 1161 digno
791 1077 907 1158 relatu,
924 1076 1010 1160 quod
1028 1080 1061 1141 in
1078 1076 1166 1142 dicto
1183 1083 1328 1143 tractatu
1353 1076 1539 1160 proceditur

410 1189 494 1253 siout
509 1188 608 1271 price,
627 1187 716 1269 quod
734 1188 906 1270 plurimum
924 1187 1061 1251 moleste
1072 1184 1204 1251 serimus
1221 1192 1252 1251 et
1269 1186 1354 1250 ferre
1371 1184 1539 1264 debemus;

410 1302 623 1362 memoratum
640 1292 814 1359 Albertum
831 1315 889 1378 per
906 1300 1034 1359 nostras
1050 1294 1177 1360 litteras
1193 1296 1323 1376 iterum,
1340 1300 1465 1375 quanto
1476 1313 1539 1358 cor·

413 1401 531 1468 dialius
546 1423 727 1485 possumne,
753 1402 973 1486 deprecamur,
991 1402 1078 1484 qnod
1096 1423 1192 1486 super
1208 1400 1322 1466 eodem
1338 1407 1486 1465 tractatu
1502 1400 1538 1464 de

411 1517 518 1576 cetero
535 1533 599 1577 non
614 1510 781 1596 procedat
810 1510 921 1596 Quare
948 1509 1164 1577 Serenitatem
1181 1511 1286 1576 Tuam
1302 1509 1478 1576 affectuose
1493 1531 1540 1575 ro·

411 1641 534 1704 gamuS,
561 1620 712 1702 quatinus
738 1617 779 1683 ob
805 1620 1021 1684 reuerentiam
1047 1618 1121 1702 Dei,
1139 1641 1177 1686 ao
1193 1617 1382 1703 Apostolice
1400 1615 1494 1682 Sedis
1510 1623 1540 1681 et

412 1733 570 1808 nostram,
586 1727 748 1811 prefatum
774 1725 951 1792 Albertum
975 1728 1056 1793 uelis
1073 1728 1261 1794 cordialiter
1276 1726 1441 1807 inducere,
1458 1724 1540 1809 quod

411 1835 453 1900 ad
471 1833 741 1919 complementum
768 1841 931 1901 tractatus
958 1835 1138 1901 huiusmodi
1157 1858 1221 1902 non
1237 1836 1414 1920 procedat3
1436 1835 1485 1899 ita
1501 1841 1541 1914 vt,

413 1941 500 2026 quod
516 1942 557 2009 ab
575 1944 646 2027 ipso
663 1950 696 2008 et
712 1941 817 2009 fratre
834 1964 891 2007 suo
908 1943 942 2008 in
958 1942 1111 2009 filialibus
1128 1942 1244 2024 uerbis,
1260 1941 1378 2026 quibus
1390 1941 1540 2007 credeba-

410 2072 490 2133 mus,
506 2049 689 2132 habuimuS,
705 2050 864 2133 possimus
880 2050 913 2114 in
930 2050 1089 2117 sactorum
1107 2051 1303 2118 certitudine
1317 2051 1470 2134 experiri,
1486 2069 1540 2113 nec

411 2178 564 2244 cogamur
588 2158 630 2223 ad
657 2158 911 2224 declarationem
940 2159 1101 2226 nullitatis
1117 2159 1302 2225 huiusmodi
1318 2159 1360 2223 de
1376 2159 1464 2223 facto
1479 2177 1541 2223 ma·

411 2266 567 2335 trimonii.
594 2267 622 2331 si
648 2266 750 2347 tieret,
776 2290 815 2332 ac
840 2268 999 2335 sententie
1026 2266 1368 2334 excommunicationis
1386 2269 1421 2332 in
1437 2287 1540 2351 perso·

416 2397 489 2441 uam
507 2375 649 2440 eiusdem
665 2376 777 2458 Ducis,
794 2383 826 2440 et
842 2376 1003 2442 interdicti
1022 2380 1054 2441 in
1073 2385 1178 2443 terras
1199 2375 1342 2442 eiusdem
1361 2375 1541 2461 procedere,

414 2484 606 2548 necessitate
623 2483 708 2549 dicte
725 2484 871 2550 Ecoleeie
888 2507 926 2550 ac
937 2486 1065 2570 justitia
1083 2488 1241 2570 exigente.
1262 2483 1333 2550 Nos
1349 2487 1478 2568 copiam
1493 2483 1541 2547 lit·

412 2597 565 2675 terarum,
592 2612 673 2674 quas
700 2592 786 2657 dicto
814 2592 959 2659 Alberto.
979 2615 1076 2678 super
1103 2595 1164 2660 hoc
1189 2595 1370 2677 dirigimus,
1386 2593 1541 2656 mittimus

411 2699 616 2784 presentibus
632 2699 851 2766 interclusam.
877 2702 1001 2767 Datum
1018 2701 1181 2767 Avinione
1216 2701 1252 2769 V.
1269 2699 1428 2766 kalendas
1446 2697 1541 2782 Apri·

411 2807 460 2889 lis,
476 2806 694 2874 Pontificatus
710 2810 813 2875 nostri
831 2832 916 2875 anno
933 2815 1061 2894 quarto.

520 2917 622 2982 Kicttl
640 2942 650 2980 .·
669 2916 848 2983 Carissimo
875 2920 908 2982 in
935 2918 1067 2983 Christo
1093 2915 1161 2982 filio
1179 2915 1299 2983 Oarolo
1316 2915 1540 2982 Romanorum

412 3019 612 3106 Imperatori
629 3019 764 3108 Semper
779 3023 940 3108 Augusto.

529 3167 668 3228 (Eredetie
681 3169 855 3233 bttrhdrtydn
869 3183 885 3218 a
897 3169 971 3220 becci
986 3170 1108 3220 cseezdri
1123 3170 1210 3220 titlros
1224 3169 1422 3232 leveltrtrben.)

950 3479 1004 3540 63.

412 3632 470 3697 XI.
488 3632 625 3721 Gerpely
639 3640 731 3722 pepo
749 3633 861 3700 Attum
877 3636 1042 3701 orreetrc‘ac'
1057 3639 1213 3722 lerozepet
1230 3635 1350 3721 etritrja
1366 3663 1386 3701 u
1409 3631 1545 3703 Violan-

448 3765 512 3820 rza,
539 3740 677 3808 Viscontc'
694 3744 816 3807 Gcleuz
833 3745 1007 3828 lednpdocl
1025 3746 1160 3809 lcdteadt'
1176 3746 1390 3830 ledzaesdptdl.
1418 3746 1520 3809 1374.

517 3900 697 3985 Gregorius
722 3924 834 3970 servus
861 3925 1026 3971 servorum
1050 3905 1113 3971 Dei
1134 3904 1252 3969 dilecto
1269 3903 1338 3969 filio
1354 3903 1453 3970 nobili
1469 3905 1544 3967 uiro

409 4006 551 4075 Alberto
568 4010 653 4074 Duci
671 4010 806 4076 Austrie
824 4011 964 4078 salutem
982 4019 1015 4078 et
1031 4012 1258 4096 Apostolicam
1275 4011 1547 4077 benedictionem.

407 4117 493 4182 Heri
509 4118 674 4202 quandam
690 4119 835 4184 litterani
854 4121 923 4185 Tne
943 4120 1338 4204 NobilitatisrecepimuS,
1355 4121 1387 4184 in
1406 4139 1468 4203 qua
1484 4139 1546 4183 no·

407 4225 457 4291 bis
475 4227 643 4310 scripsisti,
669 4228 755 4309 quod
780 4252 819 4293 ex
847 4231 944 4294 certis
970 4230 1075 4295 causis
1100 4231 1134 4294 in
1150 4249 1190 4294 ea
1206 4227 1347 4312 scriptia,
1363 4233 1396 4292 et
1412 4249 1450 4292 ex
1464 4225 1546 4290 aliis

406 4355 464 4417 per
496 4331 650 4399 dilectum
675 4334 777 4400 filium
803 4337 829 4402 J
831 4337 992 4403 ohannein
1024 4337 1064 4402 de
1095 4333 1291 4401 Constantia
1321 4333 1355 4398 in
1386 4334 1543 4400 Romana

408 4439 509 4506 Curia
540 4449 794 4527 procuratorem,
825 4445 963 4511 latorem
989 4447 1196 4529 presentium,
1228 4465 1288 4527 pro
1313 4447 1410 4526 parte
1435 4449 1492 4507 tna
1511 4449 1545 4506 et

408 4548 466 4612 sub
483 4547 649 4614 credentia
666 4552 698 4616 in
715 4550 824 4616 endem
852 4555 962 4619 littera.
988 4552 1163 4628 attributa,
1183 4551 1276 4616 nobis
1293 4549 1467 4635 prudenter
1485 4569 1546 4612 ex·
