<?xml version="1.0" encoding="UTF-8"?>
<!DOCTYPE html PUBLIC "-//W3C//DTD XHTML 1.0 Transitional//EN"
    "http://www.w3.org/TR/xhtml1/DTD/xhtml1-transitional.dtd">
<html xmlns="http://www.w3.org/1999/xhtml" xml:lang="en" lang="en">
 <head>
  <title>
</title>
<meta http-equiv="Content-Type" content="text/html;charset=utf-8" />
  <meta name='ocr-system' content='tesseract 3.04.00' />
  <meta name='ocr-capabilities' content='ocr_page ocr_carea ocr_par ocr_line ocrx_word'/>
</head>
<body>
  <div class='ocr_page' id='page_1' title='image "./magyardiplomacz00wenzgoog_0786.png"; bbox 0 0 3248 5242; ppageno 0'>
   <div class='ocr_carea' id='block_1_1' title="bbox 428 445 1198 516">
    <p class='ocr_par' dir='ltr' id='par_1_1' title="bbox 428 445 1198 516">
     <span class='ocr_line' id='line_1_1' title="bbox 428 445 1198 516; baseline -0.003 -2"><span class='ocrx_word' id='word_1_1' title='bbox 428 445 490 516; x_wconf 76' lang='grc'><strong>766</strong></span> <span class='ocrx_word' id='word_1_2' title='bbox 781 467 1010 514; x_wconf 82' lang='lat' dir='ltr'><strong>orenouaczmr</strong></span> <span class='ocrx_word' id='word_1_3' title='bbox 1030 450 1198 514; x_wconf 68' lang='lat' dir='ltr'><strong>nuceam.</strong></span> 
     </span>
    </p>
   </div>
   <div class='ocr_carea' id='block_1_2' title="bbox 425 626 1616 4488">
    <p class='ocr_par' dir='ltr' id='par_1_2' title="bbox 426 626 1540 912">
     <span class='ocr_line' id='line_1_2' title="bbox 426 626 1535 713; baseline 0.002 -20"><span class='ocrx_word' id='word_1_4' title='bbox 426 626 1535 713; x_wconf 73' lang='lat' dir='ltr'><strong>4)Hedviglengyelkirtlyneaaerobrinaride·</strong></span> 
     </span>
     <span class='ocr_line' id='line_1_3' title="bbox 426 735 1540 820; baseline 0.002 -18"><span class='ocrx_word' id='word_1_5' title='bbox 426 737 478 802; x_wconf 88' lang='lat' dir='ltr'><strong>ke</strong></span> <span class='ocrx_word' id='word_1_6' title='bbox 517 738 909 802; x_wconf 76' lang='lat' dir='ltr'><strong>vissaaszerztset</strong></span> <span class='ocrx_word' id='word_1_7' title='bbox 951 739 1173 819; x_wconf 76' lang='lat' dir='ltr'><strong>tsrgyazb</strong></span> <span class='ocrx_word' id='word_1_8' title='bbox 1218 735 1540 820; x_wconf 76' lang='lat' dir='ltr'><strong>igyelrezeteire</strong></span> 
     </span>
     <span class='ocr_line' id='line_1_4' title="bbox 557 845 1438 912; baseline 0.002 -2"><span class='ocrx_word' id='word_1_9' title='bbox 557 845 1438 912; x_wconf 74' lang='lat' dir='ltr'><strong>ntzreanemetrendldmestere.1397.</strong></span> 
     </span>
    </p>

    <p class='ocr_par' dir='ltr' id='par_1_3' title="bbox 428 952 1543 1254">
     <span class='ocr_line' id='line_1_5' title="bbox 537 952 1543 1038; baseline -0.001 -20"><span class='ocrx_word' id='word_1_10' title='bbox 537 953 748 1018; x_wconf 87' lang='lat' dir='ltr'><strong>Serenissirne</strong></span> <span class='ocrx_word' id='word_1_11' title='bbox 775 952 932 1036; x_wconf 72' lang='lat' dir='ltr'><strong>Principii,</strong></span> <span class='ocrx_word' id='word_1_12' title='bbox 959 952 1099 1017; x_wconf 82' lang='lat' dir='ltr'><strong>Domine</strong></span> <span class='ocrx_word' id='word_1_13' title='bbox 1117 952 1245 1018; x_wconf 90' lang='lat' dir='ltr'><strong>domine</strong></span> <span class='ocrx_word' id='word_1_14' title='bbox 1262 954 1421 1037; x_wconf 83' lang='lat' dir='ltr'><strong>Hcdwige</strong></span> <span class='ocrx_word' id='word_1_15' title='bbox 1436 953 1543 1038; x_wconf 84' lang='lat' dir='ltr'><strong>Regiae</strong></span> 
     </span>
     <span class='ocr_line' id='line_1_6' title="bbox 428 1061 1543 1128; baseline 0 -2"><span class='ocrx_word' id='word_1_16' title='bbox 428 1061 561 1128; x_wconf 89' lang='lat' dir='ltr'><strong>Polonie</strong></span> <span class='ocrx_word' id='word_1_17' title='bbox 580 1068 613 1127; x_wconf 86' lang='lat' dir='ltr'><strong>et</strong></span> <span class='ocrx_word' id='word_1_18' title='bbox 630 1061 757 1126; x_wconf 89' lang='lat' dir='ltr'><strong>Heredi</strong></span> <span class='ocrx_word' id='word_1_19' title='bbox 775 1061 895 1128; x_wconf 88' lang='lat' dir='ltr'><strong>Russie</strong></span> <span class='ocrx_word' id='word_1_20' title='bbox 911 1069 969 1124; x_wconf 91' lang='lat' dir='ltr'><strong>etc.</strong></span> <span class='ocrx_word' id='word_1_21' title='bbox 987 1061 1170 1125; x_wconf 86' lang='lat' dir='ltr'><strong>humillima</strong></span> <span class='ocrx_word' id='word_1_22' title='bbox 1193 1062 1471 1127; x_wconf 71' lang='lat' dir='ltr'><strong>commendatione</strong></span> <span class='ocrx_word' id='word_1_23' title='bbox 1485 1084 1543 1126; x_wconf 92' lang='lat' dir='ltr'><strong>cum</strong></span> 
     </span>
     <span class='ocr_line' id='line_1_7' title="bbox 429 1169 1246 1254; baseline 0.001 -20"><span class='ocrx_word' id='word_1_24' title='bbox 429 1171 515 1236; x_wconf 87' lang='lat' dir='ltr'><strong>fideli</strong></span> <span class='ocrx_word' id='word_1_25' title='bbox 534 1177 720 1236; x_wconf 85' lang='lat' dir='ltr'><strong>nostrarum</strong></span> <span class='ocrx_word' id='word_1_26' title='bbox 739 1171 928 1235; x_wconf 87' lang='lat' dir='ltr'><strong>oracionum</strong></span> <span class='ocrx_word' id='word_1_27' title='bbox 946 1169 1054 1234; x_wconf 90' lang='lat' dir='ltr'><strong>studio</strong></span> <span class='ocrx_word' id='word_1_28' title='bbox 1071 1171 1246 1254; x_wconf 87' lang='lat' dir='ltr'><strong>premissis.</strong></span> 
     </span>
    </p>

    <p class='ocr_par' dir='ltr' id='par_1_4' title="bbox 425 1276 1616 4275">
     <span class='ocr_line' id='line_1_8' title="bbox 537 1276 1545 1361; baseline -0.002 -17"><span class='ocrx_word' id='word_1_29' title='bbox 537 1277 754 1344; x_wconf 89' lang='lat' dir='ltr'><strong>Serenissima</strong></span> <span class='ocrx_word' id='word_1_30' title='bbox 780 1276 941 1361; x_wconf 83' lang='lat' dir='ltr'>Princeps</span> <span class='ocrx_word' id='word_1_31' title='bbox 968 1285 1000 1342; x_wconf 86' lang='lat' dir='ltr'><strong>et</strong></span> <span class='ocrx_word' id='word_1_32' title='bbox 1021 1277 1163 1343; x_wconf 86' lang='lat' dir='ltr'><strong>Domina</strong></span> <span class='ocrx_word' id='word_1_33' title='bbox 1181 1284 1293 1342; x_wconf 86' lang='lat' dir='ltr'><strong>nostra</strong></span> <span class='ocrx_word' id='word_1_34' title='bbox 1311 1279 1545 1360; x_wconf 82' lang='lat' dir='ltr'><strong>graciosissima</strong></span> 
     </span>
     <span class='ocr_line' id='line_1_9' title="bbox 428 1386 1544 1471; baseline -0.004 -18"><span class='ocrx_word' id='word_1_35' title='bbox 428 1388 646 1471; x_wconf 79' lang='lat' dir='ltr'><strong>Exigentibus</strong></span> <span class='ocrx_word' id='word_1_36' title='bbox 663 1386 860 1454; x_wconf 85' lang='lat' dir='ltr'><strong>tractatibus</strong></span> <span class='ocrx_word' id='word_1_37' title='bbox 876 1393 988 1451; x_wconf 91' lang='lat' dir='ltr'><strong>mutuo</strong></span> <span class='ocrx_word' id='word_1_38' title='bbox 1005 1387 1092 1450; x_wconf 89' lang='lat' dir='ltr'><strong>inter</strong></span> <span class='ocrx_word' id='word_1_39' title='bbox 1108 1408 1166 1450; x_wconf 92' lang='lat' dir='ltr'><strong>nos</strong></span> <span class='ocrx_word' id='word_1_40' title='bbox 1184 1387 1332 1469; x_wconf 84' lang='lat' dir='ltr'><strong>proxime</strong></span> <span class='ocrx_word' id='word_1_41' title='bbox 1351 1386 1470 1450; x_wconf 87' lang='lat' dir='ltr'><strong>habitis</strong></span> <span class='ocrx_word' id='word_1_42' title='bbox 1485 1407 1544 1450; x_wconf 91' lang='lat' dir='ltr'><strong>con-</strong></span> 
     </span>
     <span class='ocr_line' id='line_1_10' title="bbox 429 1492 1548 1578; baseline -0.003 -18"><span class='ocrx_word' id='word_1_43' title='bbox 429 1497 553 1560; x_wconf 90' lang='lat' dir='ltr'><strong>clusiue</strong></span> <span class='ocrx_word' id='word_1_44' title='bbox 570 1517 668 1578; x_wconf 90' lang='lat' dir='ltr'><strong>saper</strong></span> <span class='ocrx_word' id='word_1_45' title='bbox 684 1495 789 1559; x_wconf 81' lang='lat' dir='ltr'><strong>Terra</strong></span> <span class='ocrx_word' id='word_1_46' title='bbox 816 1493 1016 1560; x_wconf 88' lang='lat' dir='ltr'><strong>Dobrinensi</strong></span> <span class='ocrx_word' id='word_1_47' title='bbox 1042 1492 1171 1558; x_wconf 74' lang='lat' dir='ltr'><strong>litteras</strong></span> <span class='ocrx_word' id='word_1_48' title='bbox 1189 1494 1293 1577; x_wconf 86' lang='lat' dir='ltr'><strong>Regie</strong></span> <span class='ocrx_word' id='word_1_49' title='bbox 1310 1494 1431 1561; x_wconf 80' lang='lat' dir='ltr'><strong>Vestae</strong></span> <span class='ocrx_word' id='word_1_50' title='bbox 1447 1494 1548 1558; x_wconf 83' lang='lat' dir='ltr'><strong>Excel-</strong></span> 
     </span>
     <span class='ocr_line' id='line_1_11' title="bbox 429 1599 1548 1684; baseline -0.001 -17"><span class='ocrx_word' id='word_1_51' title='bbox 429 1603 532 1667; x_wconf 88' lang='lat' dir='ltr'><strong>lencie</strong></span> <span class='ocrx_word' id='word_1_52' title='bbox 549 1604 666 1667; x_wconf 89' lang='lat' dir='ltr'><strong>seriem</strong></span> <span class='ocrx_word' id='word_1_53' title='bbox 684 1602 886 1666; x_wconf 86' lang='lat' dir='ltr'><strong>narratiuam</strong></span> <span class='ocrx_word' id='word_1_54' title='bbox 905 1599 1145 1683; x_wconf 87' lang='lat' dir='ltr'><strong>quodammodo</strong></span> <span class='ocrx_word' id='word_1_55' title='bbox 1156 1603 1360 1666; x_wconf 88' lang='lat' dir='ltr'><strong>continentes</strong></span> <span class='ocrx_word' id='word_1_56' title='bbox 1370 1603 1548 1684; x_wconf 85' lang='lat' dir='ltr'><strong>recepimns;</strong></span> 
     </span>
     <span class='ocr_line' id='line_1_12' title="bbox 430 1709 1550 1795; baseline -0.004 -19"><span class='ocrx_word' id='word_1_57' title='bbox 430 1710 548 1795; x_wconf 90' lang='lat' dir='ltr'><strong>quibus</strong></span> <span class='ocrx_word' id='word_1_58' title='bbox 565 1712 726 1776; x_wconf 88' lang='lat' dir='ltr'><strong>attencius</strong></span> <span class='ocrx_word' id='word_1_59' title='bbox 751 1709 976 1792; x_wconf 81' lang='lat' dir='ltr'><strong>adhortamur,</strong></span> <span class='ocrx_word' id='word_1_60' title='bbox 1002 1713 1163 1793; x_wconf 88' lang='lat' dir='ltr'><strong>quatenus</strong></span> <span class='ocrx_word' id='word_1_61' title='bbox 1181 1710 1271 1773; x_wconf 83' lang='lat' dir='ltr'><strong>iuxta</strong></span> <span class='ocrx_word' id='word_1_62' title='bbox 1289 1709 1442 1774; x_wconf 85' lang='lat' dir='ltr'><strong>conclusa</strong></span> <span class='ocrx_word' id='word_1_63' title='bbox 1458 1709 1497 1773; x_wconf 87' lang='lat' dir='ltr'><strong>ad</strong></span> <span class='ocrx_word' id='word_1_64' title='bbox 1511 1730 1550 1772; x_wconf 80' lang='lat' dir='ltr'><strong>re</strong></span> 
     </span>
     <span class='ocr_line' id='line_1_13' title="bbox 430 1815 1550 1884; baseline -0.002 -2"><span class='ocrx_word' id='word_1_65' title='bbox 430 1818 618 1884; x_wconf 89' lang='lat' dir='ltr'><strong>dimendam</strong></span> <span class='ocrx_word' id='word_1_66' title='bbox 644 1825 678 1882; x_wconf 91' lang='lat' dir='ltr'><strong>et</strong></span> <span class='ocrx_word' id='word_1_67' title='bbox 702 1816 906 1882; x_wconf 88' lang='lat' dir='ltr'><strong>liberandam</strong></span> <span class='ocrx_word' id='word_1_68' title='bbox 931 1815 1054 1881; x_wconf 87' lang='lat' dir='ltr'><strong>dictam</strong></span> <span class='ocrx_word' id='word_1_69' title='bbox 1083 1822 1206 1882; x_wconf 89' lang='lat' dir='ltr'><strong>terram</strong></span> <span class='ocrx_word' id='word_1_70' title='bbox 1237 1816 1402 1882; x_wconf 87' lang='lat' dir='ltr'><strong>Illustrem</strong></span> <span class='ocrx_word' id='word_1_71' title='bbox 1420 1817 1550 1881; x_wconf 74' lang='lat' dir='ltr'><strong>Wladie</strong></span> 
     </span>
     <span class='ocr_line' id='line_1_14' title="bbox 429 1924 1550 2009; baseline -0.002 -19"><span class='ocrx_word' id='word_1_72' title='bbox 429 1927 515 1992; x_wconf 88' lang='lat' dir='ltr'><strong>laum</strong></span> <span class='ocrx_word' id='word_1_73' title='bbox 548 1924 672 1992; x_wconf 86' lang='lat' dir='ltr'><strong>Ducem</strong></span> <span class='ocrx_word' id='word_1_74' title='bbox 707 1925 915 2009; x_wconf 88' lang='lat' dir='ltr'><strong>Opuliensem</strong></span> <span class='ocrx_word' id='word_1_75' title='bbox 949 1925 1178 1990; x_wconf 91' lang='lat' dir='ltr'><strong>commonitum</strong></span> <span class='ocrx_word' id='word_1_76' title='bbox 1213 1924 1371 1991; x_wconf 89' lang='lat' dir='ltr'><strong>habemus</strong></span> <span class='ocrx_word' id='word_1_77' title='bbox 1402 1934 1459 1990; x_wconf 89' lang='lat' dir='ltr'><strong>eto.</strong></span> <span class='ocrx_word' id='word_1_78' title='bbox 1488 1928 1550 1991; x_wconf 74' lang='lat' dir='ltr'><strong>lios</strong></span> 
     </span>
     <span class='ocr_line' id='line_1_15' title="bbox 429 2032 1551 2119; baseline -0.004 -19"><span class='ocrx_word' id='word_1_79' title='bbox 429 2035 576 2119; x_wconf 80' lang='lat' dir='ltr'><strong>proinde,</strong></span> <span class='ocrx_word' id='word_1_80' title='bbox 601 2056 664 2119; x_wconf 89' lang='lat' dir='ltr'><strong>qne</strong></span> <span class='ocrx_word' id='word_1_81' title='bbox 692 2035 724 2098; x_wconf 92' lang='lat' dir='ltr'><strong>in</strong></span> <span class='ocrx_word' id='word_1_82' title='bbox 750 2034 916 2116; x_wconf 83' lang='lat' dir='ltr'><strong>premissis</strong></span> <span class='ocrx_word' id='word_1_83' title='bbox 941 2032 1140 2098; x_wconf 85' lang='lat' dir='ltr'><strong>tractatibus</strong></span> <span class='ocrx_word' id='word_1_84' title='bbox 1165 2033 1300 2117; x_wconf 87' lang='lat' dir='ltr'><strong>perinde</strong></span> <span class='ocrx_word' id='word_1_85' title='bbox 1326 2033 1455 2119; x_wconf 85' lang='lat' dir='ltr'><strong>digesta</strong></span> <span class='ocrx_word' id='word_1_86' title='bbox 1478 2043 1551 2114; x_wconf 77' lang='lat' dir='ltr'><strong>sunt,</strong></span> 
     </span>
     <span class='ocr_line' id='line_1_16' title="bbox 430 2140 1550 2228; baseline -0.004 -20"><span class='ocrx_word' id='word_1_87' title='bbox 430 2143 585 2228; x_wconf 87' lang='lat' dir='ltr'><strong>prosequi</strong></span> <span class='ocrx_word' id='word_1_88' title='bbox 614 2143 698 2208; x_wconf 88' lang='lat' dir='ltr'><strong>bona</strong></span> <span class='ocrx_word' id='word_1_89' title='bbox 723 2141 786 2205; x_wconf 90' lang='lat' dir='ltr'><strong>fide</strong></span> <span class='ocrx_word' id='word_1_90' title='bbox 813 2140 987 2205; x_wconf 75' lang='lat' dir='ltr'><strong>studiosius</strong></span> <span class='ocrx_word' id='word_1_91' title='bbox 1013 2141 1189 2224; x_wconf 83' lang='lat' dir='ltr'><strong>capientes,</strong></span> <span class='ocrx_word' id='word_1_92' title='bbox 1204 2142 1333 2206; x_wconf 84' lang='lat' dir='ltr'><strong>litteras</strong></span> <span class='ocrx_word' id='word_1_93' title='bbox 1349 2149 1550 2206; x_wconf 82' lang='lat' dir='ltr'><strong>nostrastam</strong></span> 
     </span>
     <span class='ocr_line' id='line_1_17' title="bbox 430 2247 1552 2332; baseline -0.003 -17"><span class='ocrx_word' id='word_1_94' title='bbox 430 2249 622 2315; x_wconf 84' lang='lat' dir='ltr'><strong>monitorias</strong></span> <span class='ocrx_word' id='word_1_95' title='bbox 649 2269 747 2332; x_wconf 87' lang='lat' dir='ltr'><strong>quam</strong></span> <span class='ocrx_word' id='word_1_96' title='bbox 773 2247 1036 2313; x_wconf 82' lang='lat' dir='ltr'><strong>comminatorias</strong></span> <span class='ocrx_word' id='word_1_97' title='bbox 1056 2249 1143 2313; x_wconf 95' lang='lat' dir='ltr'><strong>illico</strong></span> <span class='ocrx_word' id='word_1_98' title='bbox 1160 2269 1180 2312; x_wconf 86' lang='lat' dir='ltr'><strong>a</strong></span> <span class='ocrx_word' id='word_1_99' title='bbox 1197 2248 1274 2312; x_wconf 89' lang='lat' dir='ltr'><strong>dato</strong></span> <span class='ocrx_word' id='word_1_100' title='bbox 1291 2250 1496 2332; x_wconf 85' lang='lat' dir='ltr'><strong>presencium</strong></span> <span class='ocrx_word' id='word_1_101' title='bbox 1511 2249 1552 2313; x_wconf 89' lang='lat' dir='ltr'><strong>di-</strong></span> 
     </span>
     <span class='ocr_line' id='line_1_18' title="bbox 430 2355 1553 2440; baseline -0.006 -17"><span class='ocrx_word' id='word_1_102' title='bbox 430 2359 570 2423; x_wconf 83' lang='lat' dir='ltr'><strong>reximus</strong></span> <span class='ocrx_word' id='word_1_103' title='bbox 586 2379 646 2440; x_wconf 87' lang='lat' dir='ltr'><strong>per</strong></span> <span class='ocrx_word' id='word_1_104' title='bbox 661 2355 846 2440; x_wconf 86' lang='lat' dir='ltr'><strong>expeditum</strong></span> <span class='ocrx_word' id='word_1_105' title='bbox 864 2362 1008 2418; x_wconf 88' lang='lat' dir='ltr'><strong>nostrum</strong></span> <span class='ocrx_word' id='word_1_106' title='bbox 1026 2357 1177 2419; x_wconf 91' lang='lat' dir='ltr'><strong>nuncium</strong></span> <span class='ocrx_word' id='word_1_107' title='bbox 1195 2363 1228 2420; x_wconf 89' lang='lat' dir='ltr'><strong>et</strong></span> <span class='ocrx_word' id='word_1_108' title='bbox 1243 2356 1393 2439; x_wconf 84' lang='lat' dir='ltr'><strong>legalem.</strong></span> <span class='ocrx_word' id='word_1_109' title='bbox 1418 2358 1462 2422; x_wconf 90' lang='lat' dir='ltr'><strong>Et</strong></span> <span class='ocrx_word' id='word_1_110' title='bbox 1477 2359 1553 2420; x_wconf 83' lang='lat' dir='ltr'><strong>sicut</strong></span> 
     </span>
     <span class='ocr_line' id='line_1_19' title="bbox 429 2463 1552 2550; baseline -0.004 -20"><span class='ocrx_word' id='word_1_111' title='bbox 429 2468 591 2550; x_wconf 88' lang='lat' dir='ltr'><strong>responsis</strong></span> <span class='ocrx_word' id='word_1_112' title='bbox 609 2466 854 2530; x_wconf 88' lang='lat' dir='ltr'><strong>occurrentibus</strong></span> <span class='ocrx_word' id='word_1_113' title='bbox 884 2464 987 2528; x_wconf 84' lang='lat' dir='ltr'><strong>risum</strong></span> <span class='ocrx_word' id='word_1_114' title='bbox 1003 2463 1074 2543; x_wconf 88' lang='lat' dir='ltr'><strong>suit,</strong></span> <span class='ocrx_word' id='word_1_115' title='bbox 1091 2464 1276 2528; x_wconf 83' lang='lat' dir='ltr'><strong>curabimus</strong></span> <span class='ocrx_word' id='word_1_116' title='bbox 1291 2466 1421 2529; x_wconf 84' lang='lat' dir='ltr'><strong>iteratis</strong></span> <span class='ocrx_word' id='word_1_117' title='bbox 1438 2465 1552 2528; x_wconf 81' lang='lat' dir='ltr'><strong>vicibus</strong></span> 
     </span>
     <span class='ocr_line' id='line_1_20' title="bbox 428 2571 1551 2655; baseline -0.004 -16"><span class='ocrx_word' id='word_1_118' title='bbox 428 2574 486 2639; x_wconf 90' lang='lat' dir='ltr'><strong>snb</strong></span> <span class='ocrx_word' id='word_1_119' title='bbox 503 2575 638 2639; x_wconf 90' lang='lat' dir='ltr'><strong>obtentu</strong></span> <span class='ocrx_word' id='word_1_120' title='bbox 664 2573 794 2638; x_wconf 88' lang='lat' dir='ltr'><strong>honoris</strong></span> <span class='ocrx_word' id='word_1_121' title='bbox 821 2574 870 2637; x_wconf 90' lang='lat' dir='ltr'><strong>sni</strong></span> <span class='ocrx_word' id='word_1_122' title='bbox 897 2592 1098 2655; x_wconf 81' lang='lat' dir='ltr'><strong>exaggerare</strong></span> <span class='ocrx_word' id='word_1_123' title='bbox 1115 2578 1148 2635; x_wconf 92' lang='lat' dir='ltr'><strong>et</strong></span> <span class='ocrx_word' id='word_1_124' title='bbox 1164 2592 1346 2654; x_wconf 81' lang='lat' dir='ltr'><strong>aggraume</strong></span> <span class='ocrx_word' id='word_1_125' title='bbox 1363 2574 1397 2635; x_wconf 91' lang='lat' dir='ltr'><strong>in</strong></span> <span class='ocrx_word' id='word_1_126' title='bbox 1414 2571 1551 2637; x_wconf 89' lang='lat' dir='ltr'><strong>eumdem</strong></span> 
     </span>
     <span class='ocr_line' id='line_1_21' title="bbox 427 2678 1616 2770; baseline -0.003 -25"><span class='ocrx_word' id='word_1_127' title='bbox 427 2681 590 2746; x_wconf 91' lang='lat' dir='ltr'><strong>dominnm</strong></span> <span class='ocrx_word' id='word_1_128' title='bbox 608 2680 734 2746; x_wconf 86' lang='lat' dir='ltr'><strong>Ducem</strong></span> <span class='ocrx_word' id='word_1_129' title='bbox 753 2687 860 2745; x_wconf 90' lang='lat' dir='ltr'><strong>nostra</strong></span> <span class='ocrx_word' id='word_1_130' title='bbox 882 2681 1015 2758; x_wconf 82' lang='lat' dir='ltr'><strong>monita,</strong></span> <span class='ocrx_word' id='word_1_131' title='bbox 1041 2678 1306 2744; x_wconf 88' lang='lat' dir='ltr'><strong>dissimulaoione</strong></span> <span class='ocrx_word' id='word_1_132' title='bbox 1324 2679 1472 2762; x_wconf 89' lang='lat' dir='ltr'><strong>qnalibet</strong></span> <span class='ocrx_word' id='word_1_133' title='bbox 1487 2701 1553 2762; x_wconf 91' lang='lat' dir='ltr'><strong>pro·</strong></span> <span class='ocrx_word' id='word_1_134' title='bbox 1614 2743 1616 2770; x_wconf 27' lang='grc' dir='ltr'>Ξ</span> 
     </span>
     <span class='ocr_line' id='line_1_22' title="bbox 426 2785 1552 2870; baseline -0.005 -16"><span class='ocrx_word' id='word_1_135' title='bbox 426 2790 479 2855; x_wconf 89' lang='lat' dir='ltr'><strong>cul</strong></span> <span class='ocrx_word' id='word_1_136' title='bbox 495 2797 600 2868; x_wconf 87' lang='lat' dir='ltr'><strong>mota;</strong></span> <span class='ocrx_word' id='word_1_137' title='bbox 625 2787 788 2854; x_wconf 86' lang='lat' dir='ltr'><strong>desiderio</strong></span> <span class='ocrx_word' id='word_1_138' title='bbox 814 2787 973 2870; x_wconf 87' lang='lat' dir='ltr'><strong>siquidem</strong></span> <span class='ocrx_word' id='word_1_139' title='bbox 1001 2785 1225 2851; x_wconf 85' lang='lat' dir='ltr'><strong>desiderantes</strong></span> <span class='ocrx_word' id='word_1_140' title='bbox 1252 2794 1311 2850; x_wconf 86' lang='lat' dir='ltr'><strong>etc.</strong></span> <span class='ocrx_word' id='word_1_141' title='bbox 1329 2789 1552 2870; x_wconf 82' lang='lat' dir='ltr'><strong>premissanos</strong></span> 
     </span>
     <span class='ocr_line' id='line_1_23' title="bbox 427 2892 1616 2980; baseline -0.005 -18"><span class='ocrx_word' id='word_1_142' title='bbox 427 2898 539 2963; x_wconf 88' lang='lat' dir='ltr'><strong>taliter</strong></span> <span class='ocrx_word' id='word_1_143' title='bbox 555 2897 717 2974; x_wconf 84' lang='lat' dir='ltr'><strong>exhibere,</strong></span> <span class='ocrx_word' id='word_1_144' title='bbox 735 2895 823 2978; x_wconf 92' lang='lat' dir='ltr'><strong>quod</strong></span> <span class='ocrx_word' id='word_1_145' title='bbox 840 2893 962 2959; x_wconf 83' lang='lat' dir='ltr'><strong>Vestra</strong></span> <span class='ocrx_word' id='word_1_146' title='bbox 988 2892 1241 2976; x_wconf 85' lang='lat' dir='ltr'><strong>Magnificencia</strong></span> <span class='ocrx_word' id='word_1_147' title='bbox 1257 2893 1470 2978; x_wconf 88' lang='lat' dir='ltr'><strong>contemplari</strong></span> <span class='ocrx_word' id='word_1_148' title='bbox 1487 2915 1553 2977; x_wconf 88' lang='lat' dir='ltr'><strong>pos·</strong></span> <span class='ocrx_word' id='word_1_149' title='bbox 1614 2969 1616 2980; x_wconf 29' lang='grc' dir='ltr'>Ι</span> 
     </span>
     <span class='ocr_line' id='line_1_24' title="bbox 427 3002 1553 3087; baseline -0.006 -17"><span class='ocrx_word' id='word_1_150' title='bbox 427 3008 468 3070; x_wconf 87' lang='lat' dir='ltr'><strong>sit</strong></span> <span class='ocrx_word' id='word_1_151' title='bbox 495 3005 630 3071; x_wconf 84' lang='lat' dir='ltr'><strong>affectus</strong></span> <span class='ocrx_word' id='word_1_152' title='bbox 657 3004 762 3069; x_wconf 91' lang='lat' dir='ltr'><strong>nostri</strong></span> <span class='ocrx_word' id='word_1_153' title='bbox 788 3003 1078 3087; x_wconf 87' lang='lat' dir='ltr'><strong>promptitudinem</strong></span> <span class='ocrx_word' id='word_1_154' title='bbox 1110 3002 1245 3084; x_wconf 85' lang='lat' dir='ltr'><strong>pariter,</strong></span> <span class='ocrx_word' id='word_1_155' title='bbox 1271 3009 1303 3067; x_wconf 85' lang='lat' dir='ltr'><strong>et</strong></span> <span class='ocrx_word' id='word_1_156' title='bbox 1331 3003 1465 3067; x_wconf 82' lang='lat' dir='ltr'><strong>effectus</strong></span> <span class='ocrx_word' id='word_1_157' title='bbox 1498 3023 1553 3066; x_wconf 91' lang='lat' dir='ltr'><strong>non</strong></span> 
     </span>
     <span class='ocr_line' id='line_1_25' title="bbox 426 3108 1553 3197; baseline -0.006 -18"><span class='ocrx_word' id='word_1_158' title='bbox 426 3113 567 3197; x_wconf 87' lang='lat' dir='ltr'><strong>amplius</strong></span> <span class='ocrx_word' id='word_1_159' title='bbox 582 3135 602 3178; x_wconf 88' lang='lat' dir='ltr'><strong>a</strong></span> <span class='ocrx_word' id='word_1_160' title='bbox 618 3113 710 3177; x_wconf 89' lang='lat' dir='ltr'><strong>nobis</strong></span> <span class='ocrx_word' id='word_1_161' title='bbox 727 3110 901 3194; x_wconf 88' lang='lat' dir='ltr'><strong>expetitur,</strong></span> <span class='ocrx_word' id='word_1_162' title='bbox 918 3131 1016 3192; x_wconf 89' lang='lat' dir='ltr'><strong>quam</strong></span> <span class='ocrx_word' id='word_1_163' title='bbox 1034 3108 1121 3191; x_wconf 88' lang='lat' dir='ltr'><strong>quod</strong></span> <span class='ocrx_word' id='word_1_164' title='bbox 1138 3108 1246 3172; x_wconf 88' lang='lat' dir='ltr'><strong>solnta</strong></span> <span class='ocrx_word' id='word_1_165' title='bbox 1264 3129 1391 3174; x_wconf 86' lang='lat' dir='ltr'><strong>summa</strong></span> <span class='ocrx_word' id='word_1_166' title='bbox 1407 3111 1553 3193; x_wconf 82' lang='lat' dir='ltr'><strong>exposita</strong></span> 
     </span>
     <span class='ocr_line' id='line_1_26' title="bbox 427 3216 1552 3301; baseline -0.004 -17"><span class='ocrx_word' id='word_1_167' title='bbox 427 3222 599 3287; x_wconf 85' lang='lat' dir='ltr'><strong>seeundum</strong></span> <span class='ocrx_word' id='word_1_168' title='bbox 616 3220 800 3285; x_wconf 90' lang='lat' dir='ltr'><strong>litterarum</strong></span> <span class='ocrx_word' id='word_1_169' title='bbox 816 3218 1054 3283; x_wconf 85' lang='lat' dir='ltr'><strong>continenciam</strong></span> <span class='ocrx_word' id='word_1_170' title='bbox 1071 3239 1130 3301; x_wconf 86' lang='lat' dir='ltr'><strong>por</strong></span> <span class='ocrx_word' id='word_1_171' title='bbox 1146 3218 1284 3282; x_wconf 88' lang='lat' dir='ltr'><strong>eundem</strong></span> <span class='ocrx_word' id='word_1_172' title='bbox 1304 3218 1471 3283; x_wconf 89' lang='lat' dir='ltr'><strong>dominum</strong></span> <span class='ocrx_word' id='word_1_173' title='bbox 1491 3216 1552 3280; x_wconf 90' lang='lat' dir='ltr'><strong>Dn-</strong></span> 
     </span>
     <span class='ocr_line' id='line_1_27' title="bbox 426 3325 1554 3413; baseline -0.005 -20"><span class='ocrx_word' id='word_1_174' title='bbox 426 3351 495 3394; x_wconf 88' lang='lat' dir='ltr'><strong>cem</strong></span> <span class='ocrx_word' id='word_1_175' title='bbox 512 3327 722 3413; x_wconf 87' lang='lat' dir='ltr'><strong>Opaliensem</strong></span> <span class='ocrx_word' id='word_1_176' title='bbox 739 3327 834 3391; x_wconf 89' lang='lat' dir='ltr'><strong>nobis</strong></span> <span class='ocrx_word' id='word_1_177' title='bbox 860 3327 1070 3406; x_wconf 85' lang='lat' dir='ltr'><strong>traditarum,</strong></span> <span class='ocrx_word' id='word_1_178' title='bbox 1086 3326 1179 3389; x_wconf 89' lang='lat' dir='ltr'><strong>simul</strong></span> <span class='ocrx_word' id='word_1_179' title='bbox 1198 3325 1313 3390; x_wconf 89' lang='lat' dir='ltr'><strong>honori</strong></span> <span class='ocrx_word' id='word_1_180' title='bbox 1332 3334 1444 3390; x_wconf 89' lang='lat' dir='ltr'><strong>nostro</strong></span> <span class='ocrx_word' id='word_1_181' title='bbox 1464 3345 1554 3409; x_wconf 88' lang='lat' dir='ltr'><strong>super</strong></span> 
     </span>
     <span class='ocr_line' id='line_1_28' title="bbox 426 3432 1616 3518; baseline -0.004 -18"><span class='ocrx_word' id='word_1_182' title='bbox 426 3436 562 3501; x_wconf 87' lang='lat' dir='ltr'><strong>obiectis</strong></span> <span class='ocrx_word' id='word_1_183' title='bbox 579 3434 733 3518; x_wconf 84' lang='lat' dir='ltr'><strong>obligatis</strong></span> <span class='ocrx_word' id='word_1_184' title='bbox 749 3434 783 3497; x_wconf 92' lang='lat' dir='ltr'><strong>in</strong></span> <span class='ocrx_word' id='word_1_185' title='bbox 800 3432 947 3498; x_wconf 82' lang='lat' dir='ltr'><strong>futurum</strong></span> <span class='ocrx_word' id='word_1_186' title='bbox 965 3433 1232 3516; x_wconf 85' lang='lat' dir='ltr'><strong>contingentibus</strong></span> <span class='ocrx_word' id='word_1_187' title='bbox 1252 3433 1434 3499; x_wconf 85' lang='lat' dir='ltr'><strong>consnlcius</strong></span> <span class='ocrx_word' id='word_1_188' title='bbox 1451 3434 1554 3518; x_wconf 86' lang='lat' dir='ltr'><strong>proui-</strong></span> <span class='ocrx_word' id='word_1_189' title='bbox 1614 3457 1616 3482; x_wconf 66' lang='lat'><em>⁴</em></span> 
     </span>
     <span class='ocr_line' id='line_1_29' title="bbox 426 3540 1616 3636; baseline -0.004 -29"><span class='ocrx_word' id='word_1_190' title='bbox 426 3543 551 3609; x_wconf 83' lang='lat' dir='ltr'><strong>deatur.</strong></span> <span class='ocrx_word' id='word_1_191' title='bbox 569 3540 693 3625; x_wconf 77' lang='lat' dir='ltr'><strong>Quibus</strong></span> <span class='ocrx_word' id='word_1_192' title='bbox 710 3541 851 3607; x_wconf 89' lang='lat' dir='ltr'><strong>obtentis</strong></span> <span class='ocrx_word' id='word_1_193' title='bbox 873 3543 1050 3606; x_wconf 87' lang='lat' dir='ltr'><strong>cessionem</strong></span> <span class='ocrx_word' id='word_1_194' title='bbox 1068 3563 1087 3604; x_wconf 89' lang='lat' dir='ltr'><strong>a</strong></span> <span class='ocrx_word' id='word_1_195' title='bbox 1104 3541 1195 3605; x_wconf 89' lang='lat' dir='ltr'><strong>dicta</strong></span> <span class='ocrx_word' id='word_1_196' title='bbox 1212 3549 1299 3606; x_wconf 86' lang='lat' dir='ltr'><strong>terra</strong></span> <span class='ocrx_word' id='word_1_197' title='bbox 1317 3544 1426 3606; x_wconf 87' lang='lat' dir='ltr'><strong>animo</strong></span> <span class='ocrx_word' id='word_1_198' title='bbox 1443 3541 1553 3627; x_wconf 85' lang='lat' dir='ltr'><strong>gratis-</strong></span> <span class='ocrx_word' id='word_1_199' title='bbox 1614 3619 1616 3636; x_wconf 19' lang='lat'>1</span> 
     </span>
     <span class='ocr_line' id='line_1_30' title="bbox 426 3649 1616 3732; baseline -0.003 -16"><span class='ocrx_word' id='word_1_200' title='bbox 426 3654 506 3716; x_wconf 91' lang='lat' dir='ltr'><strong>simo</strong></span> <span class='ocrx_word' id='word_1_201' title='bbox 523 3651 697 3732; x_wconf 77' lang='lat' dir='ltr'><strong>faciemas3</strong></span> <span class='ocrx_word' id='word_1_202' title='bbox 722 3671 780 3714; x_wconf 89' lang='lat' dir='ltr'><strong>nec</strong></span> <span class='ocrx_word' id='word_1_203' title='bbox 796 3651 893 3714; x_wconf 88' lang='lat' dir='ltr'><strong>aliter</strong></span> <span class='ocrx_word' id='word_1_204' title='bbox 910 3651 942 3713; x_wconf 93' lang='lat' dir='ltr'><strong>in</strong></span> <span class='ocrx_word' id='word_1_205' title='bbox 962 3650 1064 3714; x_wconf 90' lang='lat' dir='ltr'><strong>nostri</strong></span> <span class='ocrx_word' id='word_1_206' title='bbox 1090 3649 1223 3714; x_wconf 91' lang='lat' dir='ltr'><strong>honoris</strong></span> <span class='ocrx_word' id='word_1_207' title='bbox 1238 3651 1399 3716; x_wconf 86' lang='lat' dir='ltr'><strong>iacturam</strong></span> <span class='ocrx_word' id='word_1_208' title='bbox 1416 3659 1446 3716; x_wconf 83' lang='lat' dir='ltr'><strong>et</strong></span> <span class='ocrx_word' id='word_1_209' title='bbox 1465 3649 1552 3714; x_wconf 80' lang='lat' dir='ltr'><strong>dede</strong></span> <span class='ocrx_word' id='word_1_210' title='bbox 1615 3651 1616 3656; x_wconf 73' lang='grc'>’</span> 
     </span>
     <span class='ocr_line' id='line_1_31' title="bbox 425 3754 1616 3844; baseline -0.004 -20"><span class='ocrx_word' id='word_1_211' title='bbox 425 3781 482 3824; x_wconf 89' lang='lat' dir='ltr'><strong>cns</strong></span> <span class='ocrx_word' id='word_1_212' title='bbox 498 3758 652 3827; x_wconf 87' lang='lat' dir='ltr'><strong>Vestram</strong></span> <span class='ocrx_word' id='word_1_213' title='bbox 678 3756 842 3822; x_wconf 90' lang='lat' dir='ltr'><strong>Illustrem</strong></span> <span class='ocrx_word' id='word_1_214' title='bbox 871 3754 1088 3822; x_wconf 87' lang='lat' dir='ltr'><strong>Clemenciam</strong></span> <span class='ocrx_word' id='word_1_215' title='bbox 1113 3756 1307 3822; x_wconf 85' lang='lat' dir='ltr'><strong>confidimus</strong></span> <span class='ocrx_word' id='word_1_216' title='bbox 1323 3760 1487 3842; x_wconf 85' lang='lat' dir='ltr'><strong>aspirare;</strong></span> <span class='ocrx_word' id='word_1_217' title='bbox 1511 3759 1552 3821; x_wconf 90' lang='lat' dir='ltr'><strong>in·</strong></span> <span class='ocrx_word' id='word_1_218' title='bbox 1614 3793 1616 3844; x_wconf 79' lang='lat' dir='ltr'>i</span> 
     </span>
     <span class='ocr_line' id='line_1_32' title="bbox 425 3857 1616 3950; baseline -0.004 -18"><span class='ocrx_word' id='word_1_219' title='bbox 425 3869 609 3932; x_wconf 87' lang='lat' dir='ltr'><strong>tencionem</strong></span> <span class='ocrx_word' id='word_1_220' title='bbox 628 3887 757 3949; x_wconf 73' lang='lat' dir='ltr'><strong>quiaque</strong></span> <span class='ocrx_word' id='word_1_221' title='bbox 784 3867 861 3931; x_wconf 93' lang='lat' dir='ltr'><strong>dicti</strong></span> <span class='ocrx_word' id='word_1_222' title='bbox 890 3865 1012 3932; x_wconf 91' lang='lat' dir='ltr'><strong>domini</strong></span> <span class='ocrx_word' id='word_1_223' title='bbox 1030 3863 1143 3946; x_wconf 85' lang='lat' dir='ltr'><strong>Ducis,</strong></span> <span class='ocrx_word' id='word_1_224' title='bbox 1160 3875 1332 3950; x_wconf 86' lang='lat' dir='ltr'><strong>postquam</strong></span> <span class='ocrx_word' id='word_1_225' title='bbox 1350 3867 1551 3933; x_wconf 86' lang='lat' dir='ltr'><strong>habuerimus</strong></span> <span class='ocrx_word' id='word_1_226' title='bbox 1614 3857 1616 3938; x_wconf 59' lang='grc' dir='ltr'>ζ</span> 
     </span>
     <span class='ocr_line' id='line_1_33' title="bbox 426 3972 1616 4057; baseline -0.002 -18"><span class='ocrx_word' id='word_1_227' title='bbox 426 3978 494 4040; x_wconf 87' lang='lat' dir='ltr'><strong>eius</strong></span> <span class='ocrx_word' id='word_1_228' title='bbox 511 3995 676 4057; x_wconf 86' lang='lat' dir='ltr'><strong>responsa,</strong></span> <span class='ocrx_word' id='word_1_229' title='bbox 703 3974 823 4041; x_wconf 85' lang='lat' dir='ltr'><strong>Vestre</strong></span> <span class='ocrx_word' id='word_1_230' title='bbox 850 3972 1030 4038; x_wconf 86' lang='lat' dir='ltr'><strong>Serenitati</strong></span> <span class='ocrx_word' id='word_1_231' title='bbox 1056 3974 1315 4057; x_wconf 78' lang='lat' dir='ltr'><strong>significabimus</strong></span> <span class='ocrx_word' id='word_1_232' title='bbox 1331 3975 1476 4040; x_wconf 87' lang='lat' dir='ltr'><strong>indilate.</strong></span> <span class='ocrx_word' id='word_1_233' title='bbox 1492 3975 1551 4038; x_wconf 85' lang='lat' dir='ltr'><strong>Da·</strong></span> <span class='ocrx_word' id='word_1_234' title='bbox 1615 3975 1616 3978; x_wconf 69' lang='grc'>’</span> 
     </span>
     <span class='ocr_line' id='line_1_34' title="bbox 425 4080 1549 4169; baseline -0.003 -22"><span class='ocrx_word' id='word_1_235' title='bbox 425 4091 493 4148; x_wconf 88' lang='lat' dir='ltr'><strong>tum</strong></span> <span class='ocrx_word' id='word_1_236' title='bbox 511 4083 542 4146; x_wconf 91' lang='lat' dir='ltr'><strong>in</strong></span> <span class='ocrx_word' id='word_1_237' title='bbox 561 4081 678 4148; x_wconf 88' lang='lat' dir='ltr'><strong>Castro</strong></span> <span class='ocrx_word' id='word_1_238' title='bbox 705 4089 816 4147; x_wconf 91' lang='lat' dir='ltr'><strong>nostro</strong></span> <span class='ocrx_word' id='word_1_239' title='bbox 844 4083 1061 4166; x_wconf 85' lang='lat' dir='ltr'><strong>Marienburg</strong></span> <span class='ocrx_word' id='word_1_240' title='bbox 1077 4083 1109 4147; x_wconf 90' lang='lat' dir='ltr'><strong>in</strong></span> <span class='ocrx_word' id='word_1_241' title='bbox 1129 4085 1241 4167; x_wconf 82' lang='lat' dir='ltr'><strong>vigilia</strong></span> <span class='ocrx_word' id='word_1_242' title='bbox 1257 4085 1415 4169; x_wconf 84' lang='lat' dir='ltr'><strong>Corporis</strong></span> <span class='ocrx_word' id='word_1_243' title='bbox 1431 4080 1549 4148; x_wconf 83' lang='lat' dir='ltr'><strong>Christi</strong></span> 
     </span>
     <span class='ocr_line' id='line_1_35' title="bbox 426 4175 1616 4275; baseline -0.002 -19"><span class='ocrx_word' id='word_1_244' title='bbox 426 4213 510 4256; x_wconf 89' lang='lat' dir='ltr'><strong>anno</strong></span> <span class='ocrx_word' id='word_1_245' title='bbox 529 4189 659 4255; x_wconf 89' lang='lat' dir='ltr'><strong>Domini</strong></span> <span class='ocrx_word' id='word_1_246' title='bbox 678 4197 737 4254; x_wconf 89' lang='lat' dir='ltr'><strong>ete.</strong></span> <span class='ocrx_word' id='word_1_247' title='bbox 755 4191 963 4274; x_wconf 82' lang='lat' dir='ltr'><strong>nonagesimo</strong></span> <span class='ocrx_word' id='word_1_248' title='bbox 980 4189 1127 4275; x_wconf 85' lang='lat' dir='ltr'><strong>septime.</strong></span> <span class='ocrx_word' id='word_1_249' title='bbox 1614 4175 1616 4192; x_wconf 55' lang='lat'>¹</span> 
     </span>
    </p>

    <p class='ocr_par' dir='ltr' id='par_1_5' title="bbox 426 4287 1616 4488">
     <span class='ocr_line' id='line_1_36' title="bbox 535 4287 1616 4382; baseline -0.001 -19"><span class='ocrx_word' id='word_1_250' title='bbox 535 4301 634 4363; x_wconf 82' lang='lat' dir='ltr'><strong>Kior&#39;tl</strong></span> <span class='ocrx_word' id='word_1_251' title='bbox 650 4323 661 4362; x_wconf 89' lang='lat'><em>:</em></span> <span class='ocrx_word' id='word_1_252' title='bbox 678 4297 891 4363; x_wconf 84' lang='lat' dir='ltr'><strong>Serenissimc</strong></span> <span class='ocrx_word' id='word_1_253' title='bbox 910 4297 1053 4382; x_wconf 91' lang='lat' dir='ltr'><strong>Principi</strong></span> <span class='ocrx_word' id='word_1_254' title='bbox 1066 4321 1104 4363; x_wconf 92' lang='lat' dir='ltr'><strong>ac</strong></span> <span class='ocrx_word' id='word_1_255' title='bbox 1116 4299 1400 4366; x_wconf 80' lang='lat' dir='ltr'><strong>Excellentissirne</strong></span> <span class='ocrx_word' id='word_1_256' title='bbox 1419 4298 1549 4364; x_wconf 88' lang='lat' dir='ltr'><strong>Domine</strong></span> <span class='ocrx_word' id='word_1_257' title='bbox 1615 4287 1616 4362; x_wconf 69' lang='lat' dir='ltr'><strong>f</strong></span> 
     </span>
     <span class='ocr_line' id='line_1_37' title="bbox 426 4404 1548 4488; baseline 0 -20"><span class='ocrx_word' id='word_1_258' title='bbox 426 4405 554 4470; x_wconf 77' lang='lat' dir='ltr'><strong>‹lornino</strong></span> <span class='ocrx_word' id='word_1_259' title='bbox 572 4406 714 4488; x_wconf 81' lang='lat' dir='ltr'><strong>Hcdvigi</strong></span> <span class='ocrx_word' id='word_1_260' title='bbox 741 4406 865 4488; x_wconf 84' lang='lat' dir='ltr'><strong>Regiae</strong></span> <span class='ocrx_word' id='word_1_261' title='bbox 883 4407 1019 4472; x_wconf 80' lang='lat' dir='ltr'><strong>&#39;Polonie</strong></span> <span class='ocrx_word' id='word_1_262' title='bbox 1038 4415 1069 4471; x_wconf 84' lang='lat' dir='ltr'><strong>et</strong></span> <span class='ocrx_word' id='word_1_263' title='bbox 1089 4407 1215 4472; x_wconf 85' lang='lat' dir='ltr'><strong>Herodi</strong></span> <span class='ocrx_word' id='word_1_264' title='bbox 1235 4409 1353 4473; x_wconf 87' lang='lat' dir='ltr'><strong>Russie</strong></span> <span class='ocrx_word' id='word_1_265' title='bbox 1371 4416 1428 4474; x_wconf 86' lang='lat' dir='ltr'><strong>etc.</strong></span> <span class='ocrx_word' id='word_1_266' title='bbox 1448 4404 1548 4472; x_wconf 90' lang='lat' dir='ltr'><strong>Domi·</strong></span> 
     </span>
    </p>
   </div>
   <div class='ocr_carea' id='block_1_3' title="bbox 426 4515 1418 4686">
    <p class='ocr_par' dir='ltr' id='par_1_6' title="bbox 426 4515 1418 4686">
     <span class='ocr_line' id='line_1_38' title="bbox 426 4515 1241 4596; baseline 0.004 -19"><span class='ocrx_word' id='word_1_267' title='bbox 426 4535 464 4577; x_wconf 89' lang='lat' dir='ltr'><strong>ne</strong></span> <span class='ocrx_word' id='word_1_268' title='bbox 482 4536 550 4577; x_wconf 88' lang='lat' dir='ltr'><strong>mee</strong></span> <span class='ocrx_word' id='word_1_269' title='bbox 567 4515 806 4596; x_wconf 85' lang='lat' dir='ltr'><strong>graciosissime</strong></span> <span class='ocrx_word' id='word_1_270' title='bbox 822 4537 947 4579; x_wconf 85' lang='lat' dir='ltr'><strong>summa</strong></span> <span class='ocrx_word' id='word_1_271' title='bbox 964 4537 1035 4579; x_wconf 89' lang='lat' dir='ltr'><strong>cam</strong></span> <span class='ocrx_word' id='word_1_272' title='bbox 1054 4515 1241 4581; x_wconf 87' lang='lat' dir='ltr'><strong>deuooione.</strong></span> 
     </span>
     <span class='ocr_line' id='line_1_39' title="bbox 560 4623 1418 4686; baseline 0.006 -17"><span class='ocrx_word' id='word_1_273' title='bbox 560 4625 612 4684; x_wconf 75' lang='lat' dir='ltr'><strong>(Aa</strong></span> <span class='ocrx_word' id='word_1_274' title='bbox 626 4623 728 4670; x_wconf 84' lang='lat' dir='ltr'><strong>eredeti</strong></span> <span class='ocrx_word' id='word_1_275' title='bbox 744 4623 900 4686; x_wconf 59' lang='lat' dir='ltr'><strong>pilrleirryok</strong></span> <span class='ocrx_word' id='word_1_276' title='bbox 916 4625 1019 4673; x_wconf 73' lang='lat' dir='ltr'><strong>¹azerint</strong></span> <span class='ocrx_word' id='word_1_277' title='bbox 1033 4624 1144 4674; x_wconf 68' lang='lat' dir='ltr'><strong>keszitlt</strong></span> <span class='ocrx_word' id='word_1_278' title='bbox 1156 4626 1315 4675; x_wconf 69' lang='lat' dir='ltr'><strong>indarilatok</strong></span> <span class='ocrx_word' id='word_1_279' title='bbox 1332 4629 1418 4681; x_wconf 71' lang='lat' dir='ltr'><strong>latria.)</strong></span> 
     </span>
    </p>
   </div>
   <div class='ocr_carea' id='block_1_4' title="bbox 0 0 1628 5237">
    <p class='ocr_par' dir='ltr' id='par_1_7' title="bbox 0 0 1628 5237">
     <span class='ocr_line' id='line_1_40' title="bbox 0 0 1628 5237; baseline 0 0"><span class='ocrx_word' id='word_1_280' title='bbox 0 0 1628 5237; x_wconf 95' lang='lat' dir='ltr'><strong> </strong></span> 
     </span>
    </p>
   </div>
  </div>
 </body>
</html>
