3134 5254
568 452 661 512 1379.
1116 458 1177 517 261
1226 469 1229 477 ’

71 623 127 688 soro
143 626 281 690 uenirent
306 627 350 691 ad
375 627 465 692 istud
491 628 661 692 servicium
689 649 820 712 eorum,
843 638 876 696 et
892 635 980 715 quod
1006 635 1174 699 ordinare-

3 737 5 772 r
71 739 132 796 runt
146 733 212 798 fieri
227 734 340 819 aliqua
356 735 486 818 nauigia
502 742 534 800 et
550 735 708 819 hedificia,
725 759 823 822 super
840 741 957 822 quibus
970 750 1103 824 possent
1120 767 1175 827 ap-

3 861 7 956 r

3 1001 8 1080 Ι

3 1083 5 1164 Ι

3 1399 5 1448 Ι

3 1539 6 1668 Ι

3 1687 5 1758 Ι

3 1763 5 1790 ,

3 1815 5 1880 Ι

3 2017 6 2074 Ι

3 2221 5 2242 .

3 2480 5 2594 ε

3 2595 7 2664 Ι

3 2677 6 2770 Ι

68 841 129 924 poni
144 843 242 906 multe
267 831 382 925 gentes
408 844 579 926 armigere,
605 865 667 926 que
692 865 803 910 secure
821 855 946 912 starent
962 850 994 912 in
1012 850 1068 932 eis,
1085 857 1117 916 et
1133 875 1179 916 se·

69 970 128 1016 eure
151 951 196 1015 ire
219 957 352 1034 possent
376 974 434 1054 per
459 973 578 1034 aquam
598 975 749 1036 magnum
767 962 800 1020 et
816 977 948 1038 parram
966 980 1022 1024 sou
1038 957 1177 1024 bassam.

68 1055 176 1141 Quibus
193 1059 262 1142 ipse
278 1058 427 1124 domiuus
443 1058 590 1125 Karolus
606 1061 785 1144 respondit,
802 1062 889 1145 quod
900 1085 963 1128 uon
975 1071 1060 1130 osset
1076 1065 1179 1132 honor

67 1165 169 1231 domiui
185 1167 285 1251 Regis
302 1189 361 1232 neo
376 1187 497 1250 eorum,
525 1169 614 1250 quod
638 1169 702 1252 ipsi
718 1172 804 1236 irent
820 1171 862 1235 ad
879 1193 1028 1256 campum
1042 1174 1110 1258 jam
1128 1195 1180 1238 ac-

66 1280 174 1358 ceptam
200 1281 233 1340 et
258 1281 408 1358 paratum
435 1298 493 1359 per
518 1275 619 1358 alios3
642 1278 707 1341 imo
725 1299 784 1360 pro
800 1276 922 1346 bonore
939 1281 1045 1364 Regio
1062 1287 1094 1345 et
1110 1303 1176 1361 suo,

66 1381 92 1446 iu
106 1405 176 1448 casu
192 1405 255 1466 quo
273 1383 429 1448 deberent
444 1385 501 1464 ire,
517 1385 578 1468 ipsi
597 1385 717 1450 vellent
743 1406 813 1451 esse
830 1389 937 1469 primi,
953 1390 1006 1470 qui
1024 1395 1178 1472 caperent

65 1512 215 1575 cumpum3
240 1497 274 1557 et
299 1494 387 1558 ultra
412 1491 473 1557 hoe
499 1513 562 1557 uon
589 1493 802 1558 intendebant
820 1496 876 1575 ire,
893 1496 954 1560 nisi
971 1497 1074 1578 primo
1092 1495 1178 1560 vide-

64 1605 124 1664 rent
137 1599 314 1683 manifeste,
332 1600 417 1682 quod
435 1602 468 1664 in
485 1600 572 1666 dieto
590 1622 702 1684 eampo
713 1609 820 1667 esseut
837 1604 880 1667 ed
897 1601 1093 1668 suffientiam
1112 1627 1177 1670 om-

64 1706 108 1770 nia
123 1709 301 1773 necessaria
326 1709 369 1772 ad
394 1709 513 1771 uictum
538 1714 695 1791 prototo
720 1716 816 1792 gente
842 1731 952 1775 eorum
978 1713 1093 1776 saltem
1119 1734 1177 1796 per

64 1811 120 1878 dies
144 1821 232 1895 octo;
256 1815 344 1880 ultra
369 1815 430 1880 hoc
456 1817 554 1880 etiam
579 1815 709 1881 solebat
740 1818 809 1900 ipse
841 1818 989 1882 <lominus
1021 1819 1176 1900 Karolus,

64 1921 134 2002 quod
160 1929 232 1988 aute
259 1923 432 1988 adrentum
459 1905 568 1988 eorum
597 1924 659 2007 ipsi
685 1925 879 1990 ordinarent
895 1932 926 1989 et
943 1925 1013 1990 fieri
1030 1925 1176 1992 facerent

61 2027 108 2091 illa
122 2031 249 2112 navigia
265 2036 298 2095 et
315 2029 475 2111 hedificie,
491 2032 530 2095 de
548 2032 663 2113 quibus
682 2034 830 2116 superius
846 2035 1037 2115 continetur,
1056 2034 1175 2116 quibus

62 2137 211 2221 eompletis
228 2139 291 2222 ipsi
310 2161 344 2203 se
361 2139 481 2204 vellent
505 2135 680 2205 informare
697 2140 822 2204 deesse
839 2146 871 2204 et
888 2143 1072 2207 conditione
1089 2143 1176 2206 navi-

60 2244 171 2325 giorum
188 2255 219 2312 et
235 2246 459 2312 hedificiorum
477 2248 705 2331 predictorum.
738 2246 891 2313 Prediota
917 2250 1002 2312 euim
1020 2250 1103 2314 dixit
1119 2250 1174 2315 do·

61 2354 152 2418 minus
168 2356 313 2420 Karolos
330 2358 391 2440 ipsi
409 2357 537 2421 domiuo
565 2355 734 2435 Generali,
757 2356 882 2421 misisse
898 2357 1035 2422 dicendo
1051 2357 1175 2441 predic·

59 2461 93 2523 tis
107 2463 324 2531 Janueusibus
350 2486 408 2548 pro
434 2464 580 2529 ducendo
605 2464 726 2529 fuctum
743 2466 776 2528 in
793 2463 936 2547 longum,
962 2472 994 2529 et
1011 2472 1045 2529 ut
1062 2467 1113 2531 hic
1129 2472 1174 2532 te·

59 2591 192 2636 neremus
208 2572 339 2637 modurn
355 2573 481 2638 essendi
508 2574 541 2638 in
567 2572 740 2637 concordio
758 2593 830 2636 eum
847 2572 975 2638 domino
992 2573 1092 2656 Rege,
1110 2597 1174 2657 quo

58 2673 140 2759 sacto,
156 2687 269 2762 postea
286 2703 320 2746 so
337 2681 554 2762 disponerent,
565 2686 711 2764 utsupra
723 2681 924 2762 continetur3
949 2686 982 2744 et
997 2681 1084 2765 quod
1101 2704 1173 2746 eum

57 2789 149 2852 modis
166 2789 361 2872 supradictis
378 2789 534 2854 credebat
552 2789 669 2853 (lucere
687 2809 846 2854 recessum
863 2809 974 2853 eorum
992 2789 1031 2854 de
1048 2787 1124 2855 bino
1139 2791 1174 2854 in

56 2892 185 2978 longum,
210 2906 244 2962 et
269 2897 344 2962 hine
371 2919 434 2962 uon
461 2897 611 2964 recedere
638 2917 740 2978 usque
766 2896 807 2959 ad
830 2897 957 2979 aliquos
974 2898 1042 2962 dies
1060 2897 1174 2962 adhuc.

55 3000 137 3070 Dixit
169 3008 299 3090 iusuper
332 3006 461 3072 domiuo
493 3003 657 3085 Generali,
689 3005 775 3087 quod
810 3006 958 3069 domiuus
991 3005 1172 3090 Episcopus

56 3107 433 3196 Quinque-Ecclesiarum
459 3114 611 3180 veniebat
635 3114 675 3179 de
699 3113 855 3178 mandato
873 3113 995 3177 domiui
1011 3114 1112 3195 Regis
1130 3113 1172 3178 ad

55 3240 202 3305 campum,
218 3229 250 3286 et
266 3221 356 3307 quod
373 3229 527 3302 senserat,
538 3222 624 3304 quod
635 3221 729 3286 hodie
747 3227 818 3286 erat
835 3223 868 3286 iu
885 3221 1013 3302 Scede,
1036 3227 1069 3284 ot
1085 3222 1172 3301 quod

54 3329 132 3393 nisit
147 3330 208 3395 sibi
226 3331 354 3395 obuiam
372 3331 531 3414 Magnum
549 3328 708 3395 Comitem
725 3328 767 3392 ad
784 3327 1024 3393 informandum
1042 3349 1114 3392 euru
1133 3328 1172 3392 de

54 3434 256 3520 dispositione
272 3439 394 3505 domini
410 3439 533 3517 Padue,
550 3445 583 3504 et
599 3440 741 3523 qualiter
752 3460 810 3502 nos
821 3459 948 3503 eramus
963 3438 1046 3503 bene
1063 3435 1170 3519 dispo·

54 3541 99 3606 siti
125 3568 201 3630 erga
226 3547 381 3612 honorem
398 3547 555 3630 Regium,
582 3546 666 3629 quod
693 3543 823 3627 fecerat,
839 3553 876 3610 ut
892 3547 918 3609 si
935 3545 1019 3610 forte
1037 3549 1171 3628 propter

3 3665 5 3732 Ι
54 3652 161 3717 malam
187 3655 450 3721 informationem
476 3657 585 3720 datam
611 3677 668 3738 per
693 3655 868 3720 Dominum
895 3653 1007 3718 Pedue
1041 3654 1170 3718 domino

52 3755 128 3843 Regi
155 3767 222 3847 ipse
248 3765 398 3829 (lonriuus
424 3765 605 3847 Episcopus
631 3765 755 3832 reniret
781 3785 851 3826 oum
878 3762 942 3826 alie
973 3763 1171 3839 intentione,

53 3869 130 3946 quod
146 3878 220 3935 ante
235 3870 412 3936 adventum
431 3873 500 3955 ejus
516 3872 556 3936 ad
574 3892 733 3954 campum,
749 3870 817 3952 ipse
834 3871 876 3933 sit
892 3869 1037 3950 pervisus
1049 3869 1088 3932 de
1098 3891 1170 3950 pre·

52 3973 156 4057 dictis3
173 3977 282 4044 diceus
304 3985 423 4058 tamen,
436 3979 521 4060 quod
540 3979 609 4061 ipse
619 3978 801 4062 Episcopus
813 3999 875 4041 uon
888 3982 959 4041 erat
974 3977 1096 4041 anricus
1106 3977 1172 4041 Do·

53 4083 120 4145 mini
131 4083 250 4169 Padus,
260 4086 326 4150 imo
337 4085 479 4150 habebat
490 4106 563 4149 eum
573 4106 714 4150 exosum.
725 4085 817 4149 Dixit
829 4085 926 4148 etiam
943 4085 1010 4166 ipse
1022 4083 1171 4148 domiuus

3 4203 4 4210 ’
53 4189 197 4274 Karolus,
214 4194 357 4278 qualiter
373 4193 429 4259 illa
445 4194 544 4260 rerba
568 4215 632 4278 que
648 4194 778 4258 dixerat
794 4192 952 4257 Dominus
969 4192 1092 4272 Padus,
1109 4193 1168 4256 soi-

3 4307 5 4356 ἰ
51 4295 119 4364 licet
136 4303 387 4384 quoddominus
404 4303 475 4366 Rex
492 4309 603 4384 posset
622 4301 742 4366 habere
759 4301 809 4364 rel
828 4299 909 4364 velle
926 4298 1046 4364 habere
1068 4297 1169 4364 Vene-

3 4411 4 4434 ³
51 4409 108 4472 tias
132 4431 188 4492 per
212 4411 311 4476 talem
335 4410 476 4489 modum,
503 4411 587 4493 quod
604 4411 672 4491 ipse
690 4408 801 4489 nollet,
817 4407 902 4491 quod
920 4407 1009 4472 Deus
1027 4428 1098 4472 eam
1115 4407 1170 4472 ha-

3 4493 5 4524 i
51 4497 153 4599 bbret3
177 4522 287 4584 statim
314 4541 374 4603 per
400 4518 558 4583 Nuntium
583 4519 751 4602 proprium
778 4516 873 4598 misit,
890 4515 1023 4580 diceudo
1040 4517 1169 4583 domiuo

3 4623 5 4662 i
52 4621 139 4708 Regi,
164 4627 259 4691 etde
285 4626 373 4692 mala
399 4627 610 4711 dispositione
636 4626 769 4691 Domini
788 4625 902 4690 Padue
920 4646 997 4709 erga
1013 4624 1168 4693 honorem
