3134 5254
471 541 565 606 1379.
1007 548 1070 612 325
1152 635 1161 666 Ι

1 721 178 808 ttdilectioni
193 727 305 804 vestre,
321 720 361 786 de
372 719 531 788 societate
545 719 606 786 tali
618 721 689 802 sibi,
706 721 782 788 dum
793 723 869 790 istic
886 723 1035 805 steterit,
1054 729 1086 790 et

1 825 46 900 Ιιιι
67 833 119 900 huc
140 831 267 914 venerit,
282 829 464 917 providere,
480 829 567 913 quod
594 836 702 896 restro
722 832 834 900 lavore
860 833 903 901 ab
927 834 1085 900 omnibus

1 956 35 1023 [ue
47 946 143 1007 contra
158 961 228 1006 eum
245 944 463 1021 tentarentur,
478 938 590 1004 illesus
606 943 639 1002 et
658 938 832 1006 incolumis
858 963 935 1024 pres
946 947 1084 1008 erretur.

1 1040 55 1124 teta
78 1047 234 1114 Florentio
265 1046 317 1114 die
348 1043 563 1114 XXVXIII.
594 1041 788 1114 Decembris
814 1047 883 1114 111.
899 1047 1084 1115 indictione

1 1150 278 1231 teceuxxVIH.

1 1290 132 1371 lisignori,
145 1301 298 1366 (tarmis,
312 1300 440 1352 Ninive«
455 1301 508 1349 stb.
528 1301 636 1366 oszttly
651 1301 756 1353 XVIII.
770 1301 918 1367 kdtsgtbdl
934 1307 976 1352 94.
997 1318 1034 1352 sz.
1049 1318 1082 1366 a„

2 1376 6 1456 t
280 1391 442 1442 aflorencri
456 1405 530 1456 nagy
543 1391 737 1456 levelttrban.)

2 1495 5 1544 l

2 1615 4 1656 ι
429 1553 587 1561 --.

2 1723 4 1768 l
475 1699 550 1760 153.

1 1811 92 1942 ilojos
105 1883 240 1946 oecqyar
258 1861 290 1924 ds
308 1860 432 1948 leoyyel
457 1859 644 1946 kirdlyook
662 1884 682 1922 a
693 1859 847 1946 florescat
863 1859 1082 1948 kdztdreasdq.

2 2045 4 2094 y
463 1969 559 2032 1379.

2 2139 4 2204 l
156 2130 242 2214 Regi
261 2129 413 2214 Ungerie.

62 2233 263 2306 Serenissime
280 2247 380 2322 atque
398 2237 610 2304 invictissime
627 2236 796 2322 Princeps,
808 2259 881 2322 spes
893 2239 989 2305 unica
1007 2262 1078 2306 nos·

2 2339 14 2426 f
26 2339 199 2428 Communis,
226 2355 263 2413 et
287 2349 392 2412 nostri
408 2346 520 2432 populi
536 2343 698 2429 refugium
716 2347 863 2428 speciale.
879 2345 1078 2432 Benignissi-

2 2447 257 2521 :sublimitatis
285 2453 406 2524 Vestro
432 2455 562 2520 litteras
586 2454 713 2537 ingenti
736 2454 941 2537 jocunditate
957 2458 1079 2540 recepi-

5 2584 14 2606 ι
33 2578 172 2641 ‚quarum
199 2564 306 2629 series
332 2562 551 2627 humilitatem
576 2566 720 2625 nostram
737 2562 849 2642 erexit,
865 2568 899 2627 et
914 2563 947 2626 in
964 2563 1078 2628 menti-

11 2685 19 2715 ι
35 2669 136 2734 nostris
161 2669 362 2736 vehementis
386 2670 496 2735 leticie
523 2669 674 2752 spiritum
691 2669 853 2735 excitavit.
869 2669 965 2737 Vidit
980 2671 1077 2754 siqui·

4 2799 26 2825 o
45 2781 142 2842 nostra
157 2777 299 2861 devotio,
313 2799 411 2863 quam
427 2799 509 2856 vere,
527 2783 561 2842 et
577 2797 675 2859 quam
692 2796 773 2859 pure
790 2778 939 2843 caritatis
957 2778 1076 2844 affectu

2 2881 18 2930 ¹·
40 2884 202 2960 peculiares
218 2886 411 2971 Majestatis
421 2885 565 2954 eiusdem
576 2881 669 2966 filios,
686 2883 857 2950 clementia
872 2883 992 2953 Vestre
1004 2885 1077 2952 Cel·

2 2985 96 3070 udinis
110 3001 342 3077 prosequatur,
360 3016 460 3078 quam
476 2997 658 3077 pungenter
683 2999 844 3058 commota
858 2993 957 3060 suerit
972 2995 1006 3058 in
1020 3017 1076 3079 pa·

14 3117 34 3150 ἐ
51 3100 130 3166 nobis
145 3102 304 3187 periculis
323 3099 445 3168 Vestra
471 3099 650 3179 Samnitas,
666 3104 700 3164 et
716 3120 815 3183 quem
829 3100 967 3184 benigne
985 3102 1075 3166 sitin

5 3205 117 3273 tione
141 3209 392 3291 discriminium‚
419 3229 481 3290 que
497 3229 518 3273 a
536 3206 628 3271 nobis
654 3205 763 3272 divine
789 3209 935 3293 potentie
953 3208 1074 3292 digitus

7 3307 115 3396 'gavit
131 3336 300 3401 quamque
317 3314 530 3400 singulariter
555 3313 732 3380 consolata.
767 3315 918 3384 Vidimus
942 3317 1100 3400 insuper.

33 3447 44 3474 ι·
64 3421 149 3504 clare,
175 3445 321 3510 quamve
344 3424 524 3490 luculenter
548 3443 640 3488 suam
655 3423 869 3489 intentionem
886 3445 965 3506 erga
981 3424 1076 3494 devo·

20 3554 22 3574 *
40 3525 113 3597 hunc
135 3535 298 3618 populum
314 3531 437 3602 Vestra
453 3530 621 3598 Serenitas
639 3528 824 3612 explicarit,
839 3537 876 3595 ut
892 3532 1005 3598 harum
1023 3532 1075 3598 lit-

43 3656 87 3699 un
110 3638 197 3704 sama
223 3661 292 3705 non
318 3639 466 3723 patiatur
483 3637 583 3702 etiem
598 3638 703 3701 nostri
720 3641 825 3702 status
843 3638 967 3704 emulos
983 3638 1074 3704 dubi·

12 3768 24 3786 *
48 3741 284 3830 Magnitudinis
301 3745 420 3814 Vestre
438 3744 574 3811 Culmen
591 3743 746 3828 populum
756 3743 984 3811 Florentinum
993 3768 1073 3830 pure

18 3868 222 3940 teretesque
248 3857 285 3921 in
311 3855 406 3920 solite
422 3852 591 3920 clementie
607 3852 679 3917 sinu
699 3851 859 3934 Regimen
875 3861 1024 3918 nostrum
1040 3855 1073 3920 in

19 3985 39 4027 ’.ι
57 3963 114 4029 aris
137 3966 261 4030 amoris
289 3961 458 4029 dulcedine
483 3959 660 4028 confovere.
688 3959 759 4044 Qus
776 3967 1073 4045 quantumcumque

137 4073 232 4139 nobis
243 4077 363 4153 esseut
374 4070 595 4154 gratissimum
606 4075 715 4133 tamen
732 4067 796 4132 fuit
812 4068 871 4134 hec
886 4091 945 4153 per
962 4069 1073 4137 throni

15 4204 17 4216 ι
44 4177 231 4248 'mellifluas
258 4181 389 4246 litteras
417 4177 593 4256 declarari3
618 4197 679 4260 que
695 4177 835 4260 posteris
856 4178 977 4243 nostris
1002 4199 1073 4260 per·

3 4288 15 4317 ’Ν
32 4291 150 4354 otestcs
166 4295 277 4370 erunt,
289 4295 415 4372 quante
425 4287 548 4352 caritas
564 4291 597 4350 et
614 4291 755 4368 quantus
771 4306 862 4350 amor
877 4284 982 4369 Regie
1000 4285 1073 4351 Cle-

23 4391 58 4456 tis
78 4395 258 4463 devotionis
285 4403 397 4463 nostre
421 4396 636 4461 reverentiam
663 4397 706 4460 sit
726 4396 903 4478 complexa
919 4394 986 4460 Pro
1004 4395 1072 4478 qui-

38 4499 278 4572 clemenlissime
303 4504 472 4588 Princeps,
490 4504 518 4569 si
533 4504 668 4570 daretur
683 4503 835 4587 facultas
859 4502 1073 4568 libentissime

17 4634 47 4663 ιι
77 4632 120 4675 ιιιι
135 4613 249 4679 debita
266 4613 473 4679 solveremus.
491 4610 557 4678 Sed
567 4617 724 4703 quantum
741 4633 840 4695 supra
855 4609 1073 4678 humilitatem

11 4745 13 4747 ’
25 4743 31 4770 ι
43 4739 88 4784 an
102 4721 208 4805 gloria
220 4719 346 4790 Vestra
355 4719 545 4806 Majestatis
562 4720 702 4802 excellit,
718 4725 844 4788 tautum
856 4741 966 4790 omnes
976 4739 1071 4788 oona-
