3134 5254
408 355 475 414 230
764 363 996 409 nieuouscumi
1017 355 1184 405 ultiacus.

412 529 497 614 qiuod
515 527 644 593 omniuo
664 526 802 591 tendunt
820 524 860 588 ad
879 525 947 604 hoc,
965 524 1051 606 quod
1072 523 1177 608 primo
1203 543 1460 604 recognoscamus
1474 520 1516 584 do-
1562 515 1564 522 '

412 639 532 702 minum
556 633 681 718 Regem
698 636 730 698 iu
761 633 948 713 Dominum,
964 641 996 698 et
1022 631 1110 715 quod
1136 632 1236 695 simus
1253 632 1287 695 in
1312 627 1516 695 concordiode

410 746 484 828 alijs
516 741 667 827 ospitalis
689 765 761 807 cum
787 743 850 824 eis;
876 748 908 806 ct
925 740 1013 825 quod
1030 747 1144 824 postea
1176 747 1292 805 contra
1317 737 1517 822 colligatossi

410 855 452 919 ad
468 874 580 937 pacem
602 850 829 918 rationabilem
856 849 1051 916 descendere
1076 848 1250 927 noluerint,
1276 869 1335 913 nes
1357 846 1515 931 juvabunt:
1562 895 1563 898 ,

410 969 488 1026 tuuc
514 961 663 1040 diximus
690 957 870 1042 quodlicet
894 957 937 1022 ad
955 980 1069 1042 eaque
1095 957 1238 1022 dicemus
1265 977 1328 1021 riou
1350 956 1518 1021 haberemus

413 1068 612 1149 mandatum,
638 1075 671 1133 et
695 1067 849 1132 vellemus
876 1089 947 1132 cum
969 1067 1100 1132 domiuo
1125 1065 1289 1130 Zacharia
1315 1066 1399 1130 socio
1423 1071 1517 1129 nostro

414 1179 579 1257 conferre;
596 1184 706 1242 tamen
723 1177 817 1241 uobis
842 1198 902 1260 pro
922 1197 1007 1240 nuuc
1023 1177 1085 1240 iste
1111 1174 1226 1239 modus
1248 1173 1417 1239 videbatur
1433 1174 1519 1238 suiuus

410 1287 574 1366 honestus,
606 1282 694 1368 quod
725 1283 787 1367 ipsi
805 1282 898 1348 uobis
929 1283 1155 1365 exprimerent,
1182 1281 1259 1364 quid
1295 1281 1341 1346 eis
1366 1278 1517 1346 uidebatur

407 1395 539 1479 justum,
557 1414 612 1458 uos
628 1391 736 1458 facere
761 1391 881 1456 debere
905 1390 1137 1470 Jauueusibus,
1166 1389 1326 1455 Paduauo
1353 1396 1387 1454 et
1411 1388 1520 1453 domiuo

413 1501 615 1567 Patriarclie.
632 1497 761 1583 Quibus
777 1499 946 1581 expressis,
964 1499 989 1561 si
1008 1497 1101 1563 uobis
1113 1498 1204 1582 justa
1219 1504 1252 1562 et
1268 1497 1473 1563 ratiduabilia
1486 1497 1521 1558 ri·

413 1609 573 1688 darentur,
589 1606 677 1692 quod
694 1607 757 1690 ipsi
782 1606 1011 1690 promitterent
1027 1605 1121 1670 nobis
1135 1606 1252 1687 facere,
1268 1627 1323 1670 eos
1354 1602 1517 1670 contentari

412 1716 454 1781 ad
470 1715 617 1801 predicta
633 1717 666 1779 in
685 1721 809 1780 certum
825 1716 999 1779 terminum
1025 1714 1254 1795 statuendum
1282 1715 1370 1794 quod
1387 1715 1413 1778 si
1429 1714 1519 1778 lacere

413 1845 477 1890 non
494 1832 636 1908 possent,
652 1823 741 1908 qued
756 1845 815 1888 nos
832 1844 895 1888 ucu
912 1829 1097 1888 teneremur
1122 1823 1169 1887 eis
1188 1822 1231 1887 ad
1248 1822 1393 1906 aliquam
1418 1821 1522 1904 obliga·
1563 1817 1564 1822 ’

411 1933 541 2012 tionem,
558 1932 813 2016 promissionem,
830 1931 879 1997 vel
896 1930 1130 2015 subjectionem
1141 1932 1187 1995 eis
1205 1928 1334 2006 factam,
1351 1932 1455 2014 stipsi
1471 1951 1522 1994 nou

411 2046 600 2107 tenerentur
616 2038 715 2104 nobis.
733 2037 819 2122 Quia
835 2061 899 2104 uou
916 2047 989 2104 erat
1004 2039 1204 2120 couveniens,
1224 2039 1310 2122 quod
1326 2059 1385 2104 uos
1400 2059 1522 2104 essemus
1562 2023 1564 2026 ⁵

414 2148 552 2233 obligati
570 2156 603 2214 et
619 2170 787 2214 remanere
804 2148 837 2212 in
855 2149 1017 2229 seruitute,
1033 2156 1066 2212 et
1082 2147 1146 2231 ipsi
1172 2170 1238 2213 nou
1263 2154 1394 2231 possent
1410 2147 1472 2212 lieri
1487 2145 1522 2210 la·
1562 2181 1564 2230 p

413 2279 485 2322 cere
510 2258 684 2340 colligatos
700 2279 740 2321 ea
756 2278 817 2339 que
832 2257 988 2322 deberent
1013 2277 1073 2339 pro
1095 2261 1190 2338 parte
1218 2277 1338 2336 eorum,
1364 2263 1396 2320 et
1419 2254 1522 2319 habere
1562 2239 1564 2246 '

412 2388 564 2450 guerram
582 2372 614 2431 et
633 2364 797 2430 stimulum
822 2362 1038 2430 Janueusium
1055 2370 1088 2428 et
1107 2363 1265 2442 Paduam,
1283 2387 1321 2430 ac
1346 2366 1374 2428 si
1397 2363 1475 2428 uihil
1489 2363 1521 2426 le-
1562 2417 1564 2424 ,

412 2475 574 2540 cissemus.
591 2473 697 2556 Super
713 2473 878 2557 premissis
894 2473 998 2538 multa
1015 2471 1147 2539 fuerunt
1164 2472 1253 2538 dicta
1269 2495 1328 2556 per
1354 2494 1408 2537 eos
1424 2481 1454 2536 et
1467 2493 1523 2546 uus,
1562 2511 1564 2522 ·

412 2591 445 2647 et
470 2583 601 2649 taudem
628 2582 851 2665 deliberatum,
882 2581 968 2666 quod
994 2583 1056 2666 ipsi
1089 2582 1243 2648 volebant
1271 2603 1407 2665 pensare
1437 2600 1523 2662 usquo
1562 2585 1564 2656 l

413 2690 495 2755 (lieni
515 2691 711 2771 crastinam,
729 2698 761 2755 et
777 2691 865 2772 quod
882 2711 941 2757 nos
958 2690 1057 2756 etiam
1074 2711 1293 2774 pensaremus,
1320 2696 1353 2755 et
1369 2690 1452 2775 quod
1466 2709 1525 2754 eou-
1561 2661 1564 2748 l

413 2801 569 2864 ferremus
585 2820 658 2863 cnm
675 2798 761 2864 socio
778 2805 901 2878 nostro,
918 2806 950 2864 et
965 2805 1078 2882 postea
1094 2821 1236 2864 essemus
1252 2799 1356 2865 simul.
1374 2799 1524 2874 Putamus,
1562 2871 1563 2880 ἵ

415 2907 501 2990 quod
518 2913 654 2991 propter
670 2926 835 2971 accessum
850 2905 982 2972 illorum
999 2907 1108 2987 trium,
1124 2907 1180 2989 qui
1196 2907 1324 2971 iverunt
1338 2907 1481 2972 Paduam
1495 2905 1525 2968 de
1562 2957 1564 2998 ,

414 3036 504 3094 novo,
521 3014 605 3078 sicut
621 3012 816 3096 scripsimus,
833 3013 895 3096 ipsi
912 3013 1058 3078 consulte
1075 3019 1108 3078 et
1124 3014 1297 3079 terminate
1313 3015 1459 3081 lecerunt
1476 3011 1524 3078 col·
1562 3027 1564 3084 i

412 3123 532 3204 ligatos
549 3139 626 3186 suos
642 3118 751 3186 facere
766 3120 952 3205 hujusmodi
970 3142 1118 3186 enormes
1127 3123 1307 3204 petitiones
1325 3131 1361 3188 ut
1377 3124 1525 3188 citiusuos
1562 3095 1564 3142 ⁷

412 3235 544 3314 possent
559 3227 714 3293 iuducere
730 3228 773 3294 ad
790 3228 1033 3313 subjugandum
1050 3250 1109 3293 nos
1132 3230 1264 3296 domiuo
1281 3232 1367 3314 Regi
1378 3231 1419 3296 ad
1430 3251 1524 3296 eorum
1562 3229 1564 3264 ’ἶ

412 3337 541 3402 libitum
558 3335 743 3402 voluntatis.
763 3333 846 3400 Cras
866 3337 951 3400 enim
969 3337 1049 3401 ituri
1066 3359 1177 3402 sumus
1193 3338 1235 3402 ad
1252 3357 1315 3420 ecc,
1343 3340 1426 3404 sicut
1451 3359 1526 3421 supe
1562 3355 1564 3408 J

412 3446 479 3508 rius
504 3444 697 3524 continetur,
723 3451 757 3510 et
781 3444 815 3508 in
832 3450 992 3528 quantum
1008 3447 1199 3528 poterimus
1224 3445 1428 3526 instabimus,
1454 3443 1526 3530 quod

413 3552 566 3618 inducant
591 3552 763 3636 colligatos
788 3575 862 3636 suos
877 3553 920 3618 ad
933 3555 1039 3638 justas
1065 3561 1097 3618 et
1122 3553 1336 3621 rationabiles
1362 3557 1527 3640 petitiones.

413 3658 512 3742 Quod
528 3661 556 3724 si
572 3661 719 3726 obtinere
736 3683 800 3725 uon
826 3663 1004 3746 poteriuus,
1020 3669 1058 3727 ut
1083 3663 1252 3743 credimus,
1278 3665 1437 3730 stabimus
1457 3661 1527 3728 firmi

413 3769 446 3831 iu
463 3767 567 3833 verbis
585 3789 683 3852 supra
701 3768 846 3850 proxime
857 3768 973 3850 dictis,
990 3770 1121 3853 scilicet,
1138 3771 1226 3854 quod
1243 3770 1339 3836 nobis
1350 3775 1527 3856 exprimant

414 3897 475 3957 que
502 3876 688 3941 viderentur
714 3878 759 3941 eis
781 3878 873 3962 justa
897 3899 956 3943 nos
983 3877 1100 3944 debere
1132 3879 1239 3946 facere
1265 3902 1347 3964 erga
1373 3881 1528 3964 colligans

413 3989 474 4048 etc.
500 3982 558 4048 Ad
583 4007 645 4069 que
677 3985 704 4050 si
736 3987 1011 4067 contentabuutur
1035 3989 1085 4053 vel
1106 4009 1156 4071 ue,
1176 3995 1288 4054 tamen
1313 4011 1373 4056 uos
1400 3992 1528 4057 dicemus

415 4111 486 4156 cum
501 4093 689 4173 intentione,
705 4100 815 4158 tamen
832 4095 920 4177 quod
935 4096 987 4160 uel
1006 4103 1232 4162 contententur
1258 4099 1299 4163 de
1320 4099 1473 4182 predictis
1490 4095 1528 4159 uel

414 4219 488 4278 nou,
503 4199 653 4284 predicta
669 4201 867 4268 intendimus
883 4225 942 4288 per
959 4227 1058 4270 uuum
1075 4212 1229 4288 nostrum,
1241 4208 1292 4272 uel
1309 4208 1407 4274 aliter
1422 4205 1530 4276 Vestro

414 4307 568 4374 Dominio
584 4308 693 4374 facere
710 4310 899 4392 manifesta3
924 4313 1011 4395 quia,
1037 4321 1074 4378 ut
1091 4313 1215 4380 dictum
1233 4322 1294 4396 est,
1310 4338 1376 4380 uon
1394 4315 1531 4382 habemus

415 4415 602 4482 uuandatum
629 4416 670 4482 ad
695 4419 862 4500 predicta3
887 4421 1103 4488 consideratis
1129 4428 1239 4488 tamen
1264 4425 1416 4499 omuibus
1432 4443 1531 4507 supra·

420 4522 514 4599 dictis
540 4546 604 4592 uon
630 4525 781 4606 ridemus,
809 4549 867 4593 nec
893 4552 963 4595 oum
991 4531 1082 4615 Rege
1110 4531 1188 4611 solo,
1214 4553 1272 4596 uec
1291 4554 1364 4597 cunr
1381 4533 1485 4616 aliquo
1500 4549 1531 4594 es
