3210 5252
329 439 332 446 .
401 364 464 424 1¹10
752 379 985 430 urruonsccrar
1003 370 1171 427 rucanas.

397 537 445 603 les
469 538 699 622 promissiones
724 563 783 625 per
801 565 856 607 vos
883 549 916 608 ot
941 541 1075 606 nuncios
1090 562 1129 606 ac
1145 537 1389 606 Ambaxatoros
1407 547 1536 604 vestros

398 643 492 710 nobis
517 667 556 712 ac
581 646 772 732 capitaneis
787 656 821 716 et
837 647 1117 716 Ambaxatoribus
1134 649 1254 714 nostris
1269 648 1384 728 factas,
1400 669 1462 712 nec
1478 669 1536 712 un-

399 773 497 835 quam
514 755 648 820 credere
664 757 890 840 potuissemus,
907 755 995 840 quod
1012 777 1032 822 a
1049 754 1298 848 Magnificentia
1313 753 1438 822 Vestra
1453 753 1537 820 talia

339 873 343 888 '
399 861 643 943 processissent,
661 863 726 928 imo
743 884 871 930 eramus
890 865 980 942 certi,
998 863 1085 946 quod
1102 863 1204 946 siper
1221 861 1303 928 alios
1319 861 1402 927 talia
1419 868 1536 926 contra

399 973 564 1033 nostrates
589 966 679 1034 facta
702 969 818 1050 forent,
843 993 899 1037 vos
915 971 988 1054 ipsa
1013 970 1149 1037 turbare
1166 975 1200 1034 et
1215 975 1344 1034 nostros
1364 969 1479 1033 iuvare
1497 973 1531 1033 et

400 1073 575 1142 defendere
600 1085 714 1143 contra
740 1098 949 1162 quoscunque
967 1077 1172 1160 debuissetis,
1188 1083 1221 1142 et
1236 1077 1462 1161 sperabamus,
1479 1095 1536 1141 ros

399 1183 487 1267 ipsos
503 1184 659 1250 continue
674 1184 837 1269 prosequi,
852 1193 886 1251 et
901 1185 1030 1269 agenda
1055 1207 1114 1251 sua
1130 1183 1295 1250 favoribus
1313 1190 1346 1249 et
1363 1182 1533 1249 beneficiis

400 1289 622 1374 amplioribus,
647 1296 776 1358 attento
802 1292 996 1375 specialiter,
1027 1290 1116 1375 quod
1141 1293 1219 1357 civis
1245 1297 1358 1358 noster
1385 1292 1476 1369 estis,
1502 1297 1535 1354 et

399 1419 457 1466 vos
473 1405 506 1464 et
519 1400 653 1485 negotia
678 1409 788 1468 vestra
805 1422 932 1486 semper
955 1400 1185 1467 favorabiliter
1203 1407 1236 1466 et
1251 1399 1390 1484 benigne
1408 1405 1533 1465 tracta·

401 1505 504 1572 vimus
530 1513 563 1572 et
586 1513 777 1589 tractamus,
793 1514 825 1574 et
842 1511 941 1575 etiam
967 1513 1125 1592 quantum
1141 1508 1310 1574 commoda
1326 1515 1360 1573 et
1376 1507 1469 1573 utilis
1485 1513 1535 1574 est

401 1615 603 1681 conversatio
628 1622 816 1682 nostrorum
841 1617 874 1680 in
899 1618 999 1682 terris
1016 1623 1049 1681 et
1065 1616 1144 1680 locis
1169 1617 1285 1682 restris
1310 1617 1417 1699 magis
1434 1636 1534 1698 quam

404 1721 541 1788 alicuius
556 1723 693 1790 alterius
718 1724 947 1806 generationis.
964 1723 1075 1808 Quare
1091 1721 1356 1808 Magnitudinem
1374 1721 1534 1788 Vestram

320 1837 326 1846 “
400 1835 525 1897 attente
549 1831 746 1914 requirimus
761 1837 795 1897 et
810 1853 974 1916 rogamus,
1003 1839 1164 1916 quatenus
1181 1832 1342 1898 novitates
1358 1831 1534 1922 predictas²
1584 1877 1588 1882 -

400 1937 427 2002 si
451 1937 536 2004 facte
561 1945 644 2018 sunt,
670 1959 823 2005 revocare
849 1947 882 2005 et
907 1939 1085 2005 reformare
1111 1940 1239 2024 placeat
1255 1947 1288 2006 et
1304 1940 1420 2021 velitis
1438 1947 1472 2003 et
1490 1938 1532 2002 ab

400 2044 480 2128 ipsis
495 2043 547 2110 vel
563 2044 724 2111 similibus
740 2045 780 2110 de
796 2051 905 2112 cetero
923 2067 980 2112 uos
1006 2046 1180 2128 abstinere,
1196 2049 1426 2131 permittentes
1446 2045 1534 2111 cives

400 2157 434 2216 et
455 2159 655 2218 mercatores
674 2159 804 2220 nostros
823 2156 946 2220 morari
963 2159 996 2220 et
1011 2155 1149 2220 mercari
1165 2157 1200 2220 in
1216 2156 1314 2220 terris
1331 2161 1365 2220 et
1380 2154 1462 2220 locis
1480 2175 1532 2219 ro-

399 2260 449 2325 bis
473 2259 613 2327 subditis
638 2260 745 2327 saluos
769 2268 803 2326 et
828 2281 965 2345 securos,
990 2268 1023 2329 et
1053 2268 1234 2329 tractantes
1250 2271 1282 2329 et
1299 2269 1532 2330 conservantes
1570 2351 1574 2356 Ι

401 2385 440 2432 ac
463 2369 602 2434 tractari
626 2375 659 2433 et
684 2371 867 2466 conservari
895 2370 1049 2436 facientes
1065 2370 1154 2454 ipsos
1173 2393 1247 2436 cum
1263 2391 1375 2436 eorum
1389 2371 1485 2436 bonis
1500 2379 1533 2435 et

401 2477 652 2544 mercationibus
676 2477 902 2546 favorabiliter
928 2485 961 2544 et
985 2479 1120 2570 benigee
1145 2480 1321 2548 secundum
1337 2477 1441 2544 bonas
1458 2500 1532 2544 con·

348 2672 349 2675 Ἴ
401 2583 601 2667 suetudines,
627 2585 823 2654 franchisias
848 2594 880 2652 et
904 2587 1076 2654 libertates
1090 2587 1214 2666 solitas,
1230 2591 1327 2671 prout
1343 2586 1383 2651 de
1400 2585 1530 2668 Magni·

400 2693 528 2759 ficentia
542 2693 666 2765 Vestra
691 2697 786 2779 plene
812 2717 990 2780 speramus.
1017 2694 1125 2779 Super
1146 2696 1264 2779 quibus
1282 2693 1414 2777 quidem
1430 2694 1532 2757 omni-

401 2803 461 2869 bus
477 2802 570 2869 nobis
584 2825 645 2887 per
659 2811 786 2870 vestras
802 2805 932 2870 litteras
948 2805 1164 2871 intencionem
1180 2812 1320 2871 vestram
1336 2805 1468 2889 placeat
1484 2823 1531 2866 re·

402 2931 509 2977 serare
536 2932 634 2995 quam
661 2913 759 2978 cicius
785 2934 854 2979 esse
871 2919 989 2997 potest,
1006 2934 1087 2997 quas
1103 2911 1237 2980 Consuli
1253 2919 1367 2979 nostro
1383 2910 1532 2996 predicto

400 3018 570 3102 assignare
586 3021 704 3086 velitis.

507 3127 571 3196 Die
598 3130 839 3214 suprascripto:
864 3127 960 3214 Quod
991 3129 1153 3198 scribatur
1185 3129 1321 3196 Consuli
1351 3135 1466 3194 uestro
1498 3128 1531 3192 in

399 3233 562 3320 Dulcigno
588 3243 622 3303 et
645 3238 881 3303 mercatoribus
906 3240 1027 3304 nostris
1053 3239 1176 3304 ibidem
1202 3237 1428 3318 existentibus,
1444 3237 1530 3320 quod

399 3351 589 3428 presentare
599 3345 738 3412 debeant
755 3353 788 3412 et
803 3368 977 3431 procurare
992 3345 1141 3411 effectum
1157 3347 1335 3426 literarum,
1353 3367 1437 3428 quas
1453 3345 1529 3409 scri·

399 3451 515 3517 bimus.
528 3451 659 3520 domino
684 3455 709 3521 J
712 3475 769 3520 ure
798 3454 838 3520 dc
862 3455 980 3522 Balsce
1005 3455 1040 3518 iu
1055 3453 1162 3520 forma
1187 3453 1335 3537 superius
1360 3458 1529 3533 annotata,

400 3581 537 3644 quarum
561 3564 688 3646 copiam
713 3563 774 3629 sibi
798 3565 946 3630 misimus
960 3565 996 3629 in
1011 3569 1139 3630 nostras
1164 3564 1294 3630 litteras
1310 3564 1530 3642 interclusam,

400 3667 596 3737 remittendo
621 3671 713 3737 nobis
729 3671 772 3737 ad
787 3694 888 3756 quam
903 3674 1003 3740 cicius
1022 3672 1143 3757 poterit
1160 3672 1415 3756 responsionem,
1433 3691 1529 3754 quarn

398 3776 492 3846 nobis
507 3776 607 3846 faciet
624 3779 730 3847 dictus
745 3780 771 3847 J
772 3803 841 3850 ura.

466 3923 500 3983 (Α
515 3925 626 3975 »Missi«
642 3927 732 3976 czimd
745 3929 885 3979 velenczei
899 3929 1081 3993 allamkdnyv
1094 3928 1209 3979 XXXV.
1222 3926 1366 3978 kecetebel
1387 3929 1431 3977 5³.
1444 3927 1474 3988 1.)
1571 3885 1579 3898 ⁸

972 4191 1038 4207 l-——n
