3214 5250
352 425 415 486 652
706 441 940 488 orrnonaczmr
957 427 1123 486 anabusn.

349 603 492 686 ipsorum
519 601 659 684 benigna
686 602 852 681 tractatio,
884 607 917 666 ot
948 602 1102 685 quicquid
1134 601 1474 685 aSuperexcellentia

351 709 473 778 Vestra
490 709 608 774 saroris
634 716 667 774 et
693 711 797 793 gratie
814 715 1061 791 consequentur,
1088 710 1152 774 erit
1177 715 1289 774 nostre
1306 709 1475 788 devotioni,

350 825 516 900 tamquam
534 817 699 900 singulare
719 817 909 881 beneficium
926 819 1113 899 gratiosum.
1136 816 1226 882 Data
1244 816 1413 882 Florentio
1428 816 1476 881 die

350 925 394 989 X.
413 925 586 1009 Februarij
605 923 669 989 XI.
685 925 862 989 indictione
879 921 1256 990 MOCCLXXXVHI.

349 1053 472 1114 (Er-edeti
487 1053 699 1116 sogalmazvr'my
713 1069 729 1102 a
755 1053 890 1116 ›Signori,
914 1051 1069 1116 Oarteggie,
1094 1051 1222 1100 ninnive«
1246 1053 1300 1101 etb.
1324 1053 1402 1102 XXI.
1424 1053 1476 1101 ket

616 1150 656 1194 11.
670 1159 706 1193 sz.
720 1159 736 1192 a
748 1179 754 1204 ,
768 1144 923 1194 aflorenczi
937 1157 1011 1207 nagy
1024 1142 1215 1203 levtltdrban.)

881 1430 953 1492 376.

350 1593 526 1680 Zsipmond
542 1593 723 1678 kirdlynak
739 1617 760 1655 o
769 1591 926 1678 storenczi
942 1591 1156 1679 kbztdraosdq
1172 1592 1366 1679 karma'nyo.
1386 1595 1476 1656 1387.

564 1752 650 1834 Regi
668 1751 852 1834 Hungarie.

457 1859 670 1925 Serenissime
695 1865 794 1942 atque
818 1859 1050 1942 gloriosissime
1066 1859 1235 1942 Princeps,
1251 1860 1397 1924 Domine
1414 1880 1474 1923 me·

350 1967 479 2033 tuende.
497 1968 607 2032 Tanta
624 1989 751 2054 semper
776 1967 839 2032 luit
865 1966 977 2050 populi
993 1967 1095 2032 nostri
1112 1967 1248 2046 devotio,
1265 1989 1364 2052 qnam
1383 1969 1475 2032 since

349 2077 394 2140 ris
419 2075 590 2141 affectibus
616 2074 658 2139 ad
683 2075 914 2157 gloriosissime
939 2075 1093 2140 memorio
1111 2074 1298 2159 Principem
1316 2076 1475 2140 dominum

351 2183 511 2249 Karolum
527 2181 751 2249 Romanorum
778 2184 1016 2266 Imperatorem
1035 2205 1162 2267 semper
1179 2183 1365 2266 Augustum
1382 2193 1474 2266 atque

348 2291 481 2356 Boemio
500 2292 625 2374 Regem
653 2293 946 2374 singularissimum
972 2294 1149 2359 Dominum
1177 2300 1334 2376 nostrum,
1352 2293 1427 2356 dum
1443 2293 1472 2355 in

350 2399 499 2466 humanis
526 2400 656 2482 degeret
681 2400 889 2482 habebamus,
916 2401 1001 2484 quod
1030 2422 1086 2466 ros
1113 2400 1262 2465 inclitam
1291 2400 1474 2484 Majestatis

350 2515 443 2572 tante
469 2509 667 2590 progeniem,
694 2530 754 2590 pro
781 2509 906 2573 nostris
932 2509 1097 2591 requirere
1123 2507 1246 2573 civibus
1272 2529 1337 2574 non
1353 2514 1473 2573 tantum

348 2637 409 2699 pro
437 2614 664 2698 consequenda
690 2616 819 2681 iustitia
844 2617 1073 2700 supplicamus.
1105 2615 1187 2682 Cum
1211 2617 1323 2699 itaque
1355 2614 1472 2681 nobiles

348 2724 408 2788 viri
426 2729 488 2787 etc.
504 2721 594 2788 Data
611 2729 671 2788 etc.

349 2851 472 2912 (Ererleti
487 2851 505 2899 n
515 2852 697 2916 galmazvany
721 2867 737 2900 a
762 2853 898 2916 »Signum
920 2851 1076 2916 Carteggie,
1089 2851 1218 2900 Missivec
1233 2852 1287 2902 stb.
1311 2851 1388 2900 xxl.
1401 2853 1472 2902 trote

556 2943 644 3006 geben
662 2947 701 2991 12.
716 2957 753 2991 ez.
767 2957 801 3002 a,
814 2956 831 2990 a
844 2943 972 2992 llorenczi
985 2956 1059 3006 nagy
1072 2941 1268 3000 leveltrtrban.)

836 3105 993 3114 ,-.--.-.

882 3234 955 3293 377.

350 3392 609 3478 Mopyrrrorszdp
637 3392 704 3456 lesbo
727 3393 898 3474 soar-anal·
924 3418 944 3456 n
956 3393 1110 3480 florenczi
1125 3391 1335 3480 kdztrirsosdy
1353 3393 1471 3457 lcorma'·

813 3523 889 3586 nya.
917 3503 1011 3564 1387.

564 3657 759 3724 Beronibus
1316 3727 1326 3738 Μ

457 3767 635 3851 Magnifice
661 3767 808 3846 Domine,
829 3765 934 3832 frater
949 3772 981 3831 et
997 3768 1099 3832 amice
1116 3767 1295 3834 karissime.
1313 3766 1397 3834 Cum
1412 3767 1473 3832 No

349 3875 430 3941 biles
447 3876 505 3939 riri
522 3875 670 3941 dominus
681 3873 801 3941 Verius
813 3884 872 3940 etc.
887 3877 921 3940 in
938 3877 1105 3941 exactione
1122 3897 1270 3959 quarum,
1287 3878 1347 3941 nisi
1364 3877 1473 3943 vestris

345 3983 510 4049 favoribus
526 3984 719 4048 adiuventur
730 3990 788 4048 otc.
800 3985 888 4067 ipsos
906 3983 1083 4048 Nobilitati
1100 3992 1131 4048 et
1147 3985 1395 4068 Magnificentie
1410 3985 1471 4052 Ve-

349 4100 415 4157 stre
432 4092 622 4156 cordialiter
647 4092 917 4173 commendamus
934 4102 966 4158 et
983 4093 1138 4176 precipue
1154 4095 1187 4157 in
1203 4095 1407 4160 assecutione
1423 4118 1472 4179 pe

282 4261 286 4270 .
348 4203 525 4280 cuniarum,
542 4222 624 4284 quas
649 4223 669 4264 a
695 4201 796 4265 Curia
821 4201 964 4285 recipere
982 4200 1107 4266 debent
1125 4200 1176 4266 Ne
1192 4203 1299 4268 libera
1317 4210 1470 4288 grataque

348 4311 481 4374 servitia
497 4309 649 4392 Reginali
665 4309 859 4374 Celsitudini
874 4309 963 4374 facta
979 4318 1037 4375 etc.

349 4437 699 4501 (Eredetisogalmazvany
722 4455 738 4486 a
763 4439 899 4504 ›Signori,
924 4439 1078 4503 earaeggie,
1093 4441 1222 4490 Missive«
1247 4443 1301 4490 stb.
1324 4443 1398 4492 XXI.
1418 4443 1469 4493 ket.

615 4533 653 4580 13.
669 4544 706 4578 sz.
720 4543 753 4590 a,
766 4545 783 4578 a
795 4531 927 4580 florenezi
940 4545 1013 4596 nagy
1027 4531 1220 4594 leventrban.)

832 4697 991 4708 ouu—-uv
