3214 5250
388 283 452 344 600
740 293 974 348 nrrnonraczrsr
990 284 1159 340 suabsna.

383 455 452 522 Nos
467 463 576 522 autem
591 475 664 522 cunr
679 455 898 539 prosperitate
914 454 1113 539 Regnorum,
1128 475 1192 539 que
1207 475 1296 520 nunc
1310 461 1496 520 accesserunt

383 561 1500 648 MajestatisVestreCulmini‚gratulemurggaudemustameneximie,

384 671 604 738 Serenitatem
616 670 773 739 Vestram
789 671 879 736 novis
895 678 927 736 ct
943 670 1148 738 mirabilibus
1159 671 1305 754 quotidie
1316 667 1500 735 successibus

385 779 537 844 exaltari.
553 777 753 859 (laudemus,
771 783 900 844 tantum
916 785 948 842 et
965 777 1032 843 tale
1048 777 1225 863 presidium
1251 777 1501 861 languentislta-

383 888 426 954 lie
442 887 566 954 morbis
583 885 625 952 ad
642 885 840 950 obviandum
857 887 983 951 cunctis
1000 887 1153 970 periculis
1170 886 1359 950 accrevisse.
1385 883 1500 950 Gaude·

384 1019 456 1063 mus
472 995 505 1060 in
532 994 677 1079 potentie
703 1000 814 1059 vestre
838 993 981 1072 brachio,
1007 992 1186 1076 gloriosum
1212 992 1385 1059 Catholice
1410 993 1501 1076 partis

385 1101 516 1168 Guelffe
532 1123 650 1168 nomeu
666 1102 751 1168 mira
764 1123 838 1167 oum
853 1101 1046 1166 fortitudine
1062 1099 1219 1166 roborari.
1247 1097 1436 1164 Gaudemus
1460 1099 1503 1164 de

386 1214 485 1294 nique
502 1218 613 1277 nostro
630 1211 750 1296 populo
769 1216 897 1277 tantum
924 1210 1075 1280 savorem.
1092 1217 1251 1294 quantum
1275 1208 1317 1275 de
1345 1210 1501 1293 Magnitu-

385 1320 460 1385 dine
475 1318 602 1400 yestra
620 1319 827 1404 concipimus,
842 1319 1030 1402 preparari;
1056 1338 1299 1402 speramusque,
1317 1318 1405 1400 quod
1432 1319 1506 1382 sicut

388 1427 622 1492 Sanctissimae
638 1427 692 1492 ille
708 1425 838 1508 Presul,
863 1427 897 1492 iu
922 1425 1016 1491 cuius
1039 1427 1261 1491 anniversarie
1286 1447 1505 1490 commemora·

387 1535 487 1602 tionis
502 1535 555 1600 die
570 1533 732 1619 dyadema
755 1541 848 1600 tante
873 1535 977 1618 glorie
1002 1535 1198 1618 suscepistis,
1222 1534 1314 1599 orbis
1340 1533 1508 1618 imperium,

391 1643 522 1708 sublata
547 1641 756 1708 Constantini
788 1641 891 1726 lepra,
922 1642 1098 1725 multisque
1124 1642 1290 1708 miraculis
1317 1641 1358 1708 de
1384 1642 1510 1707 cecitate

387 1750 557 1834 gentilium
572 1749 614 1814 ad
631 1749 741 1816 lumen
756 1750 926 1816 transtulit
942 1748 1212 1832 Christianorum,
1232 1750 1279 1815 sic
1297 1749 1422 1815 invicta
1437 1748 1508 1816 Ves·

388 1867 442 1925 tra
458 1857 627 1942 Majestas,
643 1860 768 1924 cunctis
784 1858 882 1925 Italic
897 1858 1119 1942 languoribus,
1129 1866 1161 1923 et
1170 1859 1272 1924 totins
1286 1855 1512 1923 Christianita-

388 1969 432 2032 tis
450 1966 649 2049 infirmitate,
665 1968 921 2033 sacratissimum
947 1967 1118 2034 salvatoris
1135 1967 1238 2031 nostri
1255 1965 1473 2050 sepulchrum,
1485 1973 1513 2031 et

389 2074 569 2142 illasaneta
587 2073 790 2157 Sanctorum,
807 2097 872 2161 que
889 2073 1125 2142 Saracenorum
1136 2075 1333 2158 perfidiatot
1346 2075 1416 2158 jam
1433 2081 1514 2139 retro

390 2183 505 2250 seculis
530 2184 706 2267 inclinarit,
732 2185 771 2250 de
796 2184 877 2250 fedis
901 2185 968 2250 illis
995 2184 1143 2250 manibus
1169 2184 1203 2249 in
1227 2181 1291 2246 Dei
1316 2182 1514 2265 benignitate

389 2292 574 2377 tryumpbis
605 2291 753 2358 felicibus
784 2295 913 2358 eruetis.
939 2289 1036 2376 Quod
1062 2299 1172 2358 autem
1188 2289 1310 2358 Vestra
1335 2287 1515 2355 Clementia

393 2403 528 2484 dignata
553 2402 596 2466 sit
621 2423 693 2467 cum
719 2401 888 2469 devotione
914 2409 1028 2469 nostra
1060 2407 1128 2467 tam
1154 2380 1372 2464 amicabiliter
1409 2405 1515 2464 vestra
1589 2405 1591 2428 ⁴

392 2511 630 2575 communicare
646 2508 763 2590 felicia,
779 2509 907 2576 debitas
923 2509 1104 2593 gratiarum
1130 2507 1336 2591 rependimus
1363 2508 1515 2571 actiones.

391 2617 602 2703 Majestatem
620 2618 785 2700 Vestram,
801 2619 854 2683 cui
870 2639 929 2682 nos
939 2617 1116 2682 humillime
1126 2616 1399 2696 commendamus,
1410 2614 1514 2698 digne·

391 2734 446 2790 tur
463 2724 680 2811 Omnipotens
706 2724 808 2809 Daue,
832 2724 960 2810 Regum
986 2733 1019 2789 et
1045 2723 1234 2808 Principum
1250 2723 1431 2802 institutor,
1447 2741 1514 2786 cnm

392 2833 538 2900 felicibus
556 2834 764 2900 incrementis
780 2833 886 2916 longis
906 2833 1109 2916 temporibus
1137 2853 1336 2897 conservare.
1363 2828 1512 2895 Ceterum

391 2962 462 3006 oum
479 2944 571 3008 iuxta
586 2927 770 3026 llajestatis
787 2942 907 3011 Vestre
922 2942 1082 3025 rescripta
1098 2940 1293 3023 Magnificos
1309 2939 1430 3004 fratres
1448 2959 1511 3002 nos

391 3057 458 3114 tros
473 3048 695 3116 Bononienses
712 3049 752 3114 de
768 3071 848 3132 pace
864 3072 935 3116 oum
961 3047 1143 3114 Comitibus
1168 3047 1209 3112 de
1233 3047 1403 3113 Barbiano
1430 3046 1512 3111 strio

391 3159 514 3222 tissime
530 3158 717 3224 duxerimus
733 3158 954 3241 requirendos,
970 3179 1160 3242 responsum
1187 3156 1371 3240 accepimus
1400 3157 1431 3220 in
1456 3153 1512 3219 ior·

392 3289 455 3350 ma,
471 3289 568 3352 quam
585 3267 737 3334 iussimus
754 3267 936 3334 intercludi.
954 3265 1051 3351 Quod
1069 3267 1216 3351 quamvis
1232 3265 1339 3349 prima
1354 3265 1463 3330 fronte
1477 3262 1513 3326 sit

391 3397 552 3459 asperum,
576 3373 741 3457 negotium
773 3382 882 3440 tamen
912 3375 1000 3441 istud
1016 3375 1057 3441 eb
1079 3374 1294 3440 reverentiam
1321 3369 1514 3439 Serenitatis

390 3481 511 3550 Vestre
526 3483 607 3549 totis
625 3479 796 3547 affectibus
812 3503 1053 3566 prosequemur.
1073 3481 1164 3548 Data
1179 3481 1231 3547 die
1246 3477 1328 3546 XV.
1345 3477 1514 3545 Februarii

391 3589 512 3658 VIIII.
528 3589 712 3655 indictione.
729 3586 1044 3660 MOOCLXXXV.

392 3735 515 3794 (Eredeti
528 3734 741 3799 t'ogalmazrriny
756 3749 772 3782 a
795 3734 929 3798 »signori
956 3735 1113 3800 Carteggie,
1131 3734 1260 3784 Missirec
1285 3737 1337 3784 stb.
1362 3735 1423 3784 XX.
1445 3733 1516 3781 kole·

589 3823 678 3888 ge'ben
694 3825 752 3872 166.
767 3837 802 3871 sz.
819 3837 851 3884 a..
866 3837 882 3874 a
897 3823 1026 3872 dorenczi
1038 3837 1113 3887 nagy
1126 3822 1322 3884 leveltsrbcn.)
