3210 5252
603 392 697 456 1373.
1172 401 1214 462 57

1 596 3 651 g
51 585 57 602 ·
84 564 206 630 Datum
232 567 267 631 in
293 565 430 634 Groduo
453 567 524 635 loco
552 571 740 640 venacionis
765 575 876 638 nostre
905 571 989 638 seria
1019 578 1114 640 sexta
1144 595 1215 659 pro-

1 667 2 726 3
83 673 169 736 xima
194 678 271 757 post
295 674 415 740 festum
440 674 540 742 Beati
571 675 756 763 Ztonyzlsij
790 679 937 746 martiris
962 701 1048 746 anuo
1080 681 1215 748 Domini

83 777 343 846 rLCCOLXX.
360 782 473 848 tercio.

1 933 3 990 l
83 926 202 992 {Szepesi
223 927 316 977 Jakab
340 928 556 994 orszsgbirousk
580 929 858 984 rere-kiatirattbol
873 933 988 985 shadai
1012 931 1065 984 hir.
1089 932 1215 984 komarsi

1 1015 2 1018 ’
551 1017 749 1084 levtltstrhsu.)

630 1183 727 1192 *uu-...—

622 1346 675 1409 54.

85 1504 196 1571 tado
209 1505 319 1592 opelnr'
333 1507 463 1594 hereeeg
480 1529 496 1570 s
511 1507 539 1573 I.
555 1507 657 1594 Lajoo
672 1529 812 1595 maggae·
828 1509 860 1572 ds
876 1507 999 1596 lengyel
1015 1509 1131 1596 kircty
1156 1532 1213 1595 gc·

1 1629 2 1666 1
84 1612 193 1678 liezinr'
203 1614 507 1698 korrudrsyzo'jduolc
519 1615 882 1704 Gwozdzieczhelysdget
898 1619 1055 1704 trirqyczd
1062 1617 1216 1703 feodalis

1 1719 2 1780 ζ
123 1723 311 1808 adomcinyo
328 1720 545 1786 Goliczidbon
567 1722 724 1790 Loiowicz
742 1721 872 1791 Chodlto
886 1727 1047 1790 sedendi-a.
1073 1725 1169 1789 1373.

187 1881 227 1946 In
244 1882 374 1947 nomine
400 1882 534 1947 Domini
558 1879 678 1948 Amen.
704 1883 809 1950 Decet
833 1883 1072 1950 Excellentiam
1086 1883 1213 1949 Princi-

83 2010 165 2073 pum,
181 2013 315 2056 suorum
335 1990 541 2058 subditorum
566 1979 742 2060 commodis
758 1998 792 2059 et
807 1992 1006 2060 utilitatibus
1034 1991 1212 2071 intendere,

1 2086 2 2164 Ῐ
84 2104 115 2161 ut
131 2099 206 2164 dum
222 2120 337 2165 eorum
354 2099 554 2183 profectibus
574 2100 756 2184 invigilent,
771 2101 860 2184 ipsos
877 2103 910 2166 iu
926 2101 1058 2168 honoris
1075 2101 1124 2166 sui
1140 2121 1212 2184 pro-

84 2211 223 2274 motione
238 2214 273 2273 et
289 2209 437 2294 seruicijs
452 2211 597 2278 sentiant
620 2212 849 2296 promptiores.
876 2207 947 2277 Nos
963 2211 1065 2295 igitur
1079 2203 1212 2281 Vladis-

1 2379 2 2382 ,
85 2315 152 2380 laus
176 2316 239 2382 Dei
266 2318 377 2402 gratie
402 2315 479 2383 Dux
503 2313 721 2403 Oppoliensis,
746 2317 907 2385 Dominus
931 2316 1154 2388 Vieluuiensis
1178 2323 1212 2384 et

84 2421 198 2488 Russie
222 2430 283 2490 ete
311 2423 353 2490 ad
380 2429 572 2508 perpetuam
598 2426 646 2490 rei
674 2428 860 2493 memoriam
886 2424 1033 2490 volumus
1052 2424 1212 2508 devenire,

1 2565 2 2604 r
83 2529 164 2612 quod
178 2532 333 2615 inspectis
358 2530 468 2614 dignis
494 2535 528 2597 et
541 2530 703 2619 ,fidehbus
729 2532 893 2616 obsequiis
917 2553 975 2616 per
1000 2531 1211 2599 Ohodliouem

1 2699 3 2712 ,
85 2635 238 2703 hoiowicz
254 2637 382 2704 fidelem
406 2637 501 2704 uobis
529 2639 685 2705 exhibitis
700 2645 734 2704 et
749 2637 857 2706 adhuc
871 2639 991 2705 futuris
1006 2638 1211 2724 temporibus

1 2735 2 2824 ᾗ
84 2744 171 2810 nobis
196 2751 230 2810 et
253 2747 377 2811 nostris
403 2747 641 2814 suecessoribus
657 2768 696 2813 eo
713 2747 841 2814 fidelius
864 2746 1063 2828 exhibendis,
1079 2752 1209 2814 maturo

1 2865 2 2912 3
84 2861 262 2920 nostrorum
289 2851 462 2921 Sosiorum
486 2854 658 2938 prehabito
689 2857 825 2923 consilio
851 2854 1008 2940 diligenti,
1034 2855 1075 2922 de
1100 2859 1210 2922 nostre

1 2956 2 2985 ³
83 2959 240 3044 largitatis
255 2961 480 3028 munificentia
504 2963 611 3030 eidem
638 2959 809 3030 Ohodlroui
826 2971 859 3029 et
876 2965 943 3030 suis
967 2963 1144 3032 heredibus
1160 2969 1208 3028 at·

87 3089 149 3152 que
162 3069 313 3154 legitimis
331 3071 572 3140 successoribus
597 3070 706 3138 villum
731 3077 877 3138 nostram
901 3071 1023 3138 dictam
1039 3070 1209 3140 Goadzecz

81 3197 178 3261 prope
193 3175 325 3244 fluvium
341 3176 467 3245 dietum
483 3177 663 3246 Ouarnawa
679 3181 713 3244 in
731 3178 894 3246 Districtu
904 3187 1017 3247 nostro
1028 3177 1209 3246 Oolomien·

83 3285 109 3348 ei
126 3305 192 3351 oum
207 3285 357 3354 omnibus
382 3287 449 3352 suis
474 3288 691 3371 pertinentiis,
702 3287 833 3372 juribus
849 3294 882 3354 et
897 3287 1058 3370 dominiis,
1074 3307 1208 3371 proven·

1 3386 2 3438 ³
81 3391 172 3474 tibus,
194 3392 461 3476 obventionibus,
484 3395 636 3462 censibus
662 3402 695 3461 et
720 3396 956 3478 emolumentis,
981 3402 1081 3481 prout
1096 3391 1208 3460 eadem

1 3484 3 3564 ἶ
82 3498 157 3564 ville
178 3501 210 3566 iu
235 3503 302 3567 suis
327 3503 423 3568 metis
440 3508 473 3569 et
488 3503 644 3588 granioijs
660 3511 710 3569 est
725 3505 847 3570 situata
868 3503 1209 3571 circumferentioliter

1 3621 2 3687 g
82 3613 113 3670 et
129 3605 284 3693 distinete,
308 3632 382 3676 cunr
408 3612 497 3696 agris
525 3611 621 3678 cultis
637 3616 671 3678 et
686 3612 818 3678 incultis
836 3618 870 3678 et
885 3612 926 3678 de
942 3633 1026 3678 nouo
1042 3613 1207 3696 extirpan-

1 3739 2 3804 ς
82 3711 140 3794 dis,
152 3735 219 3782 cum
234 3717 334 3802 siluis,
350 3719 490 3802 mericis,
502 3720 697 3802 nemoribus,
713 3721 847 3802 rubetis,
856 3719 1137 3803 aucupationibus,
1154 3738 1205 3782 ve-

1 3822 2 3900 l
81 3823 265 3906 nationibus,
279 3827 396 3910 pratis,
423 3828 560 3911 pascuis,
585 3827 789 3911 molendinis,
806 3829 941 3912 stagnis,
956 3829 1097 3912 pisoiuis,
1113 3847 1203 3893 mon·

1 4011 2 4021 ἵ
81 3928 173 4010 tibus,
187 3931 329 4014 collibus,
346 3933 558 4018 planiciebus,
574 3937 678 4019 aquis,
694 3956 895 4019 aquarumve
905 3934 1106 4014 decursibus,
1121 3939 1206 4000 cete·

1 4051 2 4130 t
79 4037 184 4118 risque
198 4041 343 4107 omnibus
371 4040 586 4125 adherentiis,
612 4043 811 4112 utilitatibus
838 4050 872 4110 et
890 4041 1115 4109 usufructibus
1131 4063 1207 4126 pro·

80 4165 163 4210 nouo
176 4147 205 4210 iu
219 4147 305 4215 dicta
320 4149 399 4216 ville
416 4151 643 4232 existentibus,
669 4151 720 4220 vel
745 4152 946 4236 temporibus
962 4151 1150 4218 successivis
1165 4171 1205 4214 ex

1 4269 2 4334 ζ
81 4251 187 4319 eadem
210 4258 383 4340 prouenire
409 4257 600 4344 valentibus,
627 4259 751 4340 damus,
777 4259 983 4342 conterimus,
999 4257 1157 4324 dommus
1173 4263 1206 4322 et

1 4406 2 4409 =
80 4361 286 4441 approbamus
311 4363 418 4432 eidem
443 4363 618 4434 Ohodkoui
645 4374 678 4436 et
702 4369 770 4434 suis
795 4366 972 4434 heredibus
998 4371 1032 4430 et
1045 4363 1203 4446 legitimis

1 4483 2 4538 3
81 4471 307 4538 successoribus
332 4471 540 4554 hereditarie,
556 4475 631 4559 jure
646 4474 780 4556 teudeli,
795 4494 836 4542 eo
850 4473 1004 4541 libertate
1020 4476 1053 4538 et
1068 4491 1206 4538 consue·

1 4618 2 4648 ;
80 4571 193 4659 tudine,
207 4598 269 4662 qua
284 4582 385 4648 ceteri
404 4580 516 4647 vasalli
533 4583 635 4649 nostri
660 4581 834 4667 possident
853 4603 912 4650 sue
929 4579 1024 4660 bona,
1041 4582 1206 4666 perpetuis
