3210 5252
578 353 672 418 1374.
1145 358 1185 418 87

71 531 163 614 Regni
188 529 325 596 Polonie
351 532 441 616 ipsas
465 531 579 596 volunt
595 537 627 594 et
639 530 824 595 'voluerunt
840 529 997 595 obtinere.
1013 529 1138 596 'lamen
1153 533 1188 596 in

14 675 15 678 π
73 659 102 704 eo
116 659 194 718 casu,
210 658 274 721 quo
289 636 395 702 filium
411 638 462 702 vel
476 630 561 703 filias
576 636 697 704 Divina
713 623 819 703 nobis
834 635 1026 719 providente
1051 638 1188 704 clemen-

14 809 15 812 ,
72 746 110 811 tia
130 745 347 827 habuerimus,
372 765 470 810 vnum
498 766 536 810 ex
564 744 683 810 eisdem
705 742 868 828 masculis,
883 743 949 810 illis
965 743 1189 812 deficientibus

73 875 155 920 unam
178 875 216 918 ex
232 853 354 918 nostris
381 850 510 918 filiabus
535 874 621 918 nunc
636 853 723 918 natis
741 858 774 917 et
791 851 979 919 extantibus
994 873 1034 918 ec
1049 853 1083 919 in
1099 852 1185 918 iutu-

73 984 133 1028 rum
156 963 337 1042 nascituris,
363 982 458 1045 quem
483 961 533 1027 vel
559 982 657 1044 quem
672 961 744 1028 Nos
761 960 812 1025 rel
828 959 1114 1027 Excellentissima
1130 962 1184 1030 do·
1309 983 1313 990 ·

73 1073 148 1136 mina
162 1069 296 1154 Regina,
313 1077 419 1136 meter
435 1077 468 1135 et
482 1090 615 1137 consors
640 1076 753 1135 nostra
778 1068 961 1151 karissima,
985 1069 1062 1154 ipsis
1088 1071 1189 1157 essig-

73 1179 203 1244 nabimus
228 1185 263 1244 et
277 1177 502 1262 assignabunt,
528 1177 621 1244 illum
637 1175 688 1242 vel
714 1176 806 1242 illam
822 1175 967 1242 habeant
992 1199 1052 1261 pro
1069 1177 1188 1246 herede

72 1292 102 1350 et
123 1306 301 1352 successore
325 1289 449 1366 nostro,
469 1289 505 1350 et
521 1285 583 1369 ipsi
598 1283 762 1368 regnicole
779 1304 947 1351 assumere
963 1291 1138 1353 teneantur
1154 1295 1187 1352 et

72 1390 189 1476 habere,
214 1397 313 1478 prout
338 1392 458 1458 eisdem
476 1412 534 1476 per
549 1391 705 1471 Berones,
722 1389 865 1472 Nobiles,
882 1390 1050 1476 Proceres,
1067 1393 1189 1459 Civita-

13 1523 15 1530 ·
71 1507 166 1566 tenses
181 1507 213 1567 et
228 1499 375 1585 singulos
389 1498 627 1566 inhabitatores
644 1499 752 1582 Regni
770 1497 906 1565 Polonie
923 1499 962 1565 fit
981 1506 1014 1565 et
1030 1501 1118 1569 secte
1135 1509 1187 1568 est

72 1605 107 1672 de
115 1614 220 1674 nosue
232 1606 401 1674 voluntate
411 1604 569 1692 obligatio
581 1605 785 1690 homagialis,
796 1614 829 1672 et
838 1606 1012 1691 promissio
1028 1609 1065 1675 fit
1081 1617 1114 1675 et
1123 1609 1189 1678 fac·

72 1721 173 1797 tacst;
189 1735 315 1780 exnunc
324 1718 424 1797 prout
433 1721 558 1796 extunc,
570 1721 604 1780 et
614 1721 731 1780 extunc
741 1721 841 1798 prout
851 1735 978 1781 exnunc
987 1716 1146 1800 recipient
1156 1719 1189 1784 in

12 1869 14 1878 ,
71 1819 254 1906 Principem,
279 1819 434 1888 heredem
449 1829 482 1887 et
497 1821 679 1906 legitimum
695 1841 930 1904 successorem;
955 1829 989 1888 et
1005 1821 1122 1890 deinde
1140 1823 1190 1890 vel

12 2011 14 2020 Ι
73 1928 182 1994 abinde
205 1950 408 1998 successores
427 1929 601 1995 eonmdem
617 1928 668 1994 vel
687 1928 863 1994 earundem
889 1928 996 1994 locum
1021 1931 1190 2014 regiminis

70 2036 201 2105 habeant
224 2039 373 2106 obtinere
399 2040 431 2105 in
457 2038 572 2123 Regno
588 2037 728 2104 Polonie
744 2043 927 2122 prenotato.
946 2037 1012 2106 Sed
1029 2041 1109 2121 quia
1126 2040 1187 2108 Oc·

70 2167 141 2212 rona
165 2146 271 2233 Regni
295 2147 435 2233 predicti
450 2167 509 2231 per
525 2146 585 2212 has
610 2148 831 2214 successiones
849 2153 962 2231 posset
976 2147 1187 2232 aliquomodo

68 2253 170 2333 diuidi,
192 2255 376 2342 rumpi,ch
392 2257 506 2340 quovis
522 2254 618 2322 modo
633 2254 767 2338 violari;
782 2255 1004 2339 promittimus
1019 2255 1105 2324 bone
1121 2257 1187 2325 fide

68 2361 180 2448 absque
194 2367 281 2431 omni
297 2364 374 2431 dolo
391 2364 566 2450 cujuslibet
574 2363 701 2430 fraudis
718 2361 779 2428 sub
796 2369 1000 2430 sacramento
1018 2363 1094 2431 fidei
1114 2387 1187 2434 nos-

66 2479 119 2554 tre,
132 2475 234 2558 ipsam
252 2473 416 2541 Coronam
425 2473 532 2559 Regni
542 2472 678 2540 Polonie
696 2493 821 2556 semper
838 2471 960 2539 selvam
977 2478 1011 2538 et
1025 2475 1189 2559 integram

68 2601 102 2646 ec
115 2580 274 2648 illibatam
301 2602 503 2665 conservare,
520 2585 554 2646 et
568 2579 675 2646 nullas
702 2586 807 2645 terres
823 2579 874 2644 vel
891 2586 1002 2664 partes
1019 2601 1131 2647 earum
1147 2581 1190 2648 ab

66 2693 131 2775 ipse
154 2692 300 2760 alienare
326 2692 376 2757 rel
402 2691 564 2772 minuere,
598 2687 654 2754 sed
680 2709 752 2755 cam
778 2708 900 2772 augere
926 2695 960 2754 st
984 2711 1189 2775 recuperare,

66 2801 145 2867 velut
166 2803 200 2867 in
227 2799 449 2868 coronatione
475 2804 588 2864 nostra
604 2819 714 2864 sumus
731 2803 765 2862 et
780 2795 900 2862 fuimus
914 2796 1053 2880 obligati
1070 2801 1189 2865 nostris

65 2911 274 2975 munimentis.
294 2909 340 2974 llt
356 2909 435 2991 quia
451 2906 590 2992 predicti
609 2906 713 2971 nostri
731 2904 875 2986 Nobiles,
892 2904 1044 2973 affectum
1060 2906 1103 2972 ad
1118 2910 1189 2976 Nos

62 3015 215 3084 hebentes
240 3017 425 3102 specialem,
450 3014 663 3099 quodetiam
688 3012 816 3098 prolem
842 3022 988 3081 nostram
1014 3013 1189 3081 femineam

62 3125 153 3191 veluti
180 3124 363 3192 masculum
390 3124 436 3189 eis
460 3125 495 3188 in
519 3122 707 3207 Principem
733 3129 765 3187 et
797 3121 983 3202 Dominum,
998 3130 1036 3188 ut
1060 3122 1189 3201 dicitur,

60 3237 290 3318 acceptarunt3
314 3231 389 3298 ideo
415 3230 455 3297 ob
471 3231 590 3296 merita
615 3229 792 3314 fideliaque
818 3230 951 3296 servitia
976 3227 1072 3308 facte,
1088 3235 1122 3294 et
1138 3251 1189 3294 vo·

58 3338 198 3406 luntates
224 3339 463 3408 Vniuersitatis
493 3339 648 3423 ipsorum,
673 3360 736 3421 que
762 3336 855 3403 nobis
880 3343 915 3404 et
940 3337 1061 3403 nostris
1079 3338 1190 3422 pueris

59 3450 226 3535 utriusque
254 3469 361 3531 sexus,
385 3445 474 3514 facto
499 3443 588 3512 fideli
607 3445 761 3530 homagio
786 3445 1001 3530 prostiterint,
1018 3466 1057 3511 ee
1072 3446 1189 3530 impos·

60 3561 157 3624 terum
182 3558 260 3624 loco
286 3561 320 3620 et
335 3563 481 3640 tempore
506 3554 616 3621 fidelia
643 3554 776 3620 servitia
793 3560 870 3619 sunt
884 3553 993 3638 parati
1009 3554 1109 3620 dente
1124 3553 1191 3619 Do·

58 3666 137 3731 mino
153 3667 323 3745 exhibere,
339 3685 395 3731 eos
412 3663 545 3749 speciali
556 3663 667 3730 ferora
682 3663 917 3747 prosequendo,
929 3661 1099 3745 Civitates,
1112 3661 1191 3728 Oes-

56 3780 112 3856 tra,
135 3775 375 3860 possessiones,
398 3772 518 3857 oppida
543 3778 577 3837 et
600 3771 703 3854 villas,
720 3779 753 3836 et
768 3771 893 3838 incolas
912 3769 1069 3850 villarum,
1085 3770 1190 3835 totius

56 3879 156 3968 Regni
182 3881 331 3949 Polonic
356 3879 589 3960 inhabitantes,
614 3879 759 3962 ipsorum
785 3877 956 3944 Beronum
972 3885 1005 3943 et
1021 3875 1191 3944 Nobilium

56 3992 204 4074 omnium,
232 3987 442 4070 absolvimus,
466 3987 644 4053 liberamus
670 3992 704 4052 et
729 3985 899 4051 eximimus
924 3984 967 4051 ab
993 3984 1142 4052 omnibus
1159 3990 1191 4050 et

57 4099 189 4185 singulis
216 4097 377 4180 collectis,
403 4094 631 4162 donationibus
648 4095 715 4162 sive
742 4093 883 4175 tributis,
899 4101 967 4160 tam
983 4091 1192 4179 generalibus

57 4229 150 4290 quem
167 4205 383 4294 specialibus,
399 4225 590 4289 quocunque
616 4204 747 4270 nomine
763 4208 966 4284 censeantur,
982 4208 1016 4268 et
1030 4200 1071 4267 eb
1089 4201 1190 4267 omni·

55 4317 110 4384 bus
134 4315 298 4402 servitijs,
322 4311 501 4395 laboribus,
532 4311 769 4393 vexationibus,
795 4309 950 4395 angariis,
976 4308 1192 4394 perangarijs,

56 4427 86 4490 in
99 4427 196 4493 rebus
213 4429 261 4490 'et
278 4422 427 4508 personis
448 4420 696 4502 committendis,
712 4441 792 4505 pure
808 4421 841 4484 et
857 4417 1049 4501 simpliciter
1065 4417 1190 4482 solutos

10 4589 16 4622 ,
58 4540 87 4601 et
110 4533 286 4603 absolutos
303 4531 538 4598 essevolumus
557 4551 597 4596 ec
614 4533 788 4612 exemptos.
809 4524 875 4592 Sed
893 4524 942 4590 his
958 4530 1087 4622 tentum
1102 4524 1190 4592 volu·
