3248 5242
617 386 712 451 1390.

628 697 702 757 418.

97 857 127 923 A
144 857 298 922 velenczei
314 857 589 943 lcormdaqtundcs
600 856 768 920 Plamatio
784 855 889 920 Jdoos
905 855 1085 920 dalmatiai
1102 856 1227 920 misaid-

542 964 647 1050 jrirc'l.
673 965 769 1029 1390.

205 1123 303 1192 Anno
329 1123 653 1190 MOCOLXXXX.
688 1124 741 1190 die
767 1122 904 1192 XXVI.
931 1123 1025 1190 Maii.
1060 1123 1225 1208 Capta:

99 1233 185 1318 Quia
201 1235 315 1318 pridie,
332 1234 462 1317 quando
480 1234 635 1318 providus
653 1234 701 1298 vir
716 1235 741 1300 J
743 1234 888 1299 ohannes
898 1232 1066 1298 Plumacio
1083 1234 1170 1300 venit
1186 1233 1225 1298 de

96 1343 248 1428 partibus
265 1341 446 1424 Sclavonie,
464 1345 560 1410 amici
576 1342 624 1407 illi
641 1342 682 1406 de
700 1339 873 1406 Dalmacia
899 1348 1107 1426 rogaverunt,
1124 1348 1160 1405 ut
1177 1363 1226 1406 su·

97 1471 157 1535 per
173 1451 246 1529 illis,
265 1472 327 1534 que
344 1451 405 1516 sibi
422 1450 583 1532 dixerunt,
611 1451 744 1516 daretur
761 1449 823 1514 sibi
839 1458 950 1533 presta
969 1451 1151 1535 respensio;
1175 1472 1228 1514 va·

97 1559 147 1624 dit
163 1581 249 1644 pars,
269 1559 357 1642 quod
384 1562 468 1626 cives
495 1561 598 1624 nostri
624 1559 808 1625 rescribant
833 1559 945 1624 amicis
974 1560 1039 1624 suis
1064 1558 1227 1643 predictis,

96 1667 183 1749 quod
201 1667 391 1733 Dominatio
418 1672 531 1734 nostra
548 1666 639 1731 videt
664 1674 697 1732 et
722 1668 886 1749 cognoscit
907 1667 988 1731 bene
1003 1665 1179 1750 perfectam
1195 1675 1226 1736 et

96 1776 254 1859 optimam
280 1772 534 1858 dispositionem,
561 1797 656 1858 quam
682 1775 744 1857 ipsi
770 1796 842 1839 cum
858 1773 1006 1840 omnibus
1023 1775 1090 1840 suis
1105 1774 1226 1841 habent

96 1884 140 1949 ad
156 1883 294 1948 honores
310 1889 343 1947 et
359 1889 483 1950 statum
509 1889 665 1964 nostrum,
681 1881 720 1946 de
737 1905 801 1966 quo
818 1883 1020 1966 regraciatur
1047 1885 1107 1950 sibi
1124 1903 1225 1967 quan·

94 1998 167 2056 tum
183 1997 299 2074 potest,
322 1990 495 2055 intendens
521 2012 574 2054 eos
592 2011 716 2073 semper
732 1989 852 2054 habere
868 1996 1024 2072 tanquam
1040 1991 1224 2058 carissimos

94 2121 172 2165 suos
188 2100 222 2165 in
237 2098 481 2185 quibuscunque
498 2100 627 2164 casibus
638 2099 826 2164 cordialiter
837 2101 1071 2164 recommissos.
1087 2097 1145 2164 Ad
1161 2099 1226 2166 fac-

95 2214 168 2273 tum
184 2206 365 2291 principale
392 2207 454 2272 sibi
480 2205 600 2290 dicant,
626 2206 724 2290 quod,
741 2206 953 2272 consideratis
969 2206 1074 2272 modis
1091 2209 1227 2273 servatis

93 2337 155 2399 per
180 2314 439 2381 Communitates
465 2316 538 2380 illas
563 2317 596 2380 in
622 2315 781 2380 mittendo
810 2335 900 2380 suam
924 2313 1157 2380 Ambaxiatum
1183 2315 1226 2382 ad

94 2421 223 2506 Regem
238 2423 385 2504 Bossine,
403 2430 436 2487 et
451 2423 609 2505 terminis
625 2423 658 2487 in
675 2423 791 2506 quibus
809 2444 842 2487 se
859 2423 1034 2506 reperiunt,
1059 2446 1124 2489 non
1139 2422 1226 2489 vide·

93 2539 188 2596 retur
214 2531 308 2596 nobis
335 2531 414 2596 utile
440 2552 500 2614 pro
526 2531 668 2614 presenti
694 2530 802 2595 facere
829 2530 926 2596 aliam
958 2532 1154 2598 mencionem
1187 2532 1226 2599 de

92 2639 146 2704 bis
165 2637 272 2706 factis.

92 2785 134 2846 (A
151 2785 281 2835 »Secreta
295 2785 409 2836 Consilii
423 2785 713 2851 Rogas0r11m«0zimc
732 2787 870 2836 velenezei
884 2747 1108 2837 allamakralbol
1121 2789 1153 2837 R.
1168 2788 1224 2839 kur.

564 2877 760 2936 55.m.mamd

583 3037 741 3048 —-—

625 3183 699 3245 419.

90 3345 350 3432 [separaveras
376 3345 604 3431 lutdsdqdnab
630 3346 776 3430 Syrticus
802 3344 930 3408 sicilici
961 3348 1057 3410 vetros
1086 3346 1223 3434 kdzsipe.

613 3456 706 3518 1390.

204 3611 340 3680 Fratres
366 3614 492 3680 colendi
520 3621 617 3698 atque
643 3614 810 3680 carissimi.
836 3613 925 3680 Aliis
950 3616 1114 3700 capitibus
1135 3616 1225 3682 vobis

92 3722 267 3806 scripsisse
284 3721 465 3802 recolimus,
483 3723 570 3808 quod
587 3743 683 3806 super
699 3722 881 3788 exemtione
892 3729 925 3788 et
934 3721 1127 3790 liberatione
1140 3725 1225 3808 juris

89 3830 224 3896 dohane
241 3836 418 3894 vestrorum
435 3830 614 3897 concivium
630 3831 672 3896 ad
690 3827 867 3896 Ciuitatem
895 3829 1036 3915 Syracus
1054 3851 1226 3898 concursu-

88 3941 177 4004 tium
193 3959 250 4021 per
266 3935 407 4003 nobilem
434 3936 604 4004 Motheum
630 3938 669 4002 de
695 3935 802 4003 Gradi
825 3939 987 4003 concivem
1003 3946 1146 4005 vestrum
1161 3939 1227 4023 ple·

87 4049 223 4114 narium
241 4055 349 4112 vestre
365 4047 565 4113 fraternitati
582 4046 775 4113 dederamus
792 4067 989 4132 responsum.
1006 4048 1131 4116 Verum
1147 4049 1225 4130 quia

88 4163 130 4221 ut
148 4155 265 4220 melius
291 4155 333 4219 de
359 4156 538 4220 intentione
563 4163 675 4221 nostra
695 4155 809 4220 eadem
827 4155 1016 4220 fraternitas
1033 4155 1225 4236 declaretur,

86 4285 150 4329 ros
168 4264 316 4328 duximus
337 4265 420 4328 serie
436 4265 636 4348 presentium
652 4263 901 4345 informandum,
919 4263 1005 4347 quod
1024 4263 1136 4329 multis
1152 4285 1225 4329 con·

88 4371 257 4454 sideratis,
274 4393 337 4455 que
357 4371 447 4437 vobis
473 4377 505 4436 et
530 4373 647 4438 vestris
665 4373 812 4438 omnibus
827 4393 886 4436 nos
902 4373 1100 4455 complacere
1117 4372 1226 4437 admo·

87 4485 182 4558 nent,
199 4479 276 4544 dum
292 4501 348 4546 vos
364 4483 397 4544 et
412 4484 537 4545 vestros
549 4481 717 4566 quoslibet
733 4481 827 4545 nobis
844 4480 1072 4564 perpendimus
1088 4481 1226 4564 placitu·

87 4610 158 4670 ros,
174 4588 217 4654 ob
233 4588 321 4671 quod
337 4588 476 4653 honores
494 4593 594 4654 vestri
611 4595 644 4653 et
663 4589 830 4655 commode
849 4590 944 4653 sicuti
960 4589 1095 4674 propria
1110 4588 1225 4655 indise-

1055 4695 1118 4764 44*
