3226 5254
410 459 474 522 336
761 473 996 521 mruonmozur
1012 461 1201 522 naussum.

408 635 500 718 cujus
516 632 650 700 habebit
676 634 897 715 medietatem,
922 634 1025 700 nobili
1040 635 1110 699 viro
1127 633 1257 699 domino
1274 630 1411 700 Andree
1426 631 1545 697 Judici

407 743 624 810 Dobrzinensi
638 763 699 827 pro
715 749 844 808 centum
869 744 990 809 marcis
1015 741 1229 808 vendiderunt
1245 743 1279 807 in
1297 748 1485 826 perpetuum
1500 740 1544 804 li-

406 853 494 934 bere,
520 857 554 918 et
579 852 789 918 contulerunt
815 873 879 917 non
904 853 1072 935 compulsi,
1098 873 1156 916 nec
1172 852 1288 932 coacti,
1304 851 1363 918 sed
1379 852 1419 915 de
1435 850 1542 915 libera

405 963 553 1044 ipsorum
579 962 757 1043 voluntate,
783 983 856 1026 cum
884 960 1032 1026 omnibus
1058 960 1262 1044 utilitatibus,
1289 981 1354 1043 que
1380 982 1440 1044 pro
1456 980 1543 1024 nunc

406 1070 452 1135 ibi
468 1076 551 1151 sunt,
568 1070 620 1134 vel
636 1070 850 1154 inposterum
874 1070 944 1134 fieri
969 1075 1123 1153 possunt3
1147 1070 1207 1135 hoc
1223 1070 1361 1149 adiecto,
1378 1068 1465 1153 quod
1480 1065 1543 1131 flu·

406 1199 478 1243 men
493 1177 570 1262 Bug
585 1177 768 1261 predictum
794 1176 934 1243 tenendo
959 1198 1018 1260 per
1039 1177 1179 1243 medium
1195 1177 1358 1261 usquead
1374 1175 1475 1258 gades
1492 1174 1543 1239 al-

406 1287 471 1353 tius
489 1286 564 1352 ville
580 1287 714 1353 Penino.
739 1286 781 1351 In
807 1285 900 1370 cujus
916 1287 963 1350 rei
979 1287 1208 1370 testimonium,
1228 1284 1372 1367 sigillum
1389 1289 1540 1348 nostrum

406 1396 611 1480 presentibus
628 1401 679 1460 est
694 1416 883 1480 appensum.
900 1392 1023 1459 Actum
1040 1401 1074 1459 et
1088 1395 1201 1459 datum
1217 1395 1251 1458 in
1268 1393 1385 1476 Lipno,
1402 1391 1543 1457 sabbato

405 1508 553 1588 proximo
569 1510 643 1590 post
659 1505 744 1570 diem
764 1503 867 1570 Beate
893 1501 1085 1586 (lutharina
1102 1525 1186 1569 anno
1201 1503 1335 1568 Domini
1364 1501 1543 1567 millesimo

404 1614 633 1680 trecentesimo
659 1614 896 1697 septuagesimo
921 1635 1014 1678 nono.
1032 1612 1245 1678 Presentibus
1261 1611 1427 1677 nobilibus
1438 1611 1544 1676 domi-

404 1722 456 1786 nis
473 1747 480 1786 :
497 1719 634 1788 Andrea
660 1721 885 1802 Dobrzinensi,
910 1722 1011 1787 Petro
1037 1721 1209 1804 Ripinensi
1236 1717 1455 1801 Castellams;
1479 1719 1544 1782 Al-

404 1828 498 1894 berto
515 1826 770 1911 Succamerario,
786 1827 953 1896 Vloskone
970 1826 1180 1908 Subdiudice,
1195 1827 1303 1892 lwone
1317 1826 1544 1908 Marschalco,

404 1934 702 2019 chrzinensibus;
731 1941 764 2000 et
795 1936 952 2002 Janussio
986 1935 1209 2018 Subpincerna
1239 1933 1468 2014 Dobrzinensi,
1500 1956 1545 1999 ac

404 2044 477 2110 aliis
502 2045 613 2111 multis
637 2043 701 2110 fide
727 2044 845 2128 dignis,
874 2043 944 2110 Nos
970 2044 1081 2126 itaque
1105 2042 1228 2127 prefati
1252 2043 1375 2108 domini
1403 2042 1543 2108 Andree

403 2154 497 2218 iustis
512 2152 729 2237 peticionibus
745 2151 906 2232 acclinati,
931 2173 1005 2216 cum
1033 2151 1117 2217 iuste
1133 2150 1321 2234 petentibus
1336 2171 1402 2216 non
1417 2157 1467 2216 est
1483 2149 1543 2215 de·

404 2261 571 2344 negandus
588 2281 748 2342 assensus,
764 2259 981 2344 prescriptam
999 2259 1130 2324 literam
1146 2260 1181 2323 in
1198 2258 1349 2324 omnibus
1366 2259 1434 2323 suis
1450 2258 1544 2322 clau·

404 2369 492 2450 sulis,
516 2368 655 2452 punctis,
680 2373 713 2432 et
738 2367 884 2433 articulis
909 2372 1017 2432 ratam
1033 2371 1066 2430 et
1082 2372 1212 2449 gratam
1237 2365 1406 2448 habentes,
1429 2364 1542 2448 ipsam

404 2476 633 2561 approbamus,
648 2475 859 2554 ratificamus,
875 2474 1100 2558 gratificamus
1117 2481 1150 2540 et
1166 2474 1395 2540 confirmamus
1405 2493 1541 2558 presen-

402 2585 445 2650 tis
462 2587 577 2670 scripti
601 2584 784 2669 patrocinio
809 2583 980 2648 mediante.
1006 2581 1048 2648 In
1074 2603 1213 2667 quorum
1233 2582 1376 2648 omnium
1394 2583 1545 2646 testimo-

401 2695 490 2760 nium
506 2701 673 2778 presentes
697 2695 776 2775 fieri,
791 2694 959 2776 nostrique
976 2692 1075 2777 sigilli
1090 2693 1266 2758 munimine
1281 2690 1416 2756 fecimus
1435 2688 1537 2756 robo·
1571 2754 1574 2758 .

401 2803 477 2867 rari.
496 2800 616 2867 Actum
631 2802 664 2866 in
681 2798 812 2881 Ploczlr,
829 2799 965 2865 sabbato
983 2800 1128 2884 proximo
1145 2805 1222 2865 ante
1247 2798 1451 2878 dominicam,
1468 2819 1542 2880 qua
1611 2875 1612 2878 Ἴ

405 2911 654 2976 »Misericordia
669 2907 822 2975 Dominis
857 2911 891 2973 in
917 2908 1053 2973 ecclesia
1071 2906 1136 2974 Dei
1152 2906 1354 2988 decantatur,
1371 2905 1431 2970 sub
1447 2927 1540 2972 anno
1611 2987 1612 2990 Ἴ

401 3019 546 3084 eiusdem
563 3017 735 3084 millesimo
752 3016 979 3082 trecentesimo
993 3016 1223 3100 octuagesimo.
1240 3014 1455 3081 Presentibus
1465 3035 1542 3080 nos·

400 3127 462 3192 tris
479 3115 629 3193 fidelibus
647 3126 795 3210 superius
811 3125 845 3189 in
861 3125 1083 3190 testimonium
1098 3124 1275 3208 inscriptis,
1292 3130 1324 3188 et
1341 3123 1414 3188 aliis
1430 3125 1540 3206 pluri-

400 3236 461 3300 mis
486 3235 565 3299 viris
591 3233 772 3317 fidedignis.
797 3233 922 3298 Datum
947 3253 1006 3316 per
1027 3253 1143 3298 manus
1159 3231 1281 3296 domini
1296 3230 1428 3296 Nicolai
1446 3227 1541 3297 Oan-

400 3342 526 3408 cellarii
542 3343 656 3408 nostri.
873 3332 879 3338 ’

400 3486 562 3553 (Zaigmond
574 3471 664 3551 dgost
677 3487 786 3551 lengyel
798 3486 950 3550 kirtlynak
967 3484 1087 3534 isos-ili
1097 3484 1263 3558 megerdsltb'
1275 3481 1542 3550 privilegiumabol,

400 3591 416 3627 a
429 3577 564 3627 »Matrica
576 3577 682 3640 Regni«
698 3577 788 3626 czimlt
801 3576 916 3638 eopialis
929 3577 1079 3639 kfinyvben
1092 3576 1136 3624 Η..
1154 3577 1212 3624 105.
1227 3589 1263 3624 sz.
1279 3587 1301 3622 a.
1316 3590 1323 3638 ;
1342 3588 1360 3624 a
1373 3575 1469 3624 varsfii
1482 3577 1542 3628 kir.

801 3667 913 3732 lengyel
924 3665 1122 3728 leveltarban.)

944 3846 1043 3854 -----

928 4011 999 4073 159.

401 4175 423 4237 I.
452 4175 551 4259 Lajos
581 4195 722 4259 mappas·
755 4173 787 4236 ds
822 4172 943 4259 lcnqpcl
977 4170 1158 4257 kirrilynok
1191 4169 1469 4256 czobcdsdpleuele
1512 4199 1539 4240 a

639 4281 788 4367 lemberqi
804 4280 974 4365 firmanpele
990 4283 1150 4344 szdmcira.
1178 4281 1274 4343 1380.

500 4440 684 4508 Ludovious
711 4440 775 4506 Dei
801 4440 911 4522 gracia
926 4439 1000 4504 Rex
1015 4439 1172 4521 Ungarie,
1188 4437 1333 4517 Polonie,
1350 4436 1536 4508 Dalmacie

395 4557 455 4614 eto.
470 4551 590 4615 nostris
606 4547 755 4615 fidelibus
771 4547 931 4614 uniuersis
947 4553 980 4612 et
996 4547 1131 4630 singulis
1147 4546 1346 4630 Capitaneis,
1357 4549 1542 4628 Woyewo.

395 4658 457 4738 dis,
473 4655 679 4740 Burgrabiis,
696 4655 900 4723 Officialibus
926 4677 985 4739 per
1000 4661 1105 4722 totum
1122 4656 1261 4722 Terram
1277 4660 1423 4719 nostram
1439 4653 1542 4726 Rus-
