3182 5252
523 437 525 442 .
593 355 686 438 lael.
1138 361 1202 440 545

72 567 143 611 nrm
179 549 399 630 mutilationis,
431 551 550 616 citatas
583 553 713 618 minimo
747 553 867 617 debeat
900 553 1117 635 respondero3
1143 554 1199 618 sod

72 653 266 721 Omethones
283 658 411 739 prefate
427 658 502 722 ville
518 665 551 722 et
567 658 635 723 eius
653 659 915 725 adiacenciarum
927 680 1036 724 eoram
1053 661 1196 744 ipsorum

70 760 236 844 Scultetis,
253 765 308 848 qui
326 771 400 830 sunt
416 787 474 848 pro
491 771 645 850 tempore,
662 767 722 850 ipsi
745 789 819 832 vero
836 765 973 832 Sculteti
999 787 1107 833 coram
1134 789 1198 833 me·

69 878 197 937 morato
215 871 386 955 Sydelone
403 869 523 956 Sydelo
540 894 616 938 vero
633 895 741 938 eoram
758 871 851 940 nobis
868 895 923 938 seu
940 881 1051 940 nostro
1067 873 1092 939 J
1094 875 1201 940 udicio

69 977 298 1045 Tbeutunicali
318 979 469 1062 Supremi
486 979 611 1065 Judioij
623 981 722 1046 Curie
739 989 848 1047 nostre
860 980 1098 1064 Sandaoensis3
1123 981 1199 1047 dum

69 1093 178 1154 temen
196 1109 254 1172 per
269 1094 415 1154 nostram
433 1087 578 1154 litteram
602 1095 715 1154 nostro
742 1087 852 1172 sigillo
878 1089 1055 1173 sigillatam
1072 1089 1113 1156 ad
1140 1091 1201 1155 boc

69 1197 200 1278 citatus,
217 1203 251 1262 et
270 1196 302 1260 in
320 1195 487 1262 reddenda
509 1197 642 1280 justicia
667 1199 836 1283 negligens
861 1199 969 1280 fuerit,
995 1204 1073 1263 tuno
1097 1198 1138 1263 de
1164 1218 1199 1262 se

68 1304 317 1386 querelantibus
334 1327 397 1370 non
415 1304 481 1370 alio
498 1306 559 1370 nisi
585 1327 643 1373 suo
669 1306 752 1371 dure
778 1307 1032 1392 Meydburgensi
1058 1304 1202 1370 Theuto·

68 1412 138 1478 nico
156 1413 353 1496 respondere
370 1413 412 1478 ad
430 1413 559 1495 objecta
575 1413 707 1480 cuilibet
724 1415 767 1479 sit
793 1415 966 1496 astriotns3
990 1419 1089 1498 prout
1115 1413 1201 1478 inter

67 1527 175 1585 cetera
192 1522 227 1584 in
244 1520 385 1602 quodam
403 1518 573 1605 privilegio
589 1520 790 1586 invictissimi
808 1521 972 1605 Principis
997 1526 1030 1586 et
1055 1519 1199 1601 Domini,

67 1627 189 1692 domini
206 1626 363 1692 Ludorioi
380 1628 456 1692 olim
475 1628 646 1711 Hungarie
670 1635 703 1692 et
729 1627 866 1693 Polonie
892 1627 993 1710 Regis
1028 1626 1198 1692 indelende

69 1736 233 1814 memorie,
250 1736 406 1819 genitoris
423 1735 525 1801 nostri
544 1735 714 1818 carissimi,
738 1735 876 1801 vidimus
900 1735 1029 1820 plenius
1055 1736 1195 1800 coutine-

69 1843 94 1905 ri
112 1863 120 1912 :
138 1851 249 1908 tamen
267 1864 322 1910 vos
340 1843 496 1925 Palatini,
513 1842 704 1924 Castelliani,
735 1843 871 1910 Judioes
887 1853 920 1909 et
937 1843 1139 1920 Subindices,
1156 1863 1194 1906 ao

67 1951 121 2016 alii
138 1949 296 2017 officiales
312 1951 420 2036 Regni
438 1953 548 2034 nostri,
565 1953 682 2037 spretis
698 1951 907 2036 indulgentiis
924 1959 956 2016 et
982 1950 1195 2017 concessioni·

67 2057 126 2124 bus
150 2061 310 2142 genitoris
336 2060 440 2126 nostri
466 2059 655 2143 supradicti,
684 2059 822 2125 eundem
848 2059 1042 2145 Sydelonem
1068 2065 1101 2125 et
1127 2057 1196 2142 ejus

68 2163 229 2232 Soultetos
245 2173 282 2232 nt
298 2164 496 2233 Omethones
512 2189 577 2234 non
594 2167 636 2233 ad
654 2167 704 2232 ius
725 2166 963 2232 Theutonicum
974 2164 1073 2232 Curie
1084 2171 1196 2231 nostre

68 2271 295 2358 Sandaoensis,
312 2273 367 2342 sed
384 2277 493 2359 potius
510 2277 541 2340 in
560 2283 702 2341 vestrum
730 2275 921 2340 Polonicum
946 2281 980 2339 et
1004 2273 1113 2339 nobile
1131 2279 1196 2338 tra-

69 2381 144 2447 here
163 2383 358 2464 niteremini,
375 2390 489 2448 contra
516 2383 686 2448 libertates
713 2381 816 2448 eidem
848 2402 1016 2449 concessae
1043 2404 1063 2446 a
1088 2379 1197 2464 Regia

68 2489 254 2555 Maiestate.
271 2487 480 2574 Quapropter
495 2489 586 2556 robis
612 2489 760 2554 omnibus
777 2497 809 2553 et
835 2490 971 2572 singulis
997 2489 1197 2574 suprascrip·

68 2597 126 2680 tie;
151 2604 186 2663 et
202 2599 375 2681 presertim
391 2598 481 2664 vobis
498 2597 643 2681 Kryslao
670 2595 860 2663 Castellano
887 2595 1107 2690 Sandeoaensi
1132 2617 1198 2660 mo·

68 2705 166 2772 demo
186 2712 219 2770 et
235 2706 320 2771 vices
337 2714 462 2771 vestras
478 2705 668 2790 gerentibus
684 2713 717 2770 et
732 2705 973 2771 successoribus
1000 2707 1196 2789 precipimus

68 2821 96 2877 et
114 2814 269 2881 distincte
285 2817 488 2894 mandamus,
505 2820 665 2898 qnatenus
691 2814 797 2897 ipsum
823 2813 1016 2900 Sydelonem
1033 2836 1054 2878 a
1081 2815 1196 2878 vestris

68 2923 280 2990 citationibuc
295 2929 328 2988 et
341 2922 473 3006 judiciis
490 2920 686 3004 relaxantes,
703 2923 743 2986 erl
761 2922 824 2988 Jus
844 2919 1091 3000 Theutonicale,
1110 2917 1196 3003 quod

69 3029 333 3114 Maydburgense
351 3030 478 3112 dieitur,
498 3028 590 3094 etad
618 3025 751 3093 (loriam
776 3037 920 3095 nostram
947 3027 1193 3106 Sandeoensem,
1298 3054 1301 3063 ·

68 3135 99 3200 in
116 3136 339 3219 questionibus
355 3144 471 3202 contra
487 3158 559 3202 eum
576 3138 670 3203 motis
687 3136 737 3201 vel
753 3135 926 3216 movendis,
940 3137 1036 3220 juxta
1061 3155 1192 3200 suorum

68 3245 309 3328 privilegiorum
340 3252 487 3310 tenorem
518 3245 665 3310 debeatis
698 3247 870 3326 remittere,
899 3247 966 3310 sine
1001 3242 1194 3310 difficultate

69 3353 222 3437 aliquali3
247 3359 414 3437 presentes
434 3359 542 3418 autem
559 3360 633 3437 post
650 3353 807 3419 lecturam
833 3352 924 3417 reddi
949 3352 1098 3434 jubemus
1123 3371 1194 3434 pre-

69 3463 219 3528 sentanti.
236 3462 360 3528 Datum
393 3461 559 3542 (lreoorie,
575 3462 647 3545 ipsa
663 3461 715 3526 die
740 3459 815 3526 festi
842 3457 931 3524 beati
958 3459 1047 3524 Luce
1073 3459 1189 3525 Euan·

67 3572 178 3651 geliste
194 3569 346 3653 (oktober
365 3570 430 3654 18.)
447 3591 532 3635 anno
548 3569 679 3634 Domini
698 3569 865 3633 millesimo
890 3565 1119 3634 trecentesimo
1135 3588 1188 3631 oc-

65 3678 244 3761 tuagesimo
260 3683 386 3761 quarto,
401 3677 509 3760 Regni
526 3683 634 3742 autern
650 3677 753 3740 nostri
771 3699 855 3741 anno
872 3677 986 3760 primo.

68 3825 203 3884 (Eredetie
219 3823 389 3886 UJ'·Sandeez
406 3824 486 3872 varos
501 3823 700 3872 levblttrsben.
715 3822 824 3886 Hedvig
849 3825 925 3873 1384.
948 3822 1065 3872 olrtober
1091 3825 1130 3870 15.
1144 3819 1193 3870 ko-

259 3913 435 3964 ronrtztatott
449 3928 510 3978 meg
524 3913 750 3976 Lengyelorszdg
763 3912 996 3977 kirtlyneJtnak.)

114 4691 174 4734 troia
191 4695 269 4734 auno.
284 4694 353 4735 msr.
369 4711 413 4719 -
429 4694 497 4734 ,tora
513 4693 573 4732 sxa.
592 4690 632 4734 ill·
