3172 5254
394 369 457 432 188
748 385 984 432 nrenonaczmr
999 376 1168 436 rucanas.

394 569 544 632 carupum
560 548 594 611 in
611 544 832 612 Tarvisanam.
851 545 1017 614 Sentimus
1034 550 1141 629 etiam,
1153 549 1238 632 quod
1255 556 1370 633 gentes
1386 551 1514 615 domino·

393 679 466 723 rum
482 653 613 719 Ducum
638 653 796 719 recedunt
813 653 853 719 de
869 653 1021 738 partibus
1046 655 1155 739 Istrie,
1172 663 1204 720 et
1220 658 1307 740 quod
1324 659 1401 724 dum
1417 659 1510 723 mitte·

394 771 468 832 rent
483 769 611 828 caretas
627 783 704 828 suas
730 761 818 845 apud
843 761 975 843 Mocho,
993 768 1106 846 gentes
1132 763 1212 829 dicti
1237 764 1300 830 loci
1326 766 1402 832 illas
1419 787 1514 832 onnes

394 875 586 942 babuerunt.
603 869 703 938 Sacili
721 868 802 936 Vll.
818 869 964 954 Augusti
979 871 1062 938 hora
1078 874 1182 938 tercie
1199 876 1311 940 noctis.

394 1074 430 1160 4)
454 1040 777 1140 Lichtenstein
812 1073 964 1156 Janos,
989 1072 1156 1141 Albert
1188 1076 1416 1142 ausztriai
1439 1074 1515 1138 ber-

394 1205 500 1268 czeg
533 1182 980 1267 udvarmesterenek,
1004 1207 1025 1248 a
1058 1185 1290 1250 velenczei
1330 1181 1514 1248 kovetel.

504 1309 805 1377 DominoJohanni
821 1310 1006 1378 Liethstani
1024 1310 1189 1396 Magistro
1206 1309 1306 1376 Ourie
1322 1310 1440 1376 domiui
1457 1309 1515 1374 Du·

395 1420 441 1485 cis
457 1417 599 1486 Alberti.

383 1529 387 1535 ’
503 1527 644 1613 Egregie
660 1535 694 1592 et
709 1527 886 1612 Magnifice
903 1527 1052 1594 Domine.
1079 1525 1198 1613 Coegit
1214 1551 1272 1595 nos
1289 1531 1415 1594 sincera
1430 1529 1514 1594 dilec-

395 1635 453 1716 tio,
479 1657 578 1718 quam
606 1635 646 1700 ad
672 1635 939 1702 Dominationem
965 1643 1109 1718 nost-rum
1136 1637 1385 1722 Magnificentis
1406 1635 1515 1703 Vestra

395 1743 490 1826 gerit,
501 1745 533 1808 in
549 1744 708 1809 relatione
724 1750 870 1810 actorum
881 1765 939 1828 per
949 1765 1008 1811 nos
1018 1745 1192 1828 specialem
1208 1746 1404 1812 mentionem
1420 1745 1514 1810 iacere

396 1853 435 1918 de
450 1851 628 1916 honoribus
644 1851 738 1917 nobis
753 1873 811 1936 per
827 1850 984 1918 Vestram
999 1852 1218 1918 Nobilitatem
1234 1853 1401 1937 impensis,
1412 1858 1514 1937 etope-

395 1959 495 2040 ribus,
522 1980 583 2043 que
607 1961 674 2042 egit
700 1958 823 2026 Vestra
848 1959 1023 2042 Nobilitas,
1049 1967 1082 2026 et
1108 1981 1206 2044 agere
1232 1982 1297 2026 non
1323 1969 1474 2045 gravatur
1487 1961 1515 2024 in

397 2070 664 2152 augmentatione
690 2068 823 2135 honoris
849 2077 882 2134 et
910 2075 1017 2135 status
1043 2075 1155 2135 nostre
1180 2068 1441 2149 Dominationis,
1462 2089 1515 2153 que

398 2182 493 2242 tanta
520 2178 656 2242 caritate
684 2185 819 2262 peracta
844 2184 928 2258 sunt,
945 2199 984 2244 ao
1001 2180 1028 2243 si
1045 2200 1084 2243 ex
1100 2184 1213 2242 nostra
1238 2179 1347 2261 patria
1363 2177 1515 2242 Nobilitas

397 2286 519 2354 Vestra
535 2287 690 2352 traxisset
707 2287 874 2371 originem.
892 2285 989 2354 Vnde
1005 2286 1197 2352 Dominatio
1215 2289 1514 2372 nostrajamtsnens

397 2395 553 2460 memoria
570 2391 632 2459 sibi
647 2393 831 2478 significata
846 2415 904 2479 per
921 2393 1080 2478 Egregios
1098 2395 1183 2459 viros
1200 2394 1368 2460 dominum
1385 2396 1513 2460 Leonem

397 2504 551 2570 Dandulo
568 2503 719 2588 Militem,
744 2511 778 2570 et
803 2504 941 2568 Petrum
966 2503 1126 2570 Ceruario
1143 2502 1399 2570 Procuratorem
1417 2501 1515 2570 Sancti

398 2612 515 2692 Marci,
531 2613 692 2696 disposuit
717 2611 877 2678 mentibus
895 2612 971 2692 suis,
988 2632 1045 2676 vos
1062 2632 1188 2693 semper
1204 2611 1324 2678 habere
1340 2613 1373 2676 in
1390 2612 1515 2677 amicum

399 2721 699 2803 singularissimum,
710 2727 741 2785 et
753 2719 925 2803 specialem
936 2741 1029 2785 suum
1047 2726 1294 2803 procuratorem
1311 2721 1514 2784 intentionum

399 2849 541 2911 suarum,
567 2827 657 2892 saluo
683 2848 810 2909 semper
827 2827 948 2892 honore
965 2827 1110 2892 Illustris
1131 2825 1251 2891 domini
1272 2827 1377 2909 DuciS,
1395 2825 1514 2890 Domini

400 2939 522 3020 Vestri,
538 2937 686 3002 omnibus
702 2936 921 3020 preponendo.
947 2935 1086 3002 Mittens
1102 2959 1165 3002 non
1182 2937 1216 3000 in
1232 2937 1404 3020 premium,
1420 2957 1474 3000 nec
1487 2933 1515 2996 in

397 3046 702 3128 remunerationem,
718 3066 781 3128 que
791 3050 1075 3128 quantumcunque
1092 3064 1211 3126 magna
1221 3044 1314 3125 toret,
1325 3050 1447 3127 quanta
1460 3062 1515 3107 nou

398 3160 457 3234 est,
473 3160 584 3219 tamen
609 3174 673 3218 non
697 3159 807 3236 posset
828 3173 898 3217 esse
915 3150 1086 3230 sufficiens,
1101 3151 1240 3218 florenos
1256 3150 1308 3218 Vc
1333 3174 1392 3236 per
1411 3152 1515 3216 discre-

399 3269 468 3329 tum
484 3264 589 3328 virum
605 3263 777 3329 Mathcum
801 3261 941 3327 latorem
967 3262 1178 3346 presentium,
1194 3283 1274 3344 quos
1290 3261 1324 3326 in
1340 3264 1462 3346 signum
1478 3257 1513 3322 di-

399 3371 547 3436 lectionis
562 3371 692 3454 plaoeat
708 3375 888 3454 acceptare.
909 3367 1041 3453 Verum,
1059 3369 1235 3454 Magnifice
1251 3369 1401 3452 Domine,
1417 3376 1515 3434 notum

399 3478 534 3544 facimus
550 3478 669 3547 Vestre
685 3478 943 3562 Magnificencie,
968 3477 1056 3562 quod
1072 3486 1150 3546 ante
1166 3483 1314 3566 npstrum
1330 3499 1483 3544 recessum
1499 3495 1515 3537 a

398 3589 508 3671 patria
532 3588 690 3671 predicta,
716 3585 908 3666 Dominatio
933 3593 1045 3654 nostra
1069 3588 1282 3654 mandaverat
1313 3588 1411 3653 scribi
1438 3583 1517 3652 robis

400 3694 587 3762 amicabiles
612 3703 645 3761 et
669 3695 866 3761 fraternales
892 3696 1030 3776 litteras,
1047 3717 1108 3778 que
1125 3700 1261 3779 propter
1276 3696 1473 3780 inopinatum
1489 3702 1516 3754 et

400 3804 543 3869 subitum
559 3812 709 3870 nostrum
735 3825 898 3870 recessum
923 3795 1046 3869 tradit'e
1062 3801 1194 3868 fuerunt
1210 3803 1365 3869 oblivioni
1380 3826 1436 3887 per
1451 3824 1516 3880 nos;

400 3914 483 3978 sicut
498 3912 664 3996 predictus
681 3913 836 3978 Matheus
862 3911 985 3978 referre
1011 3912 1263 3995 Magnificenoie
1285 3911 1403 3980 Vestre
1419 3915 1517 3994 posset

398 4023 469 4085 sive
486 4044 569 4088 voce.
601 4021 634 4086 N
636 4015 689 4088 am
705 4026 830 4088 statuta
846 4020 954 4088 fuerat
970 4022 1040 4086 dies
1056 4022 1159 4087 nostri
1176 4043 1331 4102 recessus,
1348 4024 1404 4089 sed
1420 4040 1517 4104 super·

400 4131 603 4196 venientibus
620 4131 784 4214 aliquibus
800 4130 921 4197 litteris
938 4131 979 4195 de
996 4130 1146 4214 partibus
1165 4131 1326 4216 Forojulij
1339 4132 1378 4196 de
1389 4131 1516 4196 udreutu

400 4238 520 4304 domini
538 4237 658 4304 Karoli
674 4239 715 4306 ad
731 4239 836 4305 dictas
852 4245 972 4322 partae,
990 4241 1046 4323 qui
1063 4246 1171 4305 tamen
1184 4261 1278 4305 verus
1294 4263 1360 4304 non
1376 4241 1445 4319 t'uit,
1460 4237 1517 4301 Do

400 4349 510 4414 mietio
528 4352 642 4413 nostra
659 4347 844 4412 immediate
860 4347 965 4413 voluit
979 4368 1038 4414 nos
1055 4349 1118 4412 iter
1136 4348 1301 4431 arripere,
1325 4348 1364 4412 de
1381 4341 1443 4430 quo
1458 4347 1517 4430 pla-

400 4461 473 4521 ceat
497 4453 617 4521 habere
643 4457 747 4539 ipsam
773 4454 1038 4522 Dominationem
1065 4461 1098 4520 et
1123 4477 1182 4520 nos
1214 4455 1332 4521 merito
1349 4461 1514 4522 exarmatos

402 4561 506 4647 Cujus
521 4561 760 4628 Dominationis
786 4563 912 4645 agenda
938 4563 1115 4647 dignemini
1141 4585 1211 4629 cum
1238 4565 1360 4630 bonore
1385 4562 1517 4630 Illustris
