3182 5252
594 375 689 450 1385.
1143 379 1204 454 577

76 560 201 642 sugium
231 583 332 644 usquc
359 561 503 645 Segrram
530 561 602 626 istis
628 561 920 628 Anibaxiulcribus
947 565 1023 645 suis,
1047 567 1207 632 armando
1256 573 1265 590 ⁸

73 687 170 732 unani
196 676 340 734 nostram
356 669 485 752 galeam
502 667 636 753 duplam
653 671 703 736 vel
729 672 816 736 circa
842 671 883 736 ad
911 694 1069 756 expensus
1095 677 1200 739 nostri

73 773 263 842 Communis
278 799 351 842 cum
368 782 497 842 centum
513 776 695 844 hominibus
711 800 841 859 eremo,
857 784 974 846 etcum
989 781 1053 846 illis
1070 784 1202 864 paucio·

73 884 163 949 ribus
180 883 366 950 hominibus
394 884 433 950 de
461 893 565 969 parte,
591 888 647 971 qui
674 893 837 971 poterunt,
853 894 886 952 et
906 909 979 953 cum
1005 889 1078 953 aliis
1104 911 1204 973 quam

72 991 253 1058 minoribus
270 993 420 1076 expensis
437 992 506 1058 fieri
532 996 654 1078 poterit
679 1017 738 1078 pro
764 994 850 1060 bono
876 997 980 1062 nostri
1007 993 1203 1064 Communis.

117 1137 152 1197 (Δ
168 1136 279 1186 »bileti«
295 1138 385 1188 caimd
400 1139 540 1189 velencaei
554 1141 736 1204 allamkbnyr
751 1139 882 1191 XXXIX.
896 1140 1039 1190 koteteoul
1056 1145 1115 1192 134.
1130 1143 1159 1203 l.)

559 1301 622 1310 ..a--
631 1303 679 1308 ...-
694 1303 717 1308 --

599 1449 673 1512 314.

69 1605 97 1672 A
116 1606 272 1674 velenczei
283 1609 513 1696 bormdapnok
522 1610 768 1696 pondoekoddsu
781 1610 922 1688 Quirino
931 1609 1085 1676 Jakcbra
1102 1611 1202 1690 aiace,

233 1717 282 1782 tir
298 1717 448 1782 kduelnck
475 1717 601 1783 krrldou
619 1719 926 1806 Mapyarorszctpba.
946 1722 1040 1786 1385.

176 1875 274 1942 Anno
300 1875 613 1943 MOOOLXXXV.
650 1875 824 1943 indictione
850 1875 949 1944 VIII.
976 1877 1027 1942 die
1051 1878 1201 1945 sextode-

67 1985 150 2050 cimo
171 1985 291 2050 mensis
308 1982 444 2068 Aprilis.
469 1984 632 2069 Capta:
652 1983 734 2050 Cum
759 1985 876 2051 nobilis
902 1987 951 2050 vir
975 2007 1027 2051 ser
1052 1985 1199 2053 Jacobus

67 2089 209 2175 Quirino
228 2093 304 2157 ciris
321 2097 433 2158 noster
449 2091 548 2158 fuerit
564 2087 807 2158 destinatus'ad
823 2099 935 2178 partes
952 2093 1123 2178 Hungarie
1140 2115 1199 2178 pro

66 2198 164 2265 factis
182 2201 286 2265 nostri
305 2199 461 2282 Dominii‚
477 2204 510 2263 ct
525 2201 594 2284 ipse
611 2199 765 2265 alacriter
780 2201 886 2284 iverit,
906 2205 943 2266 ut
959 2208 1009 2266 est
1026 2209 1148 2284 notum,
1164 2210 1198 2267 et

66 2307 237 2374 redeundo
255 2307 413 2375 Venetias
429 2307 528 2372 fuerit
543 2314 667 2390 captus,
684 2313 718 2371 et
734 2308 878 2372 nescitur
904 2307 1028 2392 aliquid
1045 2309 1085 2372 de
1102 2330 1149 2391 eo,
1167 2315 1199 2374 et

65 2438 123 2500 pro
140 2417 266 2482 bonore
281 2415 386 2482 nostri
402 2415 545 2482 Dominii
574 2413 670 2481 iaciat
698 2437 875 2500 procurare
900 2417 1140 2483 relaxacionem
1165 2425 1216 2505 et

64 2524 291 2591 liberationem
308 2526 387 2607 eius,
404 2530 440 2590 ut
456 2524 512 2590 alii
529 2524 634 2589 nostri
651 2523 776 2589 nobiles
792 2524 936 2592 habeant
952 2545 1084 2592 causam
1100 2527 1197 2592 eundi

64 2633 223 2699 alacriter
238 2633 282 2698 ad
299 2634 466 2698 servitium
482 2639 649 2714 nostrum
674 2632 765 2698 radit
781 2655 867 2718 pars,
892 2633 980 2717 quod
1005 2631 1197 2718 Collegium,

64 2741 194 2808 scilicet
210 2740 379 2822 Dominus,
397 2738 596 2818 Consiliarii,
613 2738 734 2822 Capita
750 2747 783 2805 et
801 2738 972 2824 Sapientes
1000 2741 1143 2807 habeant
1159 2741 1196 2806 li-

62 2849 227 2916 bertatem
243 2848 392 2914 mittendi
412 2869 511 2914 unum
536 2851 684 2912 nostrum
708 2847 885 2912 Notarium
911 2847 1125 2915 sufficientem
1152 2849 1196 2914 ad

62 2958 306 3041 procurandam
322 2955 548 3022 liberationem
576 2963 608 3021 et
634 2957 871 3021 relaxationem
895 2957 973 3022 dieti
997 2979 1050 3022 ser
1074 2957 1195 3024 Jaccbi

62 3063 204 3149 Quirino
220 3064 309 3149 apud
324 3064 519 3150 Reginalem
545 3063 756 3130 Maiestatem
782 3065 955 3147 Hungarie
982 3070 1015 3129 et
1040 3065 1132 3145 aliae,
1157 3071 1194 3130 ut

60 3173 161 3240 fuerit
175 3174 403 3254 necessarium,
419 3171 573 3238 cumillis
589 3173 694 3238 verbis
711 3171 906 3256 efficacibus,
917 3173 1050 3239 utilibus
1068 3182 1102 3239 et
1117 3173 1193 3239 dex·

60 3284 131 3366 trie,
148 3301 214 3366 que
230 3280 426 3347 ridebuntur
441 3303 501 3364 pro
528 3281 648 3346 honore
665 3281 769 3345 nostri
784 3281 929 3346 Dominii
954 3289 993 3346 et
1012 3282 1096 3348 bono
1113 3282 1193 3347 civis

59 3391 165 3455 nostri
176 3388 324 3472 predicti.
334 3389 419 3454 Item
431 3389 655 3454 committatur
665 3385 751 3452 dicto
763 3385 796 3452 N
799 3389 913 3467 ctariu,
930 3387 1018 3471 quod
1034 3410 1108 3453 cum
1119 3389 1191 3455 lite·

61 3500 107 3564 ris
124 3499 249 3565 nostris
260 3497 464 3565 credulitatis
475 3497 592 3564 debeat
603 3517 790 3581 comparere
800 3519 910 3562 coram
921 3495 1045 3581 Magno
1057 3496 1192 3578 Comite,

59 3615 93 3671 et
108 3608 220 3673 dicere
244 3606 487 3691 Magnificentie
504 3604 579 3686 Sue,
595 3605 739 3691 qualiter
748 3606 956 3672 misseramus
970 3606 1012 3672 ad
1023 3613 1135 3690 partes
1153 3609 1191 3674 il·

59 3715 108 3781 las
119 3715 341 3782 sarJacobum
350 3713 488 3800 Quirino
498 3715 689 3798 predictum,
699 3715 754 3797 qui
765 3714 930 3780 redeundo
941 3715 1099 3784 Venetiss
1115 3737 1190 3800 cap·

57 3831 111 3888 tus
127 3823 201 3902 suit,
217 3828 251 3886 et
266 3822 354 3907 quod
364 3843 423 3906 per
435 3824 540 3906 ipsum
556 3843 608 3886 ser
619 3821 642 3888 J
645 3821 782 3887 acobum
793 3821 983 3888 Dominatio
996 3831 1107 3888 nostra
1125 3845 1188 3890 non

58 3930 170 4014 potuit
193 3929 317 3995 habere
344 3930 489 4014 aliquam
520 3930 764 4014 responsionem
791 3951 848 3994 nec
873 3929 1134 3996 informationem
1150 3933 1190 3998 de

58 4037 146 4104 lacto
163 4037 348 4122 principali,
363 4059 498 4123 proquo
515 4039 631 4102 missus
651 4037 713 4102 fuit
730 4038 774 4103 ad
798 4045 909 4120 partes
934 4037 1018 4120 illas,
1045 4047 1077 4106 et
1103 4037 1190 4124 quod

57 4167 116 4212 nos
132 4145 275 4211 libenter
290 4147 453 4230 sciremus,
470 4147 503 4211 in
520 4166 585 4229 quo
594 4146 734 4211 termino
745 4146 801 4210 illa
811 4148 947 4230 negocia
956 4156 1190 4232 remanserunt,

57 4263 94 4320 ut
109 4255 273 4340 possimus
288 4255 469 4339 providere,
487 4255 573 4320 sicut
588 4255 737 4320 convenit
752 4277 812 4338 pro
828 4255 914 4321 bono
934 4255 1136 4338 agendorum
1152 4258 1190 4322 il·

57 4363 174 4443 lorum,
190 4370 224 4429 et
240 4383 312 4429 cum
331 4384 397 4446 qua
422 4364 600 4432 intentione
625 4363 773 4430 veniebat
797 4385 851 4428 ser
876 4363 1024 4429 Jacobus
1051 4357 1189 4448 Quirino

56 4472 246 4557 predictus;
270 4471 360 4537 etde
376 4471 524 4536 omnibus
542 4469 735 4556 supradictis
753 4472 912 4540 Notarius
938 4478 1050 4537 noster
1074 4494 1190 4556 procu·

57 4588 108 4646 ret
124 4577 249 4644 habere
266 4579 486 4664 plenissimum
501 4579 773 4661 informationem,
790 4587 822 4644 et
848 4601 921 4644 cum
938 4601 986 4660 ec,
1002 4579 1090 4664 quod
1106 4578 1189 4647 fece·

103 4719 171 4754 uror.
186 4719 268 4756 uuae.
284 4720 351 4754 ursr.
367 4729 410 4740 -·-
428 4719 495 4754 acra
513 4719 572 4755 uxr.
588 4720 627 4754 un
1039 4697 1078 4758 37
