3248 5242
408 379 472 440 710
760 393 994 439 nrrnousczrsr
1012 379 1180 438 1111111.

402 555 513 621 vidum
530 556 633 620 virum
653 552 842 620 Oonradum
869 554 992 619 dictum
1007 551 1102 620 Grau
1119 557 1337 619 mercatorem
1353 552 1395 618 de
1409 552 1533 618 Norim·

405 663 518 746 berga,
535 669 593 728 aut
610 662 817 728 Leonardum
843 661 1038 728 familiarem
1054 659 1186 726 Muflini
1212 660 1367 726 similiter
1382 665 1534 726 mercato·
1605 683 1607 686 ·

411 793 480 837 rem
496 770 536 836 de
553 771 668 837 eadem
684 769 922 854 Nuremberga,
939 769 1140 836 exhibitores
1156 769 1356 854 presentium
1372 791 1446 836 cum
1461 769 1531 853 alijs

409 880 531 946 litteris
556 881 677 944 nostris
694 879 857 964 quitantia
884 901 981 964 super
1007 885 1131 963 septem
1155 877 1288 944 milibus
1313 877 1442 943 ducatis
1468 878 1535 943 anri

410 986 534 1054 Nostra
558 988 728 1054 Maiestati
754 1009 793 1052 ex
817 993 912 1072 parte
937 994 1117 1052 vestrorum
1134 987 1303 1052 annuatim
1319 986 1353 1051 in
1370 991 1460 1051 certo
1474 991 1535 1050 ter·

409 1096 497 1161 mino
513 1095 741 1179 proveniendis
752 1093 909 1160 conlectis
919 1094 1054 1178 Regalis
1065 1093 1186 1160 Nostra
1202 1099 1236 1160 et
1248 1093 1420 1178 Reginalis
1437 1092 1535 1159 Maie-

410 1208 531 1268 stalum
549 1203 664 1286 sigillis
679 1203 895 1288 pendentibus
911 1203 1043 1270 munitis
1063 1203 1107 1269 ad
1122 1207 1227 1270 vestre
1252 1202 1399 1268 amicicie
1425 1201 1534 1286 dirigi·

411 1332 482 1376 mus
498 1313 713 1395 presentiam
729 1313 835 1396 ipsam
853 1317 994 1377 vestram
1011 1311 1192 1376 amiciciam
1208 1311 1301 1377 nobis
1319 1309 1538 1394 gratissimam

408 1421 534 1485 sincero
551 1420 746 1504 requirimus
771 1419 891 1486 affectu
905 1423 1058 1503 rogantes
1084 1424 1217 1500 attente,
1235 1425 1396 1503 quatenus
1411 1419 1536 1483 adveni·

409 1534 482 1593 ente
500 1529 571 1612 ipso
587 1529 727 1594 termino
753 1530 829 1594 anni
855 1531 1025 1614 presentis,
1051 1527 1218 1594 annotatis
1235 1524 1389 1592 Conrado
1407 1532 1442 1591 et
1456 1527 1535 1592 Leo

408 1635 520 1716 nardo,
536 1636 585 1700 rel
611 1657 722 1702 eorum
739 1638 835 1703 alteri
851 1637 1025 1704 exhibitori
1052 1637 1259 1720 presentium,
1283 1635 1400 1700 eadem
1416 1641 1539 1718 septem

409 1744 502 1810 milia
526 1745 718 1810 ducatorum
743 1747 816 1812 auri
836 1746 905 1811 sine
921 1745 1087 1814 dilationis
1108 1766 1210 1828 mora,
1234 1743 1275 1810 de
1301 1766 1368 1828 qua
1386 1741 1539 1808 damnum

409 1852 497 1938 quod
527 1859 680 1937 pretextu
704 1854 891 1920 huiusmodi
915 1854 1157 1938 prorogationis
1183 1853 1337 1936 eveniret,
1361 1853 1397 1918 in
1417 1851 1538 1917 Nostra

409 1960 599 2026 Maiestatis
624 1969 813 2044 vergeretur
837 1963 1078 2044 detrimentum,
1104 1961 1272 2046 assignare
1297 1965 1331 2025 11
1355 1960 1540 2044 persolvere

408 2068 521 2152 velitis,
537 2070 690 2153 ipsosque
708 2061 765 2135 a'ut
780 2068 920 2135 alterum
936 2089 1046 2135 eorum
1063 2068 1104 2134 de
1123 2068 1246 2134 eisdem
1267 2069 1413 2153 pecunijs
1439 2068 1541 2132 nostri

409 2176 692 2262 comtemplatione
704 2176 785 2241 adeo
796 2177 879 2243 reali
889 2176 1070 2260 expediatis
1090 2175 1260 2257 solutione,
1278 2181 1316 2241 ut
1331 2197 1391 2258 per
1407 2173 1542 2241 eandem

412 2284 500 2348 dicta
517 2289 628 2350 nostra
657 2285 791 2366 negotia
813 2285 907 2349 iuxta
933 2284 1113 2350 voluntatis
1129 2291 1240 2349 nostre
1257 2282 1455 2350 desiderium
1471 2304 1540 2348 sen-

408 2393 528 2457 tiamus
545 2391 696 2456 effectum
713 2391 928 2458 amicabiliter
944 2390 1043 2458 luisse
1062 2398 1270 2476 prosequuta,
1295 2396 1426 2475 gratam
1442 2392 1475 2456 in
1492 2412 1539 2472 eo,

366 2579 369 2585 Ι
412 2499 583 2565 (1111111111
613 2497 736 2564 Nostra
768 2499 916 2566 culmini¹
934 2500 1078 2565 amicicie
1103 2498 1362 2566 benevolentiam
1377 2499 1538 2565 ostensuri

413 2609 540 2674 Datum
562 2607 659 2672 Bude
689 2607 875 2691 penultima
905 2607 958 2672 die
983 2609 1104 2674 mensis
1137 2605 1254 2691 Marcij
1290 2628 1375 2672 anno
1400 2606 1536 2672 Domini

412 2714 548 2782 MCCO.
567 2716 794 2800 ncnagessimc
810 2715 969 2781 secundo:

518 2827 642 2892 Kicr'tt:
659 2823 782 2892 Inclito
799 2824 930 2890 dominc
942 2821 1114 2890 Anthonic
1124 2821 1268 2890 Venerio
1283 2823 1380 2904 Daci,
1390 2821 1541 2889 11111111-

411 2933 498 2999 libus
523 2940 556 2998 et
582 2933 798 3017 prudentibus
824 2934 904 2999 viris
914 2933 1061 3000 Consilio
1078 2939 1111 2998 11
1132 2929 1304 2998 Communi
1315 2930 1541 3015 Venetiarum,

413 3041 525 3107 amicis
543 3046 664 3107 nostris
681 3041 865 3106 carissimis.

410 3185 445 3250 (A
461 3187 563 3237 »Liber
573 3187 737 3237 Paetorum«
750 3186 840 3236 czimll
852 3187 991 3236 veleuczei
1002 3184 1183 3250 allamkdnyv
1191 3183 1239 3236 VI.
1252 3184 1393 3235 notetebol
1406 3187 1468 3234 343.
1479 3185 1546 3254 111.)

896 3347 1056 3357 ...n-——n—

938 3492 1014 3555 436.

414 3655 550 3718 Venerio
568 3655 671 3719 Antol
687 3653 841 3718 velenozes'
857 3653 998 3740 (11911111
1015 3653 1193 3740 Zsipmond
1218 3653 1331 3741 kira'ly
1346 3677 1543 3740 rrppaaozoa

863 3762 985 3848 tlpybea
1003 3762 1098 3829 1392.

519 3921 638 3988 Inclita
655 3927 687 3986 et
712 3920 836 3987 nobiles
861 3921 930 4002 riri,
956 3922 1052 3987 amici
1079 3921 1247 3988 carissimi.
1272 3921 1484 4008 Reqnirimus
1512 3929 1545 3988 et

410 4031 581 4097 hortamur
597 4028 795 4095 Amicioiam
811 4029 968 4098 Vestram
987 4031 1107 4096 affectu
1123 4029 1257 4110 siucero,
1274 4037 1436 4112 quatenus
1451 4031 1546 4096 iuxta

412 4144 565 4206 contenta
582 4138 721 4204 aliarum
747 4138 931 4204 litterarum
955 4145 1143 4206 nostrarum
1159 4138 1444 4223 expedit-orianum
1462 4161 1546 4224 quas

415 4247 506 4314 vobis
522 4268 611 4313 more
629 4247 724 4314 solito
740 4247 799 4312 sub
815 4248 933 4313 maiori
949 4247 1057 4332 sigillo
1071 4251 1185 4312 nostro
1198 4247 1456 4328 transmittimus²
1474 4269 1545 4312 cen-

417 4379 470 4422 sus
500 4363 629 4422 ncstrcs
655 4356 695 4421 de
720 4377 831 4422 mense
855 4355 1000 4440 Augusti
1025 4357 1105 4422 anui
1130 4357 1301 4440 presentis,
1327 4355 1415 4422 fideli
1430 4361 1543 4420 nostro

414 4461 515 4526 Petro
542 4463 628 4528 dicto
645 4463 894 4547 Puthelberger,
922 4487 980 4530 seu
1005 4465 1061 4528 uni
1078 4485 1117 4530 ex
1144 4465 1236 4548 sotijs
1253 4465 1320 4529 suis
1344 4467 1543 4549 presentium

418 4571 576 4636 ostensuri
602 4577 635 4634 et
660 4571 834 4637 exhibitori
867 4571 1029 4638 dict-arum
1054 4570 1239 4638 litterarum
1266 4571 1542 4660 expeditoriarum
