3226 5254
450 509 514 574 330
803 528 1037 573 urrnourezmv
1055 517 1224 574 ausurus.

448 692 544 770 pater
560 686 817 768 clementissime,
833 689 917 752 certi
933 709 1053 770 sumus,
1069 685 1156 770 quod
1182 689 1265 753 sicut
1291 686 1331 750 de
1356 691 1481 770 patrato
1504 705 1558 748 sce·

447 793 513 859 lere
531 793 649 862 Vestre
666 793 859 861 sanctitatis
875 795 1064 878 benignitas
1081 795 1245 872 doluisset,
1265 796 1314 860 ita
1331 794 1370 859 de
1403 793 1500 858 salute
1515 790 1557 856 de

447 899 689 966 votissimorum
714 900 856 966 liliorum
883 908 1063 966 vestrorum
1089 902 1152 985 piis
1178 900 1349 966 affectibus
1370 899 1557 985 gratulatur,

447 1009 507 1074 hec
523 1031 595 1075 cum
612 1011 797 1076 humilitate
814 1011 1017 1076 decrevimus
1042 1006 1164 1076 Vestre
1189 1009 1394 1076 Beatitudini
1419 1028 1557 1084 reserare,

447 1124 483 1183 ut
499 1118 622 1184 exultet
630 1125 786 1202 paternus
803 1119 945 1202 spiritua
962 1117 1073 1183 videns
1090 1141 1164 1184 vere
1180 1117 1360 1184 devotionis
1380 1116 1460 1182 filios
1475 1137 1558 1180 nmuu

446 1224 510 1290 Dei
535 1230 630 1292 tanto
660 1227 804 1311 periculo
829 1225 996 1291 liberatos.
1025 1222 1091 1290 Sed
1113 1227 1191 1310 quia
1215 1225 1309 1290 nobis
1340 1225 1473 1290 maxime
1496 1230 1558 1306 post

446 1329 554 1396 Deum
595 1355 696 1418 opera
722 1341 754 1399 et
777 1332 952 1417 prudentia
983 1331 1144 1397 dictorum
1174 1330 1403 1416 magnifiorum
1433 1331 1558 1396 fratrum

447 1445 633 1505 nostrorum
650 1437 905 1504 Bononiensium
922 1439 1011 1505 salus
1028 1442 1125 1522 venit,
1140 1441 1174 1504 iu
1190 1460 1256 1522 qua
1266 1460 1301 1504 re
1319 1438 1457 1504 firmiter
1471 1436 1559 1502 credi·

445 1569 526 1628 mus,
541 1550 630 1631 ipsos
655 1548 774 1616 Vestre
801 1548 977 1615 Sanctitati
1002 1548 1178 1633 plurimum
1194 1550 1373 1632 placuisse;
1401 1545 1552 1614 clementie

446 1663 551 1720 vestre
569 1656 746 1721 humillime
772 1663 870 1740 atque
887 1679 959 1722 eum
976 1658 1401 1740 reverentiasupplicamus,
1417 1661 1557 1740 quatenus

446 1764 721 1848 contemplatione
738 1766 921 1831 devotionis
946 1770 1057 1831 nostre
1074 1765 1251 1850 dignemini
1277 1765 1424 1848 prefatos
1448 1769 1557 1828 rastros

445 1871 528 1938 lilios
545 1871 777 1955 Bononienses,
795 1873 883 1938 etde
900 1874 1039 1957 provisis
1054 1881 1087 1939 et
1114 1875 1215 1959 gestis
1231 1875 1263 1938 in
1290 1875 1465 1938 remotione
1488 1870 1557 1936 tanti

445 1979 548 2044 nostri
564 1980 700 2063 periculi
718 1980 965 2062 commendare;
989 1987 1021 2045 et
1037 1982 1185 2064 quamvis
1212 2003 1276 2046 rien
1304 1987 1451 2064 putemus
1465 1999 1559 2044 neces-

445 2088 575 2166 sarium,
592 2089 681 2169 ipsos
698 2093 828 2152 tantum
853 2087 895 2150 ad
921 2088 1185 2171 prosequendum
1210 2087 1297 2152 hune
1323 2109 1399 2153 vere
1424 2085 1556 2152 caritatis

444 2194 593 2259 habitum
609 2195 786 2261 exhortari.
813 2194 899 2260 Nam
916 2197 999 2261 sicut
1024 2197 1243 2262 commendati
1270 2194 1309 2260 de
1326 2195 1496 2259 virtutibus
1523 2189 1556 2255 sd

444 2301 710 2367 benefaciendum
726 2303 942 2384 accendimur,
958 2304 1007 2368 ita
1023 2305 1055 2367 in
1072 2309 1160 2368 recte
1176 2304 1288 2387 ceptis,
1305 2301 1478 2386 superioris
1496 2321 1556 2364 auc-

442 2411 591 2475 toritatis
621 2412 886 2495 persuasionibus
903 2411 1141 2478 confirmamur.
1172 2413 1261 2478 Data
1278 2419 1438 2495 utsupra.
1457 2407 1554 2492 (1319.

444 2518 512 2583 dec.
537 2519 604 2606 30.)

445 2663 480 2724 (A
496 2663 630 2729 »signori¹
645 2667 801 2733 Carteggie,
815 2667 942 2718 Missive‹
957 2669 1009 2716 stb.
1023 2665 1127 2717 XVIII.
1140 2667 1294 2732 kbtegeben
1314 2671 1357 2716 98.
1373 2681 1409 2716 sz.
1431 2679 1462 2726 a,
1483 2679 1500 2712 s
1518 2663 1555 2710 llo·

815 2757 907 2808 renozi
921 2771 995 2821 nsgy
1011 2757 1204 2819 leveltarbsn,)

930 2921 1088 2932 .-..,....-.-

971 3082 1043 3144 155.

466 3297 470 3304 .
569 3241 718 3330 Bologaa
735 3244 901 3308 odroeaalc
918 3267 939 3308 α
948 3243 1102 3330 floreoezi
1119 3244 1339 3332 kdztdraoscip.
1357 3248 1452 3309 1380.

657 3401 920 3469 Bononiensibus

548 3510 683 3575 Fratres
699 3509 871 3576 karissimi.
887 3508 1107 3576 Utilissimum
1123 3514 1227 3577 statui
1242 3513 1375 3597 publico
1402 3513 1555 3579 videbatur
1588 3567 1589 3572 ,

441 3616 528 3700 quod
544 3611 702 3680 Oratores
717 3619 817 3682 vestri
834 3639 899 3681 una
916 3639 989 3682 cum
1005 3619 1137 3700 nostris,
1165 3641 1203 3685 ac
1228 3622 1327 3685 etiam
1353 3643 1426 3686 cum
1453 3618 1554 3703 legatis
1586 3627 1588 3698 l

439 3722 686 3807 magnificorum
702 3723 840 3790 lratrum
857 3725 1345 3810 nostrorumPerisin01·um,ad
1362 3729 1553 3813 Majestatem
1586 3713 1588 3768 i

441 3831 543 3917 Regis
560 3833 732 3916 Hungarie
748 3836 964 3900 mitterentur.
981 3833 1078 3900 Nune
1102 3843 1220 3920 autern,
1248 3838 1331 3904 siout
1358 3837 1553 3922 exposuerunt
1587 3867 1588 3880 r

439 3939 533 4005 nobis
545 3941 703 4008 Oratores
713 3943 819 4024 vestri,
833 3941 962 4007 videtur
972 3949 1081 4009 vestra
1092 3942 1248 4026 pudentia
1265 3944 1299 4009 in
1315 3943 1378 4010 hac
1396 3944 1553 4013 Oratorem

440 4047 659 4114 destinatione
675 4049 846 4114 eonsilium
862 4053 1045 4116 mutavisse.
1060 4051 1108 4117 Et
1128 4053 1282 4136 quoniam
1300 4052 1447 4119 videntes
1474 4052 1552 4117 Pem-

439 4155 502 4220 sini
517 4155 638 4239 prefati
655 4177 710 4221 vos
728 4177 797 4222 esse
813 4162 946 4240 paratos
964 4158 1006 4222 ad
1022 4158 1220 4242 legationem
1231 4160 1414 4244 predictam
1430 4163 1463 4226 iu
1478 4161 1553 4226 Hun-

437 4264 565 4346 gatiam
581 4263 818 4346 destinandam,
834 4287 909 4330 suos
927 4267 1086 4334 Oratores
1104 4289 1185 4350 quos
1202 4267 1256 4333 hio
1270 4270 1305 4333 in
1329 4270 1399 4335 dies
1426 4266 1551 4352 singulos

438 4377 654 4453 expectamus,
681 4373 809 4436 mittere
834 4373 1072 4441 decreverunt:
1090 4375 1175 4441 forte
1202 4383 1335 4442 nonest
1360 4377 1450 4461 utile,
1464 4391 1551 4458 neque

434 4476 615 4558 honestum,
630 4479 899 4546 deliberationem
914 4482 1006 4565 prius
1023 4481 1144 4547 factam
1170 4483 1238 4547 siue
1267 4483 1443 4550 manifesta
1455 4499 1548 4550 causa

436 4605 598 4652 revocare.
608 4584 849 4654 Nichilominus
860 4595 985 4655 tantum
1002 4611 1101 4675 super
1117 4591 1181 4657 hac
1200 4593 1341 4657 materia
1357 4593 1472 4658 vestris
1482 4591 1548 4660 Ora

436 4691 562 4758 toribus
578 4693 720 4777 plurima
738 4699 957 4782 suggessimus
978 4700 1049 4764 viva
1065 4720 1150 4780 voce,
1175 4721 1231 4768 vos
1248 4701 1347 4766 etiam
1371 4699 1549 4785 presentium
