3172 5254
405 377 467 444 162
759 390 990 442 nvrrrouuczmr
1010 377 1178 442 aurnuns.

404 562 454 624 nis
470 557 697 640 Veneoiarum,
723 563 821 641 atque
847 556 1095 638 conservationi,
1114 555 1215 621 statui
1231 553 1377 638 proficuo
1395 559 1426 618 ot
1440 550 1523 617 robo-

403 669 521 732 rationi
547 668 755 748 antiquorum
780 663 941 746 ordinum,
967 671 1166 729 statutorum
1192 672 1226 729 ct
1250 663 1436 728 libertatum
1455 660 1521 724 dicti

406 774 595 840 Communis
615 773 777 838 Arbensis
795 773 1005 852 arridebunt;
1027 773 1239 838 concedentes
1256 771 1322 856 ipsi
1339 771 1523 835 constituen-

404 891 463 965 tes,
479 884 608 948 nomine
624 904 687 966 quo
705 903 813 965 supra,
829 883 908 964 ipsis
925 883 1089 947 castitatis
1109 883 1238 966 plenum
1254 880 1431 946 admodum
1448 881 1478 942 et
1491 877 1521 940 li·

403 993 514 1059 berum
531 998 564 1056 et
580 991 732 1073 generale
757 988 948 1053 mandatum
973 997 1004 1053 et
1029 991 1168 1072 speciale
1193 988 1333 1055 faciendi
1351 1009 1450 1070 supra
1464 1005 1519 1049 mo·

407 1102 492 1182 dum,
510 1099 666 1182 quicquid
683 1097 781 1162 fuerit
797 1103 1017 1180 opportunum
1029 1099 1203 1162 secundnm
1222 1104 1399 1179 utrumque
1414 1096 1483 1176 dur,
1497 1099 1523 1156 et

406 1206 689 1291 secundumquod.
704 1207 737 1269 in
754 1206 908 1289 predictis
934 1207 1061 1271 casibus
1086 1207 1275 1291 requiritur,
1293 1226 1358 1270 non
1375 1203 1522 1274 obstante,

408 1317 495 1399 quod
512 1315 623 1397 aliqua
649 1314 798 1378 clausula
824 1315 986 1397 generalis
1002 1316 1052 1381 vel
1069 1317 1220 1398 specialis
1247 1316 1280 1380 in
1297 1314 1444 1396 presenti
1463 1308 1525 1374 Sin·

407 1423 517 1490 dicatu
533 1424 632 1488 fuerit
648 1423 806 1503 obmissa,
831 1429 863 1487 ot
892 1424 1120 1506 promittentes
1147 1423 1330 1490 nominibus
1357 1420 1524 1505 quibussn·

407 1555 477 1617 pra,
502 1535 579 1616 ipsis
604 1533 790 1596 constitutis
816 1554 874 1614 pro
901 1553 935 1596 se
951 1539 983 1597 et
1000 1554 1111 1598 eorum
1137 1530 1312 1598 heredibus
1333 1531 1525 1615 stipulantes

411 1663 445 1706 se
461 1648 569 1704 ratum
586 1646 619 1704 et
636 1645 767 1721 gratum
780 1645 812 1703 et
823 1637 950 1703 firmum
968 1641 1147 1720 habituros,
1164 1639 1319 1723 quicquid
1337 1660 1395 1722 per
1411 1637 1525 1702 cosdem

410 1751 443 1813 in
459 1748 616 1832 predictis
633 1755 666 1811 et
682 1748 768 1812 circa
784 1747 932 1830 predicta
942 1747 1064 1812 fuerint
1079 1755 1232 1831 tractata,
1249 1755 1352 1831 gesta,
1369 1748 1526 1814 commissa

411 1864 443 1921 et
467 1857 626 1940 completa
653 1862 687 1920 et
712 1855 874 1938 ordinata,
891 1856 951 1921 snb
978 1857 1177 1940 obligatione
1209 1857 1353 1922 omnium
1379 1856 1526 1920 bonorum

410 1965 489 2030 dicti
504 1962 693 2029 Communis
720 1962 880 2030 Arbensis
897 1966 1097 2048 presentium
1115 1972 1148 2029 et
1163 1964 1362 2030 futurorum.
1383 1965 1428 2030 Et
1444 1962 1526 2027 dede·

411 2081 487 2138 rnnt
503 2080 535 2138 et
552 2072 739 2137 tribuerunt
754 2072 904 2154 predicto
922 2071 1051 2138 domiuo
1078 2071 1239 2137 lodovico
1255 2073 1460 2152 Lauredano,
1475 2071 1527 2135 Ca·

410 2179 543 2265 pitanen
570 2179 731 2245 dictarum
757 2181 867 2244 decem
892 2182 1069 2264 galearum,
1086 2189 1122 2245 ut
1139 2181 1271 2247 Sindico
1288 2188 1320 2245 et
1336 2177 1526 2264 procuratori

411 2291 558 2375 predicto
583 2290 713 2353 nomine
739 2293 771 2352 et
795 2291 862 2353 viee
884 2290 1028 2354 eiusdem
1046 2289 1167 2354 domiui
1185 2289 1287 2354 Ducis
1305 2294 1339 2353 et
1355 2285 1527 2354 Communis

411 2399 628 2466 Veueciarum
652 2397 822 2480 recipienti
838 2403 871 2462 et
890 2397 1062 2480 stipulanti
1089 2404 1192 2463 totum
1209 2399 1272 2463 dou
1286 2399 1388 2462 iulum
1404 2397 1527 2461 liberum

410 2515 442 2571 et
457 2505 643 2590 expeditum
670 2503 832 2584 Civitatis,
843 2505 967 2570 ·Insule
993 2512 1026 2569 et
1044 2505 1223 2571 Districtus
1240 2504 1337 2586 Arbi,
1353 2527 1425 2570 cum
1440 2501 1527 2568 omni-

412 2615 471 2679 bus
488 2614 623 2694 iuribus,
648 2614 830 2678 rationibus
858 2621 891 2678 et
907 2615 1097 2695 actionibus,
1122 2615 1333 2697 pertinenciis
1349 2621 1382 2678 et
1398 2609 1529 2678 iurisdic·
1576 2665 1577 2668 ,

413 2722 557 2788 tionibus
584 2728 617 2786 ot
642 2719 907 2798 honorificentiis,
932 2723 1087 2805 angariis
1104 2721 1329 2805 spectantibus
1348 2728 1381 2786 et
1397 2717 1529 2785 debenti-

412 2830 482 2913 bus,
507 2827 748 2913 pertinentibus
774 2829 860 2892 dicto
888 2827 1062 2893 Communi
1088 2827 1173 2895 Arbi
1199 2850 1330 2913 quoquo
1348 2827 1449 2909 modo,
1466 2846 1528 2891 cum

413 2939 633 3020 assignatione
650 2937 787 3001 clavium
806 2935 956 3000 Civitatis
972 2938 1006 3000 in
1024 2938 1150 3020 signum
1162 2937 1377 3019 possessionis
1394 2943 1425 3002 et
1441 2935 1530 3000 dorni·

414 3048 459 3111 nii
484 3046 570 3110 dicte
595 3044 746 3110 Civitatis
773 3050 804 3109 et
829 3045 1016 3126 Distrietns,
1043 3046 1140 3110 salvis
1166 3051 1200 3110 et
1224 3047 1400 3110 reservatis
1424 3042 1531 3110 eisdem

414 3154 642 3232 Vniuersitati,
662 3150 832 3216 Communi
849 3158 882 3215 et
897 3151 1031 3218 Civibus
1048 3151 1133 3216 Arbi
1154 3152 1302 3217 omnibus
1320 3155 1387 3218 suis
1403 3152 1532 3228 statutis¹

413 3263 548 3347 legibus,
574 3260 861 3327 consuetudinibus
887 3265 919 3326 et
944 3262 1067 3344 gratiis,
1093 3283 1175 3344 quas
1201 3283 1329 3344 semper
1362 3263 1534 3328 habuerunt

416 3392 488 3435 cum
505 3371 653 3452 predicto
680 3369 809 3434 domino
836 3369 928 3433 Duce
944 3375 978 3433 et
994 3367 1165 3433 Communi
1194 3369 1418 3451 veneciarum,
1442 3370 1534 3434 donec

415 3476 474 3541 sub
491 3497 601 3542 eorum
628 3477 831 3559 protectione
857 3483 1123 3559 permanseruut;
1147 3485 1281 3562 excepto
1308 3479 1396 3562 quod
1420 3477 1533 3558 electio,

416 3589 537 3650 creatio
554 3593 587 3650 et
603 3585 764 3650 condictio
782 3583 921 3650 Comitis
947 3585 1033 3651 Arbi
1053 3595 1222 3654 remaneat
1239 3594 1273 3653 et
1289 3611 1359 3654 esse
1376 3587 1492 3654 debeat
1507 3587 1535 3648 in

415 3693 568 3760 libertate
594 3701 626 3757 et
651 3693 817 3758 voluntate
833 3695 952 3776 prefati
969 3695 1090 3760 domini
1107 3696 1210 3760 Ducis
1227 3703 1261 3762 et
1277 3695 1462 3762 Communis
1479 3691 1535 3760 Ve-

416 3805 579 3866 netiarum
596 3802 638 3866 ad
655 3803 893 3868 terminandum
921 3803 960 3868 de
978 3805 1066 3887 ipsis,
1082 3811 1119 3869 ut
1135 3804 1196 3869 sibi
1214 3805 1376 3871 videbitur
1392 3812 1423 3870 et
1439 3805 1537 3888 place·

417 3911 483 3992 bit,
508 3917 540 3974 et
557 3911 642 3993 quod
668 3911 823 3993 predictis
848 3913 932 3977 Duci
949 3921 982 3978 et
998 3913 1172 3978 Communi
1190 3914 1404 3982 Veneciarum
1421 3914 1461 3977 sit
1476 3910 1537 3976 lici-

415 4026 483 4084 tum
511 4019 617 4085 facore
634 4018 797 4085 fabricare
815 4027 847 4086 et
864 4021 1040 4087 fortificare
1065 4020 1239 4087 Civitatem
1255 4020 1433 4105 predictam
1450 4019 1536 4094 Arbi

417 4135 450 4192 ct
466 4130 548 4193 alias
564 4128 743 4193 fortilicias·
763 4136 796 4194 et
822 4130 989 4195 machinas
1016 4151 1126 4194 omnes
1145 4129 1215 4196 fieri
1233 4130 1348 4214 facere,
1365 4153 1426 4213 que
1441 4128 1537 4194 eidem

416 4235 547 4301 domino
572 4237 657 4301 Duci
683 4234 919 4319 Oommnuique
935 4237 1163 4321 Veueciarum,
1180 4239 1230 4303 vel
1245 4240 1314 4303 eius
1340 4237 1535 4304 Officialibus

418 4346 625 4428 apparebunt
651 4367 710 4428 pro
737 4345 968 4411 fortificatione
986 4353 1018 4412 et
1035 4348 1279 4413 conservatione
1295 4346 1381 4412 dicte
1396 4345 1539 4412 Civitatis

418 4461 451 4519 et
467 4462 579 4538 portus
607 4455 673 4518 eius
699 4453 848 4519 facienda
873 4454 912 4520 de
939 4455 1083 4520 denariis
1108 4457 1301 4522 introituum
1327 4462 1360 4521 et
1385 4457 1538 4521 redituum

419 4561 499 4630 dicti
516 4559 703 4626 Communis
721 4559 815 4644 arbi,
832 4563 937 4627 soluto
954 4565 1059 4648 primo
1078 4562 1199 4629 Oomiti
1209 4569 1242 4630 et
1252 4564 1326 4629 aliis
1345 4561 1539 4630 Officialibus
