3226 5254
709 395 943 440 nrrnouaczmr
960 385 1127 442 unauna.

890 579 963 641 168.

357 738 384 801 I.
400 735 559 804 Jolonncl
576 739 936 824 cicilioikirdlyoc'ualc
953 763 974 802 o
982 739 1139 826 floreuczi
1155 739 1376 822 bdztdruaadp.
1397 738 1489 800 1380.

572 897 699 980 Regino
715 898 911 964 Jerusalem.

468 1005 684 1072 serenissima
709 1005 847 1089 Regina,
874 1007 1106 1089 benignissima
1133 1011 1239 1071 mater
1255 1013 1288 1070 et
1303 1004 1488 1088 singularis·

359 1114 441 1181 aima
456 1114 599 1180 Domina
625 1120 747 1179 nostra.
774 1112 952 1197 Oporteret
977 1113 1079 1180 multa
1104 1113 1293 1194 rescribere,
1318 1118 1351 1177 et
1376 1113 1491 1177 rescri-

359 1221 466 1287 bendo
482 1223 671 1306 ingentibus
688 1221 910 1289 Sublimitatis
920 1220 1037 1291 Vestra
1047 1221 1167 1287 litteris
1178 1220 1385 1304 respondere.
1405 1218 1491 1284 Nam

359 1353 430 1396 curn
444 1331 586 1396 materia
611 1352 731 1415 magna
758 1330 808 1408 sit,
835 1336 868 1397 et
891 1352 912 1396 a
939 1328 1125 1396 Serenitate
1151 1329 1274 1397 Vestra
1298 1349 1493 1414 magnarum

361 1438 575 1522 scriptionum
592 1440 674 1502 serie
690 1443 903 1522 pertractata,
919 1441 1067 1522 quamvis
1083 1444 1153 1505 tam
1169 1438 1345 1522 composite
1357 1443 1492 1517 tamque

361 1552 583 1612 consummate
599 1546 769 1612 brevitatis
786 1568 891 1611 sermo
908 1547 1045 1632 cogitari
1062 1551 1180 1631 potest,
1191 1567 1250 1630 per
1261 1566 1355 1629 quem
1366 1543 1493 1610 curiose

359 1651 479 1722 Vestra
503 1653 695 1739 Majestatis
721 1655 861 1720 orationi
886 1653 1093 1736 sufficienter,
1119 1652 1249 1720 abunde
1274 1652 1324 1718 vel
1340 1651 1492 1737 apposite

360 1761 507 1828 satisfiat
533 1761 674 1828 Accedit
699 1764 808 1841 etiam,
825 1761 910 1846 quod
936 1784 1008 1827 eum
1034 1761 1156 1829 Vestra
1173 1761 1315 1845 gloriosa
1330 1759 1493 1846 Majestas

360 1870 490 1936 litteras
514 1871 635 1935 litteris
662 1872 851 1953 cumularet,
876 1872 903 1936 si
931 1872 1065 1937 velimus
1092 1869 1301 1954 singulariter
1317 1868 1359 1934 ad
1375 1875 1494 1934 cuncta

359 1978 549 2059 rescribere,
565 1977 598 2044 id
615 2000 680 2043 non
696 1981 858 2064 possimus
875 1980 1016 2044 breviter
1032 1978 1204 2061 explicare.
1220 1974 1389 2056 Addatur,
1405 1975 1494 2059 quod

363 2109 435 2153 curn
451 2082 607 2153 Vestrum
625 2083 760 2152 Gulmen
778 2088 820 2152 sit
836 2087 1002 2154 anxietate
1016 2087 1085 2171 jam
1097 2087 1204 2170 parati
1220 2085 1307 2166 belli,
1323 2089 1356 2150 et
1372 2091 1424 2149 tot
1439 2105 1494 2168 po-

360 2195 510 2280 pulorum
527 2194 694 2278 regimine,
712 2202 792 2279 quot
803 2217 896 2261 sacro
907 2195 1096 2280 dyademati
1106 2201 1214 2284 vestro
1226 2193 1401 2276 subiacent,
1412 2193 1494 2258 rnul-

360 2303 514 2387 tipliciter
530 2311 742 2389 occupatum;
759 2326 823 2370 non
840 2305 1166 2388 decetMagnitudini
1176 2303 1294 2371 Vestra
1304 2304 1409 2369 multa
1421 2325 1494 2386 sug·

361 2433 482 2496 gerere,
499 2415 647 2497 quamvis
672 2419 825 2497 oporteat
850 2413 953 2478 multa
978 2414 1114 2480 dictare.
1139 2412 1260 2479 Modus
1287 2413 1386 2495 igitur
1402 2410 1495 2476 adbi-

361 2520 487 2587 bendus
503 2527 562 2602 est,
587 2543 627 2586 ne
652 2523 748 2586 nimis
774 2523 808 2586 in
834 2521 966 2605 longum
992 2521 1149 2605 procedat
1165 2523 1280 2603 oratio,
1297 2541 1377 2585 neve
1393 2518 1495 2603 digno

361 2630 466 2693 minus
483 2635 592 2693 nostre
609 2628 790 2695 devotionis
803 2630 949 2695 debitum
967 2630 1196 2713 persolvamus
1214 2628 1417 2695 Conabimur
1433 2628 1495 2692 ita-

365 2757 437 2818 que,
448 2737 700 2804 clementissima
710 2744 824 2818 mater,
835 2759 941 2822 pauca
958 2739 1165 2822 depromere3
1181 2740 1231 2804 ita
1245 2737 1385 2819 tandem,
1403 2735 1493 2819 quod

364 2841 543 2928 adscripta
567 2865 626 2927 per
654 2842 888 2909 celsitudinem
915 2842 1081 2926 Vestram,
1097 2866 1161 2909 nou
1178 2847 1374 2927 omittamus
1395 2865 1496 2926 quan-

362 2955 433 3015 tum
451 2950 594 3035 exigitur
612 2951 816 3035 respondere.
842 2949 914 3017 Nec
929 2973 1086 3033 veremur,
1104 2953 1182 3035 quin
1199 2952 1354 3035 dignetur
1371 2950 1496 3018 Vestra

363 3057 533 3142 Majestas‚
550 3059 624 3124 licet
642 3065 811 3142 occupata,
826 3059 969 3126 fideliter
986 3081 1006 3124 a
1022 3059 1114 3125 nobis
1131 3061 1256 3144 scripta
1270 3061 1425 3142 relegere,
1442 3062 1496 3125 cui

364 3165 488 3250 placuit
518 3173 567 3232 tot
593 3175 627 3232 et
651 3173 745 3234 tanta
769 3168 873 3249 nobis,
904 3167 1122 3251 peculiaribus
1140 3169 1205 3233 suis
1221 3167 1306 3248 filiis,
1331 3167 1495 3232 intimare.

363 3273 502 3357 Scripsit
517 3277 631 3356 itaque
648 3275 742 3341 nobis
758 3271 881 3344 Vestra
897 3274 1065 3342 Serenitas
1081 3297 1139 3360 per
1155 3275 1332 3359 triplicitas
1349 3273 1496 3340 eiusdem

361 3383 484 3446 tenoris
500 3382 628 3447 litteras
645 3383 748 3448 multa
765 3404 863 3467 super
879 3383 1058 3468 conatibus,
1074 3384 1217 3449 moribus
1233 3389 1334 3466 atque
1350 3382 1496 3448 consiliis

362 3488 544 3553 Clarissimi
561 3487 724 3572 Principis
740 3490 861 3556 domini
879 3489 999 3556 Karoli
1017 3490 1057 3557 de
1073 3491 1239 3574 Dyrachio
1252 3515 1259 3573 ;
1273 3491 1380 3557 multa
1395 3512 1494 3573 super

363 3595 534 3676 beneficiis,
551 3581 656 3659 eidem
673 3598 830 3662 maternis
858 3595 1028 3663 affectibus
1045 3619 1065 3662 a
1081 3596 1266 3665 serenitate
1290 3599 1414 3667 Vestra
1430 3598 1497 3665 col·

360 3704 455 3783 latis3
472 3702 573 3768 multa
590 3725 686 3787 super
702 3705 807 3771 salute
817 3706 935 3787 anime,
946 3713 979 3771 et
990 3708 1232 3773 conservatione
1250 3707 1335 3772 lame
1346 3707 1497 3791 parentis

362 3813 420 3892 sui,
431 3819 498 3876 tam
510 3813 571 3895 pie,
582 3833 681 3896 quam
695 3813 880 3880 humaniter
890 3815 1052 3895 ordinata,
1064 3814 1105 3880 de
1119 3837 1178 3881 suo
1195 3815 1336 3899 denique
1346 3815 1496 3900 proposi-

360 3927 402 4002 to,
421 3921 507 4004 quod
524 3920 566 3986 ad
583 3921 806 4005 occupandum
822 3921 974 4006 Regnum
1001 3923 1150 3988 videatur
1165 3923 1335 3988 intendere
1354 3944 1498 4006 conque·

361 4029 478 4111 1·endo;
503 4031 743 4114 subiungentes,
761 4031 938 4114 quodcum
958 4054 979 4097 a
997 4031 1091 4098 nobis
1110 4033 1154 4097 sit
1169 4031 1292 4097 auxilia
1310 4039 1377 4098 tam
1399 4053 1499 4116 pecu-

360 4138 422 4217 nie,
434 4160 531 4221 quam
544 4139 687 4220 gentium
699 4138 869 4221 petiturus,
878 4159 943 4202 uon
955 4140 1059 4205 solum
1070 4138 1246 4204 debeamus
1257 4137 1359 4203 eidem
1371 4137 1429 4202 illa
1440 4159 1497 4202 ne-

362 4266 452 4328 gare,
479 4245 534 4310 sed
551 4267 590 4310 ea
606 4245 648 4310 ad
666 4246 765 4309 vestri
782 4252 889 4311 status
905 4246 1135 4328 defensionem,
1151 4253 1305 4312 consueta
1325 4245 1499 4312 devotione

361 4351 557 4434 transferre;
574 4353 702 4416 deinum
720 4375 839 4436 magna
865 4375 935 4418 cum
952 4353 1152 4436 benignitate
1168 4356 1201 4418 in
1218 4355 1499 4420 conservationem

361 4466 471 4526 nostre
488 4460 649 4526 libertatis
662 4467 694 4524 et
705 4467 819 4541 status,
829 4482 955 4526 omnem
969 4470 1107 4527 vestram
1124 4464 1303 4544 potentiam
1321 4462 1500 4529 obtulistis,

361 4569 443 4638 Post
469 4590 550 4654 quas
576 4568 703 4634 litteras
733 4574 783 4634 ter
809 4575 844 4633 ut
869 4569 1069 4652 prediximus
1094 4570 1260 4655 repetitas,
1285 4570 1411 4654 gratias
1429 4573 1500 4657 egit
