3214 5250
658 399 752 463 lass.
1072 443 1078 450 -
1201 399 1265 462 667

134 572 274 642 Christo
290 575 382 644 Patri
406 576 536 642 domino
562 574 733 644 Demetrio
757 576 987 644 Ambaxiatori
1014 579 1125 645 nostro
1153 577 1195 644 ad
1211 598 1267 642 uos

133 689 173 748 et
199 687 323 748 ceteros
350 685 471 750 amicos
496 691 620 752 vestros
647 687 848 768 transmisso,
873 687 958 750 inter
983 689 1093 752 cetera
1119 683 1264 769 deipsis

136 799 267 882 septem
283 790 428 857 millibus
444 791 570 859 ducatis
587 792 763 878 recipiendi
783 799 816 859 et
831 793 999 878 quietandi
1009 793 1139 878 plenam
1156 798 1189 858 et
1205 815 1270 859 om·

139 899 308 970 nimodam
335 901 482 969 dedimus
506 909 712 986 potestatem.
740 902 862 972 Scituri
878 925 899 968 a
914 907 1002 974 certo
1018 902 1105 986 quod
1121 901 1201 969 XV.
1217 902 1270 972 die

137 1009 215 1077 festi
242 1006 414 1077 Michaelis
438 1007 643 1098 Archangeli
668 1013 813 1096 proxime
838 1013 966 1078 venturi
991 1011 1034 1080 ad
1054 1011 1271 1082 edomandam

138 1118 228 1190 Beni
244 1115 460 1190 Boznensium
476 1125 509 1186 et
533 1120 672 1190 aliorum
688 1125 871 1188 nostrorum
888 1120 1059 1188 rebellium
1074 1121 1269 1206 superbiam,

141 1227 316 1294 assistente
333 1226 427 1294 nobis
443 1226 508 1294 Dei
525 1229 668 1312 dextera,
685 1251 756 1297 cum
772 1229 947 1296 victorioso
965 1235 1077 1297 nostro
1093 1229 1270 1313 Hungaro-

139 1359 215 1404 rum
241 1337 384 1406 exercitu
410 1338 444 1402 in
467 1337 582 1424 Dyaco
609 1341 854 1422 constituemur,
870 1337 969 1405 dubio
995 1337 1140 1422 quolibet
1155 1339 1271 1422 procul

139 1450 242 1513 moto.
267 1445 391 1512 Datum
416 1447 450 1513 in
476 1443 597 1516 Castro
622 1454 733 1516 nostro
758 1447 931 1534 Dycsgeur
948 1447 1000 1514 die
1016 1445 1138 1516 XXII.
1154 1446 1271 1514 mensis

141 1553 344 1639 Septembris
362 1553 489 1644 (1388.)

141 1697 180 1765 (A
204 1701 305 1752 »Liber
327 1702 493 1755 Paetorum«
517 1706 609 1756 czimti
630 1704 767 1756 velenczei
789 1702 1271 1770 arlamuonyvoelvlmt.sae.1.)

672 2015 747 2080 400.

243 2177 418 2266 Zsipmoud
434 2176 617 2262 kiro'lynok
634 2201 654 2242 a
663 2176 818 2266 florenczi
834 2178 1053 2264 kbztdreoscip.
1079 2177 1174 2242 1388.

362 2337 448 2422 Regi
465 2337 648 2422 Hungarie.

256 2445 467 2512 Serenissime
493 2453 525 2512 et
550 2444 794 2513 Gloriosissime
820 2445 989 2529 Princeps
1014 2443 1155 2511 Tantam
1182 2443 1277 2509 devo·

146 2558 268 2626 tionem
293 2556 449 2622 habemus
473 2556 517 2624 ad
543 2553 776 2623 Celsitudinem
801 2554 916 2623 Vestri
932 2555 1051 2637 throni,
1067 2553 1155 2638 quod
1172 2553 1276 2618 omnis

148 2662 370 2732 Sublimitatis
387 2663 506 2734 Vestro
522 2666 652 2748 rogatio
668 2664 761 2732 nobis
777 2672 828 2731 est
843 2665 950 2731 instar
966 2662 1195 2748 urgentissime
1209 2662 1276 2746 jus-

149 2771 267 2853 sionis;
291 2777 329 2838 ut
344 2771 481 2838 firmiter
497 2777 608 2838 tenere
625 2771 743 2839 debeat
759 2771 882 2840 Vestra
898 2770 1075 2852 Sembitae,
1091 2790 1151 2838 nos
1168 2767 1274 2853 requi·

149 2879 303 2946 sitionem
319 2879 472 2965 aliquam,
497 2901 556 2946 nec
580 2881 709 2946 litteras
724 2885 918 2963 moraturos,
936 2880 1085 2965 quotiens
1102 2877 1194 2944 nobis
1220 2876 1278 2942 ali·

149 2987 228 3073 quid
243 2987 469 3072 innotesceret,
486 2989 574 3074 quod
590 2988 633 3055 ad
650 2989 930 3073 supereminentis
942 2988 1063 3057 Vestre
1079 2991 1203 3052 statum
1220 2991 1278 3052 aut

150 3095 338 3182 Majestatis
363 3095 484 3166 Vestro
508 3098 717 3183 beneplacita
740 3098 928 3182 pertineret.
952 3094 1043 3160 Illud
1063 3099 1174 3161 tamen
1190 3094 1278 3178 quod

151 3206 239 3272 circa
255 3207 390 3289 negocia
405 3205 604 3272 nobilissime
618 3208 758 3273 Domine
775 3206 905 3271 domine
916 3201 1094 3269 Oatharine
1104 3199 1278 3268 Comitisse

151 3314 315 3381 Modrusii
331 3322 428 3398 atque
444 3315 550 3399 Vegle
563 3315 658 3400 jubet
679 3313 800 3382 Vestra
815 3313 1007 3381 Sublimitas
1024 3333 1094 3378 cum
1111 3310 1214 3391 nobis,
1231 3311 1280 3375 ni·

152 3422 218 3490 chil
233 3423 294 3488 nisi
312 3425 586 3491 ministrationem
608 3425 749 3508 justicie,
767 3421 855 3506 quod
882 3420 1055 3486 cuiuslibet
1071 3418 1278 3485 Presidentis

153 3538 204 3600 est
220 3531 374 3618 debitum,
390 3535 578 3618 iniungatis.
601 3533 684 3600 Tele
700 3533 831 3619 quidem
847 3539 905 3614 est,
922 3531 1008 3616 quod
1024 3529 1143 3596 nedum
1159 3528 1280 3597 Vestre

153 3636 387 3726 Magnitudini‚
403 3644 459 3707 sed
474 3644 556 3709 nulli
573 3664 706 3727 prorsus
726 3639 845 3707 debeat
861 3641 1026 3724 denegari.
1056 3635 1276 3722 Quamobrem

154 3751 248 3818 iuxta
264 3749 451 3836 Majestatis
477 3752 600 3821 Vestra
625 3751 790 3834 rescripta,
807 3755 875 3816 tarn
893 3749 964 3829 sibi,
981 3769 1078 3831 quam
1094 3752 1283 3830 procurato-

152 3857 247 3924 ribus
263 3860 329 3924 suis
342 3860 520 3926 favorabile
533 3861 597 3945 jus,
613 3867 645 3925 et
662 3859 941 3942 expeditissimam
948 3855 1113 3940 justiciam
1125 3855 1281 3921 faciemus

152 3967 429 4052 contemplatione
445 3968 564 4037 Vestre
583 3966 796 4035 Celsitudinis
811 3966 999 4032 ministrari.
1020 3962 1144 4032 Verum
1162 3969 1281 4045 tamen,

153 4075 233 4159 quia
249 4077 298 4140 vir·
314 4099 391 4143 suus
406 4083 438 4143 et
454 4079 527 4160 ipsa
552 4077 753 4160 sequestrari
778 4076 926 4140 fecerunt
941 4073 1045 4138 multa
1060 4071 1146 4137 bona
1161 4070 1279 4137 nobilis

152 4183 268 4249 militie
285 4183 406 4249 domini
431 4182 542 4252 Versii
569 4183 609 4248 de
634 4183 774 4249 Medicis
802 4181 1003 4246 dilectissimi
1028 4179 1133 4245 nostri
1150 4178 1231 4243 civis
1247 4182 1280 4242 et

152 4291 325 4370 sociorum,
351 4299 519 4376 tamquam
545 4293 731 4356 societatem
758 4289 901 4354 habeant
927 4309 998 4351 cum
1025 4284 1153 4352 Milano
1182 4284 1281 4350 ‹laco-

152 4399 243 4466 mclli
261 4399 300 4464 de
316 4399 454 4480 Padua,
478 4421 573 4482 quem
599 4400 691 4482 ajunt
716 4396 845 4482 prefate
871 4393 1011 4460 Domine
1029 4393 1226 4474 ‹lebitorem3
1252 4401 1284 4458 et
1335 4441 1338 4449 .

153 4529 214 4575 nos
241 4508 411 4575 certissimi
438 4527 546 4572 sumus
571 4508 658 4572 inter
684 4507 779 4590 ipsos
798 4503 921 4570 nullam
947 4502 1025 4584 sore,
1050 4523 1111 4566 nec
1141 4521 1285 4584 unquam

152 4615 254 4682 fuisse
270 4617 399 4704 penitus
416 4615 605 4682 societatem
617 4640 622 4679 :
636 4613 818 4682 Clementia
829 4612 949 4682 Vestre
960 4609 1175 4678 devotissimis
1191 4607 1285 4676 affec-
