3210 5252
396 305 440 392 la
756 341 992 388 urunonncmnr
1010 303 1178 389 aurdanu.

397 504 505 588 plnres
531 502 743 589 Apostolicas
769 503 907 584 litteras,
932 509 964 567 et
991 503 1088 568 etiam
1105 525 1164 585 per
1181 500 1437 567 Ambaxiatores
1456 505 1534 563 tuos

398 614 440 677 ad
472 618 617 676 nostram
649 611 844 693 presentiam
878 609 1067 692 destinatos
1099 609 1285 674 notificasse
1315 607 1536 682 meminimus,

399 719 484 803 qnod
512 739 570 784 nos
586 723 618 780 et
635 717 785 782 Romana
802 716 952 781 Ecclesia
968 737 1039 779 erim
1060 717 1243 798 iniquitatis
1261 717 1414 797 alumpno
1432 719 1466 778 et
1494 714 1538 777 ti·
1568 725 1574 733 ·

316 807 318 812 Ι
400 848 503 894 ranno
520 825 752 894 credulissimo,
770 846 809 888 ac
826 826 959 906 antiquo
975 823 1068 889 hoste
1085 831 1116 887 et
1134 831 1342 906 persecutore
1359 821 1532 886 senissimo

402 937 487 1001 dicte
506 934 663 1012 Ecclesie,
682 933 736 1013 qui
755 932 783 995 ei
805 934 912 1014 sepius
929 931 1029 1013 fregit
1044 952 1166 1014 pacem,
1183 930 1305 996 habere
1323 928 1535 996 concordiam

402 1049 613 1126 nequeuntes,
639 1047 676 1104 ut
702 1038 783 1103 alias
800 1040 869 1102 eius
887 1040 1071 1122 impietates
1089 1039 1296 1110 execrabiles,
1318 1058 1400 1120 quas
1417 1043 1537 1100 contra

401 1151 508 1215 Deum
534 1169 572 1214 ac
589 1144 721 1212 (llernm
749 1151 781 1211 et
806 1146 961 1228 populum
978 1147 1161 1210 immaniter
1178 1151 1290 1228 patrat
1306 1143 1444 1224 assidue,
1461 1161 1536 1224 pre-

398 1255 543 1323 sentibus
560 1255 756 1332 omittamns,
773 1251 814 1316 acl
832 1254 934 1334 ipsius
951 1260 983 1316 et
999 1251 1124 1316 Galeas
1145 1250 1260 1316 fratris
1277 1258 1311 1316 et
1327 1249 1478 1333 colligati
1496 1267 1536 1310 ar

398 1362 537 1428 tantoris
564 1363 622 1439 sni,
645 1361 866 1443 perpetrantis
896 1359 1025 1438 similia.
1051 1360 1353 1424 exterminationem
1379 1363 1412 1420 et
1437 1355 1537 1420 dissi·

399 1470 574 1552 pationem,
599 1489 671 1533 cnm
696 1469 881 1550 aliquorum
911 1466 1055 1531 fidelium
1086 1467 1207 1532 auxilio
1234 1463 1433 1530 intendimus
1458 1467 1535 1527 toto

401 1595 503 1661 posse.
529 1577 655 1641 Etiam
682 1576 790 1658 gratia.
815 1572 879 1639 Dei
896 1595 1061 1640 successus
1088 1595 1261 1658 prosperos
1278 1573 1365 1638 dicte
1382 1570 1537 1636 Ecclecie

401 1684 579 1767 elargitur3
604 1683 662 1747 sed
693 1683 735 1748 ad
766 1689 894 1746 tantum
927 1701 1007 1764 opus
1039 1684 1153 1746 maiori
1186 1678 1309 1746 anaxilio
1342 1679 1537 1762 indigemus.

400 1791 548 1873 ldeoqne
565 1811 637 1855 cnm
654 1789 882 1868 audiverimus,
903 1789 990 1870 quod
1007 1811 1109 1873 nuper
1126 1789 1198 1854 Tua
1215 1787 1406 1855 Sublimitas
1422 1795 1534 1853 certus

400 1906 512 1982 gentes
537 1899 719 1981 armigeras
746 1899 778 1961 in
804 1897 1002 1962 adiutorium
1018 1896 1127 1962 dilecti
1143 1895 1201 1962 filii
1218 1897 1333 1961 nobilis
1350 1898 1409 1960 riri
1427 1895 1538 1961 Fran·

401 2008 479 2071 cisni
505 2007 545 2071 de
562 2003 720 2072 Carraria
735 2005 858 2084 militis,
875 2006 908 2068 in
925 2001 1068 2070 Ciuitate
1085 2004 1245 2070 Paduana
1271 2004 1459 2088 Imperialis
1476 2001 1538 2072 Vi-

403 2115 494 2196 rarii,
506 2120 619 2179 contra
635 2113 779 2182 Venetos
795 2112 979 2193 destinavit
997 2135 1053 2178 nos
1070 2114 1322 2195 considerantes
1339 2114 1426 2196 quod
1443 2115 1537 2178 inter·

405 2220 550 2305 prefatos
568 2221 711 2287 Venetos
729 2227 760 2284 et
782 2221 992 2286 Franciscum
1010 2241 1121 2304 paoem
1138 2241 1197 2304 per
1212 2229 1358 2286 nostrum
1374 2219 1539 2287 Nuntium

403 2325 533 2393 assidue
558 2349 778 2410 procuramus,
805 2329 844 2392 de
864 2350 931 2411 qua
962 2329 1075 2410 aliqua
1102 2350 1175 2412 spes
1201 2329 1352 2408 habetur,
1377 2329 1535 2394 devotam

402 2435 681 2520 Magnificentiam
698 2436 813 2517 Tuam,
829 2439 862 2502 in
876 2459 941 2519 qna
951 2457 1078 2521 semper
1093 2435 1292 2520 speravimus
1309 2443 1341 2501 et
1351 2457 1537 2530 speramns2

403 2547 499 2626 omni,
515 2567 578 2628 quo
604 2567 784 2629 possumus,
810 2543 929 2611 affectu
954 2567 1116 2628 rogamus
1141 2551 1302 2628 quatenus
1329 2544 1432 2610 dictas
1454 2551 1537 2609 tuas

402 2657 516 2732 gentes
541 2655 574 2717 in
606 2673 717 2718 casnm
742 2653 888 2736 predicte
904 2653 994 2736 pa'cis
1019 2653 1096 2717 velis
1123 2653 1157 2717 iu
1172 2653 1272 2717 auxili
1297 2674 1327 2718 m
1355 2651 1441 2716 dicte
1470 2651 1538 2718 Ec·

406 2758 501 2823 clesie
527 2764 640 2825 contra
664 2761 773 2825 hostes
798 2760 981 2826 huiusmodi
1007 2781 1066 2842 pro
1100 2767 1253 2844 tempore,
1278 2759 1318 2823 de
1344 2779 1410 2840 qno
1429 2758 1538 2842 Regie

409 2864 599 2932 liberalitati
631 2866 801 2947 videbitur,
833 2868 1006 2933 destinare.
1038 2867 1162 2932 Datum
1195 2865 1356 2932 Aninionc
1389 2865 1540 2931 kalendis

408 2970 570 3055 «Ianuarii,
588 2973 804 3040 pontificatus
819 2977 924 3040 nostri
940 2995 1024 3039 anno
1041 2974 1191 3039 secundo.

727 3117 788 3182 (XI.
803 3121 921 3186 Gergely
936 3131 1008 3185 papa
1021 3120 1209 3183 regestaibbl.)

1015 3283 1047 3290 -ιι

939 3425 992 3486 45.

404 3581 432 3644 Ι.
451 3583 550 3664 Lajoa
565 3605 706 3669 mapyar
722 3583 753 3646 6⁸
770 3581 891 3669 lenqpel
907 3583 1088 3669 lcirdlynalc
1106 3584 1165 3648 XI.
1182 3584 1320 3671 Gerpely
1330 3586 1437 3671 μόρα,
1454 3587 1539 3674 bopy

404 3689 505 3753 Dello
525 3691 623 3754 Scala
641 3689 848 3776 Cortprnadct
865 3691 1191 3777 veronaifejedelmet
1209 3695 1241 3756 έε
1258 3717 1278 3756 α
1286 3691 1447 3777 floreooza'
1465 3695 1539 3760 lcb'z·

404 3801 587 3880 tdrscedpot
613 3820 694 3861 arra.
721 3798 818 3883 hirja,
843 3798 953 3885 milcc'p
970 3823 989 3861 n
1011 3799 1175 3865 Viacoatilc
1192 3801 1270 3864 ellan
1296 3800 1488 3888 sepitrdpere
1505 3804 1541 3867 le·

703 3929 784 3992 pyra
800 3932 821 3970 u
837 3908 945 3971 romei
962 3908 1105 3972 aze'lcnelc.
1133 3907 1227 3973 1373.

516 4063 699 4146 Gregorius
724 4067 910 4151 Episcopus
927 4077 986 4134 etc.
1004 4069 1171 4134 carissimo
1188 4065 1222 4132 in
1239 4065 1371 4135 Christo
1386 4067 1458 4136 filio
1476 4071 1541 4135 Lu·

405 4167 520 4235 dorico
547 4169 632 4254 Regi
660 4173 806 4256 Vagarie
822 4175 951 4255 illustri,
968 4177 1104 4241 salntem
1122 4183 1181 4240 etc.
1198 4173 1280 4240 Cum
1297 4176 1437 4242 dilectus
1454 4177 1542 4244 filius
1594 4197 1598 4272 ζ

413 4276 530 4343 nobilis
556 4281 605 4344 vir
630 4277 900 4365 Canissegnorius
926 4280 968 4348 de
987 4283 1129 4348 Lascala
1145 4285 1178 4347 in
1194 4280 1337 4349 Ciuitate
1354 4281 1542 4352 Veronensi
1597 4293 1598 4374 J

406 4383 594 4468 imperialis
620 4388 771 4455 Vicarins
798 4391 840 4454 sit
858 4391 978 4454 vicinus
1000 4392 1106 4472 terris,
1125 4411 1205 4474 quas
1223 4391 1347 4456 detinet
1367 4391 1542 4459 Bernabos
1597 4405 1598 4486 ]

407 4489 445 4556 de
462 4489 725 4580 vicecomitibus,
742 4504 774 4561 et
791 4499 858 4562 eius
885 4496 1123 4564 desolationem
1141 4507 1173 4563 et
1194 4501 1448 4585 oppressionem,
1466 4503 1542 4576 licet
1595 4517 1598 4588 l
