3226 5254
387 333 451 392 366
738 348 970 392 oranouaczmr
988 343 1156 392 racanati.

385 529 445 590 pro
462 505 738 590 receptahabebit
749 507 870 572 dictam
892 509 1119 589 quantitatem,
1135 516 1167 572 et
1187 529 1344 573 summam
1359 509 1392 573 in
1409 527 1510 588 quan·

384 615 481 681 titate
506 623 539 680 et
563 637 697 699 summa,
724 637 821 698 quam
847 616 969 680 dicitur
994 616 1116 681 dictum
1143 617 1320 682 Commune
1345 615 1509 682 Florentia

385 722 501 788 debere
518 723 580 806 ipsi
596 724 727 790 domiuo
740 723 830 808 Papo
847 730 880 789 et
897 723 1016 789 Sancte
1027 724 1174 790 Romane
1184 722 1325 790 Ecclesie
1336 725 1507 790 occasione

384 832 472 915 pacis
492 833 648 898 hactenus
682 839 848 898 contracte
885 833 969 898 inter
1003 833 1109 916 ipsum
1134 831 1300 899 dominum
1326 833 1446 916 Papam
1470 836 1507 894 et

384 935 563 1005 Commune
581 940 927 1024 p1·ediotum,etquod
946 939 1038 1004 illam
1064 941 1284 1024 quantitatem
1301 962 1357 1005 seu
1384 946 1509 1023 partem

383 1068 421 1111 ex
453 1048 695 1130 quantitatibus
725 1049 901 1114 antedictis
934 1049 1096 1113 dictorum
1127 1049 1351 1132 quadraginta
1384 1046 1507 1111 milium

383 1153 578 1220 florenorum
610 1157 692 1237 auri,
727 1155 767 1221 de
793 1157 913 1238 quibus
939 1157 1163 1239 supradictum
1188 1162 1247 1234 cst,
1282 1177 1378 1238 quam
1404 1153 1509 1218 dictus

382 1260 531 1328 domiuus
546 1263 641 1347 Papa
656 1264 705 1329 vel
731 1266 798 1328 eius
825 1285 989 1330 successor
1013 1286 1078 1329 non
1095 1263 1306 1347 computabit,
1326 1269 1359 1328 et
1375 1283 1432 1347 pro
1458 1283 1506 1326 re-

380 1377 476 1454 cepta
491 1393 556 1435 non
573 1370 716 1454 habebit,
732 1376 765 1435 et
781 1370 820 1436 de
837 1393 902 1454 qua
925 1393 1027 1454 usque
1044 1371 1086 1437 ad
1112 1377 1356 1437 concurrentem
1383 1370 1509 1454 quanti·

380 1485 484 1543 tatem
501 1500 574 1545 cum
591 1481 776 1562 quantitate
793 1480 902 1544 soluta
928 1501 991 1545 non
1017 1479 1164 1546 absolvet
1179 1486 1212 1544 et
1239 1479 1400 1561 quietabit
1416 1475 1508 1542 Gom-

380 1607 476 1651 mune
493 1586 674 1669 predictum
691 1586 777 1652 infra
792 1589 917 1653 dictum
934 1589 1118 1670 terminum,
1134 1587 1240 1652 dictus
1266 1584 1414 1652 domiuus
1434 1585 1505 1649 Rex

380 1695 532 1760 restituet
547 1702 605 1761 aut
621 1696 751 1761 restitui
768 1694 867 1786 saciet
884 1695 973 1761 dicto
985 1694 1157 1761 Communi
1173 1694 1207 1758 in
1223 1695 1355 1759 civitate
1372 1692 1506 1757 Floren-

380 1803 424 1866 tie
441 1803 528 1869 infra
543 1804 687 1888 quinque
703 1823 805 1868 annos
830 1805 976 1888 proxime
1004 1809 1171 1868 secuturos
1187 1823 1207 1866 a
1224 1802 1276 1866 dic
1300 1800 1387 1866 dicte
1403 1798 1506 1863 fieude

379 1911 599 1992 promissionis
614 1918 649 1976 et
663 1910 871 1996 obligationis
888 1918 921 1976 et
936 1910 1124 1977 celebrandi
1142 1915 1339 1975 contractus.
1357 1907 1403 1972 Et
1421 1906 1506 1990 quod

379 2019 420 2084 ad
436 2020 583 2103 predicta
599 2020 799 2102 obligabitur
818 2021 923 2085 dictus
942 2019 1094 2084 dominus
1119 2019 1192 2084 Rex
1217 2040 1274 2084 scu
1288 2019 1358 2082 eius
1375 2013 1506 2081 mauda-

379 2128 480 2192 terius
496 2128 644 2212 ydonius,
659 2128 765 2212 ipsum
782 2129 900 2193 eteius
917 2127 1002 2192 bona
1028 2127 1188 2211 obligans,
1204 2134 1237 2190 et
1252 2125 1420 2210 predictas
1437 2145 1508 2206 pro·
1533 2205 1538 2216 1

379 2235 554 2316 missiones,
570 2243 677 2320 pacta,
694 2237 921 2301 conventiones
937 2241 969 2299 et
986 2235 1172 2316 solutiones,
1181 2234 1296 2315 modis,
1311 2233 1459 2317 partibus
1474 2237 1507 2294 et

378 2342 456 2408 locis
473 2345 702 2427 suprascriptis
718 2344 843 2410 faciant
858 2351 891 2409 et
912 2344 1073 2427 recipiant
1089 2344 1228 2427 predicti
1254 2341 1504 2406 Ambaxiatores

377 2458 411 2515 et
437 2451 560 2518 Sindici
585 2453 768 2519 nominibus
794 2452 910 2536 quibus
935 2473 1035 2534 supra
1060 2454 1088 2517 si
1112 2459 1146 2517 et
1170 2453 1204 2516 in
1231 2455 1398 2534 quantum,
1425 2455 1457 2512 et
1473 2450 1506 2510 in

377 2579 454 2625 casu
470 2583 533 2644 quo
549 2561 793 2644 prenominatus
810 2561 959 2627 domiuus
983 2561 1008 2626 J
1010 2561 1153 2626 ohannes
1173 2560 1285 2625 Banus
1304 2557 1506 2640 Capitaneus

377 2667 560 2733 antedictus
575 2670 747 2751 promittat
771 2669 867 2735 dictis
888 2666 1183 2733 Ambaxiatoribus
1208 2674 1239 2732 et
1266 2665 1408 2732 Sindicis
1435 2685 1506 2747 pre-

377 2775 521 2840 sentibus
537 2781 570 2842 et
586 2777 818 2860 stipulantibus
834 2777 902 2841 rice
919 2784 951 2841 et
977 2778 1104 2842 nomine
1121 2777 1199 2840 dicti
1214 2774 1334 2859 Populi
1350 2780 1383 2840 ct
1411 2772 1507 2836 Com·

377 2883 491 2963 munis,
507 2889 540 2948 et
556 2884 699 2949 omnium
716 2905 854 2967 quorum
871 2885 1015 2967 interest,
1027 2905 1059 2949 se
1071 2884 1234 2950 facturum
1244 2887 1502 2962 etcunaturum;

374 2991 422 3055 ita
447 2998 480 3056 et
502 2991 623 3073 taliter,
649 2993 735 3075 quod
752 2991 939 3074 supradicte
965 2993 1193 3076 promissiones
1223 2996 1254 3056 et
1280 2990 1498 3072 obligationes

375 3097 454 3164 fient
471 3105 507 3164 ut
522 3102 670 3184 superius
687 3108 735 3166 est
751 3122 945 3184 expressum,
963 3108 997 3166 et
1013 3101 1101 3185 quod
1121 3103 1190 3184 ipse
1218 3098 1414 3182 Magnificus
1443 3097 1505 3163 Mi-

375 3204 421 3269 les
447 3207 595 3274 domiuus
619 3208 789 3274 Johamres
814 3210 927 3275 Banus
951 3207 1161 3292 Oapitaneus,
1187 3213 1219 3272 et
1246 3204 1448 3272 Seneschalli
1473 3213 1505 3268 et

374 3314 561 3396 quindecim
576 3339 616 3382 ex
632 3316 809 3382 maioribus
819 3317 1035 3401 Caporalibus
1047 3324 1080 3383 et
1091 3316 1354 3383 Conductoribus
1364 3313 1503 3395 ngba-

374 3443 486 3487 rorum
502 3425 675 3490 existentes
692 3447 764 3491 cum
781 3425 868 3492 dicto
887 3426 1017 3490 domino
1034 3424 1162 3491 Karolo
1189 3425 1287 3489 etiam
1305 3443 1363 3506 per
1380 3422 1504 3486 instru-

375 3541 518 3599 mentum
531 3535 762 3602 conficiendum
773 3538 1010 3621 perNotarium
1020 3537 1256 3614 Florentinum,
1266 3539 1304 3599 ut
1310 3534 1434 3598 dictum
1444 3537 1506 3606 est,

374 3651 519 3726 tempore
535 3642 638 3726 prime
656 3645 834 3726 solutionis,
851 3667 948 3727 quam
967 3644 1066 3710 faciet
1082 3646 1131 3709 vel
1148 3643 1218 3709 fieri
1235 3642 1334 3708 faciet
1352 3641 1506 3707 Commu-

375 3772 414 3816 ne
432 3751 610 3836 predictum
626 3753 799 3819 occasione
816 3753 1087 3839 supradictorum,
1104 3753 1192 3837 quod
1209 3752 1350 3836 predicti
1370 3749 1507 3833 Capita·

374 3881 461 3941 neus,
473 3858 684 3943 Senescballi,
696 3859 877 3944 Caporales
888 3867 921 3927 et
931 3843 1204 3942 Conductoresbt
1216 3867 1329 3946 gentes
1341 3857 1507 3940 cumipsis

373 3967 547 4034 existentes
563 3990 626 4033 non
644 3967 810 4034 offendent
827 3977 883 4034 aut
895 3969 1112 4036 molestabant
1123 3968 1190 4035 ullo
1201 3969 1306 4048 modo,
1321 3973 1355 4032 et
1370 3987 1428 4030 seu
1444 3964 1506 4028 ali·

373 4096 437 4159 quo
456 4081 604 4159 tempore
621 4097 686 4159 quo
706 4079 841 4143 stabunt
856 4079 891 4143 in
906 4078 1057 4161 partibus
1084 4079 1198 4143 Ytalie
1215 4097 1276 4160 pro
1292 4076 1357 4139 isto
1374 4073 1506 4152 viatico,

374 4181 525 4248 videlicet
541 4191 715 4267 antequam
727 4186 760 4248 in
772 4184 978 4269 'Unghariam
994 4192 1209 4265 revertantur,
1236 4185 1415 4250 Commune
1427 4181 1507 4245 Flo-

373 4291 483 4372 rentio,
500 4289 760 4357 autCommunia
777 4292 936 4374 Bououie,
953 4293 1093 4378 Perusij,
1110 4293 1272 4376 Pisarum,
1289 4291 1450 4359 Senaram
1470 4299 1507 4354 et

373 4398 551 4482 Lucanum,
568 4400 637 4465 eius
656 4400 838 4484 colligatos,
864 4409 895 4465 et
913 4424 967 4467 seu
984 4402 1061 4468 dicti
1080 4401 1268 4468 Communis
1283 4401 1452 4468 Florentie
1468 4406 1506 4462 et

372 4507 597 4588 colligatorum
631 4507 681 4570 vel
716 4508 851 4574 alicuius
887 4531 998 4574 eorum
1033 4511 1125 4592 cirea,
1151 4511 1308 4592 subditos,
1333 4515 1506 4608 vassallos,
