3134 5254
1073 23 1077 38 Α
1143 51 1159 86 ⁴
1355 20 1544 299 Ἴ

406 358 470 420 290
759 371 992 420 nrnraonnczmr
1010 358 1178 418 auersas.

406 534 464 615 bis,
482 533 569 618 quod
585 541 821 618 recognoscant
847 533 1034 600 Dominium
1052 535 1135 600 sieut
1152 539 1201 599 est
1216 532 1377 612 dietum‹;
1398 527 1512 614 snbjun-

406 643 521 726 gendo,
538 643 600 709 hoo
618 665 679 708 non
697 645 817 730 poterit
833 643 900 710 ullo
917 644 1013 710 modo
1030 642 1110 708 lieri.
1127 643 1172 708 Et
1189 664 1260 708 cum
1277 641 1328 706 his
1344 642 1438 706 serbis
1454 638 1512 704 die

405 759 459 816 tus
477 740 625 818 dominus
643 751 791 819 Karolns
809 752 968 818 conclusit
987 752 1123 818 dicendo
1141 775 1148 815 :
1168 751 1260 832 »Ego
1276 750 1358 832 volo,
1374 745 1450 832 qnod
1465 769 1512 814 ros

298 839 309 850 ”
406 861 499 938 eatis,
516 866 549 924 et
565 859 681 926 dicatis
708 867 832 926 secrete
852 862 917 925 ista
934 860 998 925 illis
1014 859 1181 939 Dominis;
1205 863 1239 923 et
1256 857 1347 939 quod
1363 863 1469 942 ponant
1483 877 1512 919 se

407 968 439 1033 in
458 969 517 1034 tali
533 968 657 1048 ordine,
673 967 761 1051 quod
786 969 918 1035 veniant
935 967 977 1033 ad
993 968 1140 1033 ultimam
1160 967 1405 1049 conclusionem,
1419 971 1448 1031 et
1459 985 1514 1028 non

406 1074 543 1142 dueatur
559 1074 680 1143 factum
697 1077 731 1142 in
747 1077 898 1162 longum;
922 1078 1000 1162 quia
1030 1097 1087 1142 nos
1113 1076 1262 1144 dedimus
1278 1076 1428 1157 ordinem,
1442 1071 1516 1156 quod

406 1185 458 1250 die
474 1183 595 1250 Martis
611 1183 651 1250 de
668 1205 749 1268 sero,
774 1185 824 1250 vel
840 1186 894 1251 die
914 1185 1073 1270 Marcurij
1091 1187 1131 1252 de
1146 1207 1249 1269 mane,
1265 1207 1377 1252 omnes
1391 1181 1516 1265 colligati

407 1290 527 1357 debent
542 1311 612 1357 esse
637 1291 692 1357 hic
719 1290 762 1360 ad
788 1291 1034 1360 deliberandum
1054 1294 1203 1359 nltimam
1219 1294 1434 1372 intentionem,
1447 1291 1514 1374 ejus

407 1399 485 1484 quid
502 1405 551 1465 est
566 1399 718 1482 fiendum,
735 1399 827 1465 etad
844 1400 1018 1468 videndum
1044 1401 1122 1484 quid
1143 1399 1251 1467 iacere
1268 1399 1438 1486 poterimus
1451 1418 1514 1462 eum

408 1510 495 1591 eis‹;
519 1507 655 1574 dicendo
674 1534 681 1574 ε
700 1507 782 1573 »Isti
808 1508 932 1574 domini
956 1508 1208 1577 Ambasiatores
1224 1530 1387 1594 nunquam
1403 1507 1515 1572 veniunt

407 1618 450 1683 ad
467 1637 534 1698 noe,
551 1618 640 1702 quod
665 1639 728 1684 non
753 1619 820 1683 sint
846 1618 900 1684 nic
915 1620 1137 1705 exploratores
1154 1618 1391 1702 colligatorum,
1407 1617 1453 1700 qui
1468 1635 1515 1679 no·

407 1732 481 1791 tant
496 1727 626 1810 quando
643 1729 786 1811 veniunt,
802 1734 883 1810 quot
909 1728 997 1793 horis
1014 1733 1112 1809 stant,
1129 1727 1260 1810 quando
1276 1726 1434 1805 recedunt,
1447 1729 1515 1808 quot

406 1833 529 1902 vicibus
554 1841 672 1901 exeunt
696 1836 736 1901 de
763 1836 948 1919 temptori0,
965 1841 998 1900 et
1013 1834 1150 1902 redeunt
1165 1834 1208 1902 ad
1223 1857 1300 1914 nos;
1324 1837 1371 1901 ita
1395 1831 1471 1918 quod
1484 1850 1516 1893 ex
1542 1879 1543 1884 η

406 1943 468 2009 hoe
477 1949 562 2009 esset
573 1943 686 2008 melius
696 1949 806 2008 tenere
817 1941 957 2026 modum,
970 1943 1057 2025 quod
1067 1943 1156 2008 iacta
1173 1949 1288 2009 nostra
1304 1941 1414 2008 fierent
1427 1937 1517 2022 magis

407 2057 541 2133 secreta,
553 2057 585 2116 et
594 2050 681 2135 qnod
691 2050 826 2117 daretur
835 2050 1107 2135 expedietiofflt
1117 2071 1190 2115 cum
1199 2049 1252 2114 his
1262 2051 1369 2117 verbis
1378 2051 1409 2114 in
1417 2046 1516 2113 effectu

407 2160 477 2243 ipse
492 2159 640 2226 dominus
656 2157 830 2226 Generalis
856 2159 992 2224 recessit
1008 2158 1050 2224 ab
1066 2157 1178 2224 eodem
1196 2157 1329 2224 domino
1351 2155 1476 2235 Karolo,
1491 2159 1514 2217 et

407 2265 504 2352 redijt
520 2267 653 2332 Mestre.
670 2265 744 2351 Que
761 2269 878 2350 omnia,
894 2274 994 2350 prout
1008 2266 1180 2332 habuimus
1196 2288 1215 2332 a
1231 2266 1362 2332 domino
1373 2260 1517 2341 Generali,

408 2374 530 2442 Vestre
555 2375 781 2442 Dominationi
805 2377 988 2442 curavimus
1014 2373 1120 2441 faeere
1136 2375 1206 2440 tore
1222 2380 1309 2440 nota
1326 2372 1516 2440 Serenissime

408 2484 559 2568 Domine,
585 2482 803 2569 significamus
827 2483 1054 2549 Dominationi
1079 2482 1198 2552 Vestre
1223 2483 1310 2568 quod
1342 2480 1517 2558 sentivimus,
1542 2571 1543 2574 Ἴ

409 2591 495 2675 quod
513 2589 713 2677 Oapitanens
739 2589 848 2658 Castri
875 2592 1001 2658 Mestre
1017 2599 1066 2657 est
1083 2591 1248 2670 infirmus;
1272 2591 1358 2656 nude
1378 2588 1516 2656 credimus
1541 2593 1543 2678 ξ

408 2699 478 2764 lore
494 2697 625 2781 bouum,
651 2699 739 2784 quod
766 2699 890 2766 Vestra
916 2695 1107 2766 Dominatio
1132 2722 1189 2784 per
1214 2700 1307 2765 illum
1327 2687 1543 2779 modumperi

409 2830 505 2892 quem
531 2809 593 2875 sibi
610 2809 726 2874 melius
744 2809 882 2888 videtur,
898 2807 1068 2893 prevideat
1084 2830 1180 2892 super
1196 2807 1281 2874 inde.
1309 2807 1418 2874 Hodie
1432 2804 1517 2870 missi·
1539 2809 1542 2890 ξ

409 2937 479 2982 mus
504 2915 547 2982 ad
573 2937 722 3000 campum
747 2937 807 3000 pro
832 2917 946 2982 littera
971 2917 1053 2982 salvi
1073 2915 1250 2996 conductis,
1266 2913 1431 2981 scribendo
1447 2891 1541 2996 quod·¹

409 3045 520 3090 sumus
546 3024 656 3108 parati
682 3045 752 3090 esse
777 3025 820 3090 ad
845 3024 1043 3108 presentiam
1069 3045 1170 3105 suam,
1192 3023 1449 3108 quandocunque
1469 3019 1539 3084 sib'·

409 3133 572 3216 placuerit
598 3133 728 3198 mittere
752 3132 847 3198 nobis
873 3139 1025 3216 scoptam.
1051 3133 1144 3199 Data
1160 3133 1248 3216 apud
1265 3133 1390 3198 Mestre
1406 3130 1453 3196 die
1466 3125 1513 3194 111

410 3236 568 3306 Octobris
583 3238 666 3306 hora
682 3240 723 3309 V.
739 3239 917 3307 indictione
934 3240 1000 3306 HI.

679 3347 838 3414 Nicolnus
857 3346 1058 3415 Mauroceno
1075 3347 1292 3413 Decretorum
1310 3343 1433 3412 Doctcr

679 3455 861 3522 Zacharias
878 3453 1066 3523 Oontareno

678 3561 703 3627 J
704 3563 826 3630 acobus
843 3565 883 3630 de
900 3563 1022 3631 Priolis

681 3671 850 3738 dolrannes
866 3669 1055 3738 Gradonico

679 3779 823 3846 Michael
839 3771 1048 3864 Maurocen0‚
1066 3779 1304 3847 Procuratores
1315 3776 1468 3847 Sanetili

925 3885 1174 3954 Ambasiatores
1190 3887 1314 3957 Vestri.

415 4085 472 4172 39)
506 4085 678 4170 Karoly
711 4085 927 4152 duraazoi
961 4085 1243 4172 herczegnek
1268 4110 1289 4154 a
1313 4087 1503 4153 veleneze

879 4195 1079 4261 kdvetek.

629 4320 769 4386 Domino
788 4321 924 4387 Karolo.

519 4425 745 4494 illustrissime
763 4427 930 4513 Princeps.
947 4425 1262 4495 SientReverendus
1278 4429 1383 4497 Pater
1398 4429 1489 4497 domin

415 4531 591 4604 Generalis
606 4536 676 4601 heri
694 4535 807 4602 retulit
824 4535 1025 4604 Excellentie
1041 4534 1170 4619 Vestra,
1188 4534 1260 4605 Nos
1275 4536 1433 4607 Nicolaus
1446 4536 1492 4606 Ma
