3214 5250
369 275 433 336 632
723 294 960 340 urruouaczrar
976 274 1143 341 anabusn.

365 452 513 517 vorantia
531 451 704 534 persistere
721 454 867 519 volumus
884 461 917 518 et
933 449 1142 537 intendimus,
1159 478 1218 522 neo
1248 460 1439 543 oppositum
1457 459 1473 524 f
1493 499 1505 511 -

365 582 437 625 oere
454 560 538 625 lieet.
556 559 662 643 Super
677 561 795 644 quibus
812 570 888 647 apte
906 562 1025 627 Vestre
1042 566 1261 646 regratiamur
1283 564 1500 648 Sublimitati,

367 667 445 749 quia
462 667 495 732 in
521 668 581 733 hoo
606 671 828 752 cognoscimus
854 678 887 736 et
912 673 1076 754 sentimus,
1103 677 1225 738 statum
1252 680 1286 738 et
1310 674 1502 741 libertatem

367 785 511 840 nostram
528 797 651 842 summe
668 778 816 862 diligere.
833 780 877 844 Et
894 781 971 861 quia
987 781 1021 844 in
1037 782 1153 845 vestris
1180 788 1349 865 postremo
1374 786 1502 849 notatis

367 882 498 963 litteris,
530 885 618 965 quod
635 907 691 952 vos
708 887 835 952 sentitis
852 889 963 971 aliqua
979 887 1079 956 rerba
1095 909 1159 954 nou
1184 889 1271 954 bona
1296 889 1398 955 fuisse
1424 913 1500 975 pro-

366 991 437 1056 lata
453 990 492 1056 de
509 991 603 1056 nobis
620 1015 677 1075 per
694 1016 858 1078 personas,
883 1017 944 1079 que
971 994 1093 1062 vellent
1117 997 1280 1062 seminare
1307 999 1503 1069 scandalum

361 1103 453 1166 inter·
469 1120 525 1164 vos
541 1107 574 1164 et
591 1123 649 1166 uos
665 1111 697 1168 et
714 1103 787 1168 illos
806 1104 846 1168 de
873 1104 1042 1170 Dalmatia
1059 1112 1137 1188 otc.;
1163 1108 1210 1171 sio
1235 1108 1327 1173 vobis
1352 1109 1503 1190 dicimus,

366 1210 455 1293 quod
473 1209 632 1274 veraciter
657 1211 779 1277 nuttam
806 1213 971 1278 sinistram
997 1214 1259 1280 informationem
1286 1215 1448 1286 babemus
1467 1220 1508 1284 de

366 1317 464 1398 vobis,
480 1317 520 1386 de
538 1340 604 1402 qua
619 1339 734 1385 curare
751 1320 930 1402 deberetis3
957 1323 1115 1404 quianon
1134 1324 1213 1390 licet
1230 1323 1271 1390 de
1287 1325 1379 1392 facili
1397 1327 1505 1395 facili·

369 1426 432 1491 bus
448 1425 558 1490 omnia
573 1427 714 1507 credere,
731 1430 780 1494 ita
796 1428 882 1513 quod
900 1451 963 1494 non
980 1429 1131 1496 turbetur
1159 1433 1269 1515 opinio
1296 1439 1420 1520 vestra,
1444 1459 1503 1520 pa·

369 1533 430 1598 rati
464 1553 591 1615 semper
623 1541 683 1599 ete
715 1533 806 1601 Data
841 1535 893 1600 dio
919 1537 1022 1601 tersia
1047 1539 1163 1604 mensis
1189 1540 1276 1606 Maii
1303 1543 1432 1609 decima
1458 1546 1507 1611 in·

370 1639 520 1705 dictiune.

799 1753 983 1819 Ludovious
994 1753 1027 1818 di
1040 1753 1192 1836 Georgiis
1203 1754 1245 1820 de
1253 1757 1278 1822 J
1280 1757 1366 1823 adra
1376 1758 1507 1842 Legum

797 1859 922 1925 Ductor
932 1859 1116 1945 Comesque
1134 1861 1298 1945 Sybeuici,
1309 1887 1350 1929 ao
1367 1865 1508 1934 Judioes

860 1974 894 2032 et
909 1968 1102 2035 Consillium
1114 1967 1269 2037 Civitatis
1286 1974 1445 2082 eiusdem.

366 2107 402 2166 (Δ
418 2107 520 2169 »Copia
533 2107 565 2156 de
579 2108 817 2161 Commemorialir
832 2114 922 2162 cainiti
945 2116 1085 2166 velsnozei
1099 2116 1281 2180 allamkonyv
1304 2119 1382 2169 v111.
1398 2121 1506 2173 irriteti-

847 2203 893 2250 hul
908 2205 967 2252 298.
983 2205 1012 2264 1.)

856 2364 1006 2375 -.—---

368 2639 397 2704 A
416 2644 567 2707 relenczei
593 2647 820 2734 kormonpnat·
846 2673 885 2711 uz
902 2651 1043 2734 apostoli
1068 2653 1193 2717 aze'kudt
1210 2653 1415 2744 kbvetae'pben-
1434 2659 1506 2722 lar-at

620 2753 746 2818 attera
767 2757 815 2819 De
826 2755 977 2821 dtur-ntis
998 2757 1129 2823 Vilnroe.
1149 2763 1245 2827 1387.
1308 2839 1309 2842 Ἴ

368 3055 409 3063 -
427 3057 470 3066 -
486 3017 572 3082 Item
588 3018 710 3086 ibidem
726 3019 875 3086 dominus
892 3023 985 3108 Papa
1011 3025 1161 3092 bortatur
1188 3037 1221 3093 et
1247 3040 1346 3115 rogat
1371 3035 1502 3100 eosdem

365 3122 528 3188 domiuum
548 3126 677 3190 Ducem
703 3133 736 3192 et
764 3125 1042 3198 Communitatem
1067 3131 1295 3217 Veneoiarum,
1321 3142 1411 3223 quod
1435 3167 1504 3209 om·

367 3252 440 3294 nem
456 3230 600 3296 favorem
626 3254 783 3316 omneque
810 3237 967 3303 auxilium
994 3240 1041 3303 eis
1067 3242 1238 3323 possibilia
1264 3247 1308 3310 ad
1333 3247 1503 3316 liberatio

365 3361 437 3402 nem
454 3337 664 3406 Serenissime
682 3341 812 3408 domine
829 3345 937 3412 Marie
953 3345 1079 3430 Regiae
1096 3346 1271 3432 Hungarie
1296 3361 1329 3418 et
1360 3357 1403 3422 ad
1430 3381 1505 3424 con·

364 3448 582 3512 servationem
598 3453 702 3514 status
718 3452 830 3534 ipsius,
847 3475 886 3518 ao
904 3452 1041 3519 illustris
1053 3455 1216 3542 Principis
1243 3460 1367 3528 domini
1395 3465 1501 3550 Sigis-

364 3553 475 3618 mundi
487 3554 588 3638 Regis
600 3555 781 3641 Hungarie‚
794 3559 945 3644 etRegui
955 3561 1091 3646 predicti
1101 3573 1253 3650 prompte
1264 3576 1299 3634 et
1315 3571 1503 3641 efficaciter

364 3659 550 3726 adhibeant.
567 3661 652 3728 Nam
669 3685 709 3728 ex
725 3665 785 3731 boo
811 3669 942 3733 domino
969 3669 1068 3755 Papa,
1094 3673 1145 3737 oui
1171 3675 1332 3758 premissa
1358 3680 1503 3750 multum

364 3766 507 3835 insident
523 3771 621 3853 cordi,
638 3772 848 3856 singulariter
861 3777 1110 3861 complacebunt
1120 3782 1181 3864 ipsi
1199 3783 1277 3849 Dux
1293 3793 1328 3852 et
1344 3786 1501 3859 Commu·

363 3876 451 3940 nitas
467 3874 683 3944 Venetiarum
699 3886 758 3946 eto.

362 4019 401 4083 (A
417 4020 519 4086 »Copia
532 4021 566 4072 de
580 4023 820 4077 Commemoriali«
834 4028 924 4078 ozimr't
938 4006 1078 4084 velendzei
1094 4034 1277 4105 atlumkbnyv
1293 4042 1370 4093 VIII.
1392 4045 1501 4096 kdtetri-

847 4120 894 4169 bol
908 4125 967 4172 ³01.
980 4121 1011 4188 l.)

848 4388 1008 4400 ——-—-—--
