3182 5252
563 415 658 478 1385.
1109 414 1169 475 571

37 591 141 656 nibus
156 592 272 672 verbis,
287 609 351 675 qus
369 591 527 674 sapientie
544 613 600 657 sue
617 593 713 658 utilia
728 588 934 671 videbuntur,
950 595 982 654 et
1006 589 1048 654 ad
1072 591 1173 672 impe·

37 698 196 764 diendum
211 705 245 764 et
262 697 460 764 turbandum
476 704 546 764 toto
563 721 660 782 posse
685 720 742 766 suo
766 696 851 763 tales
877 702 1046 776 tractatur,
1073 697 1174 761 infor-

36 807 204 873 mationes
220 813 252 871 et
270 790 369 872 rerba
386 813 500 872 contra
511 813 634 872 statum
645 815 802 887 nostrum,
814 805 949 871 sicutde
961 826 1100 888 persona
1112 828 1170 870 sna

35 913 137 998 plene
154 911 344 980 confidimus
359 921 392 979 st
409 935 585 998 speramus.

151 1021 238 1087 Item
255 1023 478 1088 committatur
494 1043 546 1088 ser
562 1023 586 1090 J
588 1024 688 1089 acobo
705 1021 853 1106 Quirino,
879 1021 1009 1105 quodsi
1035 1019 1172 1086 habebit

37 1155 57 1198 a
73 1131 206 1213 Magno
223 1127 362 1212 Comite,
377 1131 426 1195 vel
444 1151 464 1194 a
481 1130 658 1196 Frarrcisco
675 1131 715 1196 de
735 1131 907 1196 Bernardo
931 1131 1113 1213 reperiente
1140 1152 1173 1194 se

36 1239 93 1320 ibi,
112 1238 205 1322 qnod
221 1239 389 1322 responsio
409 1238 503 1302 nobis
528 1239 627 1303 missa
652 1237 749 1304 fuerit
774 1239 817 1302 ad
841 1237 963 1304 factum
989 1237 1170 1322 principale

36 1346 105 1429 lige
123 1346 301 1411 secundum
318 1353 462 1413 nostram
478 1347 709 1426 intentionem
728 1347 762 1410 in
779 1347 842 1411 hoc
858 1367 933 1412 casu
950 1367 1001 1409 ser
1026 1343 1051 1408 J
1053 1346 1171 1411 accbns

36 1451 306 1538 Quirinodicere
322 1453 450 1534 debeat,
468 1452 556 1537 quod
573 1475 638 1519 non
655 1453 785 1522 dubitat
801 1454 868 1519 ullo
884 1452 989 1534 modo,
1015 1455 1080 1518 imo
1106 1474 1174 1518 cer·

35 1567 171 1644 tuaest,
197 1563 285 1647 quod
311 1568 442 1646 recepta
468 1563 556 1628 dicta
580 1564 789 1648 responsione
814 1585 873 1646 per
900 1584 965 1645 nos,
983 1562 1173 1628 Dominatio

36 1677 159 1736 nostra
175 1671 244 1734 sine
259 1669 339 1736 fallo
356 1671 433 1736 illuc
450 1672 556 1735 mittet
575 1693 666 1736 snam
689 1671 911 1743 Ambaxatam
928 1693 1000 1736 cum
1018 1670 1173 1736 mandato

36 1779 80 1844 ad
96 1778 242 1860 plenum,
258 1782 296 1842 ut
312 1777 460 1862 superius
479 1778 600 1844 dictum
617 1785 676 1845 est.

152 1885 238 1951 Item
255 1885 297 1951 ad
314 1886 477 1952 cautelam
487 1888 712 1956 committatur
721 1909 773 1953 ser
788 1889 813 1955 J
816 1888 918 1953 acobo
928 1885 1065 1972 Qurino,
1078 1887 1174 1969 quod,

38 1995 66 2059 si
84 1999 267 2075 antequam
294 1997 484 2077 compareat
499 1993 542 2058 ad
568 1996 765 2077 presentiam
789 1993 961 2077 Reginalis
986 1991 1174 2059 Maiestatis

37 2095 217 2182 Hungarie
233 2099 285 2165 vel
303 2099 417 2183 Magni
433 2099 581 2183 Comitis,
608 2103 749 2185 reperiet
776 2125 808 2167 se
835 2124 907 2166 cum
933 2101 1108 2167 Francisco
1133 2101 1174 2164 de

38 2207 227 2289 Bernardo,
243 2214 277 2272 et
292 2208 487 2273 Franciscns
504 2207 591 2274 dicet
607 2208 677 2289 sibi,
704 2209 790 2292 quod
818 2208 969 2275 habuerit
994 2208 1175 2292 responsio·

39 2335 126 2396 nem,
144 2321 179 2379 et
194 2315 299 2397 ipsam
316 2314 410 2380 nobis
426 2315 551 2380 miserit
575 2317 753 2382 secundnm
778 2324 927 2382 nostram
942 2319 1171 2396 intentionem;

38 2426 72 2487 in
89 2423 156 2488 hoc
172 2443 251 2487 casn
266 2442 332 2487 non
348 2419 466 2487 debeat
482 2422 523 2488 de
543 2424 604 2488 hoc
623 2431 744 2507 puncto
760 2425 827 2509 lige
844 2445 972 2490 morere
989 2446 1047 2490 neo
1063 2424 1171 2488 dicere

37 2529 177 2613 aliquod
193 2529 335 2610 verbnm,
351 2529 407 2596 sed
424 2529 463 2596 de
479 2531 544 2596 alio
560 2532 647 2597 facto
664 2537 824 2615 procuret
842 2535 972 2615 sentiat,
996 2533 1106 2611 faciat,
1133 2537 1171 2594 ut

38 2637 196 2720 superins
213 2637 335 2702 dictum
352 2644 412 2702 est.
428 2639 474 2703 nt
490 2639 524 2703 in
541 2641 628 2704 omni
645 2660 721 2706 casu
737 2640 781 2706 sit
797 2640 831 2704 in
848 2661 905 2705 sua
930 2641 1084 2706 libertate
1100 2641 1176 2704 scri·

38 2743 143 2812 bendi
160 2743 253 2809 nobis
268 2746 320 2810 vel
335 2745 494 2812 redeundi
509 2745 667 2814 Venetiae
684 2747 723 2812 de
739 2748 889 2814 omnibus
915 2747 1119 2830 informatus,
1135 2751 1176 2813 si·

38 2859 95 2918 cut
112 2857 149 2916 et
163 2848 292 2934 qnando
309 2851 372 2918 sibi
389 2853 550 2918 videbitur
566 2874 625 2937 pro
641 2854 767 2920 meliori
784 2855 990 2938 agendorum.

153 2957 240 3023 Item
256 2959 479 3026 committatur
496 2961 538 3025 ad
549 2961 710 3027 cantelam
721 2983 773 3027 ser
786 2963 811 3027 J
812 2963 913 3028 acobo
926 2962 1074 3047 Quirino,
1086 2963 1175 3046 quod

37 3066 186 3130 existens
201 3067 236 3130 in
251 3068 403 3150 partibus
418 3069 493 3148 illia,
511 3070 537 3135 si
554 3069 666 3151 aliquo
677 3092 800 3137 casuse
812 3075 969 3154 reperiret
986 3093 1058 3136 cum
1069 3073 1176 3136 Fran-

38 3175 128 3240 cisco
147 3172 188 3238 de
204 3164 384 3258 Bernardo,
401 3177 520 3243 debeat
536 3180 663 3260 aperire
680 3180 742 3246 sibi
768 3181 876 3244 onmia
902 3181 1035 3264 negotia
1060 3187 1173 3245 nostra

38 3281 204 3364 predicta,
220 3290 340 3348 etcum
357 3285 493 3350 consilio
509 3294 543 3351 et
559 3285 672 3352 farore
689 3308 748 3354 sno
764 3290 878 3371 exequi
895 3295 929 3353 et
944 3287 1059 3366 iacere,
1078 3293 1115 3352 ut
1126 3307 1176 3351 su-

37 3389 156 3473 perius
172 3410 229 3472 per
246 3391 391 3456 ordinem
408 3392 530 3458 dictum
548 3401 607 3459 est.

152 3495 239 3561 Item
255 3501 479 3566 committatur
495 3521 546 3566 ser
562 3501 585 3568 J
589 3502 691 3566 acobo
708 3501 855 3584 Quirino,
881 3503 967 3585 quod
992 3504 1175 3587 reperiente

39 3624 74 3668 se
91 3625 167 3668 cnm
184 3605 362 3672 Francisco
380 3607 420 3673 de
439 3607 619 3691 Bernardo,
637 3609 664 3673 si
679 3611 885 3691 persentiret,
902 3610 989 3693 quod
1006 3611 1173 3694 responsio

29 3711 138 3788 ,nobis
156 3709 243 3776 lacta
258 3711 373 3778 fuisset
389 3715 429 3780 ad
447 3714 570 3781 factum
587 3715 663 3798 liga,
679 3715 884 3798 etquodnon
902 3724 987 3782 esset
1004 3726 1102 3800 grata
1118 3739 1176 3783 nec

40 3818 223 3884 secundum
239 3829 385 3887 nostram
400 3822 622 3904 intentionem,
639 3823 689 3888 vel
705 3825 792 3908 quod
818 3825 960 3890 nondum
977 3827 1089 3910 aliqua
1106 3847 1174 3890 res-
1284 3901 1289 3909 Ι

38 3925 159 4010 ponsio
177 3924 271 3993 nobis
286 3927 375 3994 facta
390 3926 527 4012 fuisset3
553 3936 630 3996 tunc
646 3931 796 4014 fingendo
812 3933 911 3997 nichil
928 3934 1011 4000 scire
1037 3934 1078 3999 de
1102 3957 1174 4018 pre-

40 4033 152 4114 dictis,
167 4035 201 4099 in
219 4034 281 4100 hoc
298 4057 375 4101 casu
392 4039 512 4104 debeat
523 4061 594 4104 cnm
611 4041 746 4106 consilio
764 4043 931 4125 Francisci
948 4041 987 4106 de
1004 4043 1174 4108 Bernardo

40 4159 232 4225 comparere
248 4143 291 4209 ad
309 4146 506 4227 presentiam
524 4145 640 4229 Magni
657 4147 795 4214 Comitis
821 4156 854 4213 et
870 4148 1040 4233 Reginalis
1058 4150 1175 4215 Maies-

40 4251 124 4315 tatis
141 4249 314 4333 Hungarie
331 4273 404 4316 cum
420 4255 528 4320 verbis
544 4255 699 4338 predictis
716 4257 925 4340 stellisque
942 4256 1002 4322 sibi
1019 4257 1173 4322 videbun-

40 4361 98 4424 tur
112 4377 175 4440 pro
190 4357 367 4425 obtinendo
382 4365 528 4426 nostram
544 4363 766 4429 intentionem.

152 4465 254 4532 Facto
270 4465 404 4536 suerunt
420 4490 472 4536 sor
487 4469 614 4536 docebo
632 4469 771 4558 Quirino
798 4473 893 4536 litero
921 4473 1124 4540 credulitatis
1143 4475 1176 4542 in
