<?xml version="1.0" encoding="UTF-8"?>
<!DOCTYPE html PUBLIC "-//W3C//DTD XHTML 1.0 Transitional//EN"
    "http://www.w3.org/TR/xhtml1/DTD/xhtml1-transitional.dtd">
<html xmlns="http://www.w3.org/1999/xhtml" xml:lang="en" lang="en">
 <head>
  <title>
</title>
<meta http-equiv="Content-Type" content="text/html;charset=utf-8" />
  <meta name='ocr-system' content='tesseract 3.04.00' />
  <meta name='ocr-capabilities' content='ocr_page ocr_carea ocr_par ocr_line ocrx_word'/>
</head>
<body>
  <div class='ocr_page' id='page_1' title='image "./magyardiplomacz00wenzgoog_0222.png"; bbox 0 0 3172 5254; ppageno 0'>
   <div class='ocr_carea' id='block_1_1' title="bbox 357 393 1131 459">
    <p class='ocr_par' dir='ltr' id='par_1_1' title="bbox 357 393 1131 459">
     <span class='ocr_line' id='line_1_1' title="bbox 357 393 1131 459; baseline 0.005 -5"><span class='ocrx_word' id='word_1_1' title='bbox 357 393 419 456; x_wconf 81' lang='lat' dir='ltr'>leo</span> <span class='ocrx_word' id='word_1_2' title='bbox 713 412 945 458; x_wconf 76' lang='lat' dir='ltr'>nmuounczrm</span> <span class='ocrx_word' id='word_1_3' title='bbox 963 401 1131 459; x_wconf 77' lang='grc'><strong>1111111111.</strong></span> 
     </span>
    </p>
   </div>
   <div class='ocr_carea' id='block_1_2' title="bbox 297 570 1493 4662">
    <p class='ocr_par' dir='ltr' id='par_1_2' title="bbox 297 570 1493 4662">
     <span class='ocr_line' id='line_1_2' title="bbox 355 570 1491 660; baseline 0.005 -25"><span class='ocrx_word' id='word_1_4' title='bbox 355 571 443 636; x_wconf 92' lang='lat' dir='ltr'>mino</span> <span class='ocrx_word' id='word_1_5' title='bbox 470 570 597 639; x_wconf 87' lang='lat' dir='ltr'>Jacobo</span> <span class='ocrx_word' id='word_1_6' title='bbox 623 571 663 638; x_wconf 89' lang='lat' dir='ltr'>de</span> <span class='ocrx_word' id='word_1_7' title='bbox 691 572 823 639; x_wconf 90' lang='lat' dir='ltr'>domino</span> <span class='ocrx_word' id='word_1_8' title='bbox 848 571 988 653; x_wconf 84' lang='lat' dir='ltr'>Karolo‚</span> <span class='ocrx_word' id='word_1_9' title='bbox 1011 573 1074 638; x_wconf 92' lang='lat' dir='ltr'>hoc</span> <span class='ocrx_word' id='word_1_10' title='bbox 1098 574 1140 638; x_wconf 88' lang='lat' dir='ltr'>ab</span> <span class='ocrx_word' id='word_1_11' title='bbox 1167 596 1203 640; x_wconf 88' lang='lat' dir='ltr'>oo</span> <span class='ocrx_word' id='word_1_12' title='bbox 1221 578 1388 657; x_wconf 78' lang='lat' dir='ltr'>sensimus,</span> <span class='ocrx_word' id='word_1_13' title='bbox 1405 577 1491 660; x_wconf 91' lang='lat' dir='ltr'>quod</span> 
     </span>
     <span class='ocr_line' id='line_1_3' title="bbox 358 681 1491 769; baseline 0.005 -25"><span class='ocrx_word' id='word_1_14' title='bbox 358 687 430 746; x_wconf 85' lang='lat' dir='ltr'>erat</span> <span class='ocrx_word' id='word_1_15' title='bbox 455 681 598 748; x_wconf 91' lang='lat' dir='ltr'>decimus</span> <span class='ocrx_word' id='word_1_16' title='bbox 630 684 788 768; x_wconf 85' lang='lat' dir='ltr'>&#39;septimus</span> <span class='ocrx_word' id='word_1_17' title='bbox 810 681 881 748; x_wconf 89' lang='lat' dir='ltr'>dies</span> <span class='ocrx_word' id='word_1_18' title='bbox 906 683 949 749; x_wconf 88' lang='lat' dir='ltr'>ab</span> <span class='ocrx_word' id='word_1_19' title='bbox 973 681 1137 765; x_wconf 89' lang='lat' dir='ltr'>hesterno,</span> <span class='ocrx_word' id='word_1_20' title='bbox 1163 705 1228 766; x_wconf 90' lang='lat' dir='ltr'>quo</span> <span class='ocrx_word' id='word_1_21' title='bbox 1254 686 1325 769; x_wconf 90' lang='lat' dir='ltr'>ipse</span> <span class='ocrx_word' id='word_1_22' title='bbox 1342 686 1491 752; x_wconf 90' lang='lat' dir='ltr'>dominus</span> 
     </span>
     <span class='ocr_line' id='line_1_4' title="bbox 354 776 1491 878; baseline 0.005 -25"><span class='ocrx_word' id='word_1_23' title='bbox 354 776 505 856; x_wconf 82' lang='lat' dir='ltr'>Jacobus</span> <span class='ocrx_word' id='word_1_24' title='bbox 520 797 700 857; x_wconf 74' lang='lat' dir='ltr'>recesserat</span> <span class='ocrx_word' id='word_1_25' title='bbox 715 790 755 857; x_wconf 93' lang='lat' dir='ltr'>de</span> <span class='ocrx_word' id='word_1_26' title='bbox 772 789 871 858; x_wconf 85' lang='lat' dir='ltr'>Buda</span> <span class='ocrx_word' id='word_1_27' title='bbox 887 812 908 856; x_wconf 91' lang='lat' dir='ltr'>a</span> <span class='ocrx_word' id='word_1_28' title='bbox 923 790 1054 857; x_wconf 91' lang='lat' dir='ltr'>domino</span> <span class='ocrx_word' id='word_1_29' title='bbox 1079 791 1181 876; x_wconf 85' lang='lat' dir='ltr'>Rege,</span> <span class='ocrx_word' id='word_1_30' title='bbox 1199 807 1231 860; x_wconf 86' lang='lat' dir='ltr'>st</span> <span class='ocrx_word' id='word_1_31' title='bbox 1248 794 1335 876; x_wconf 92' lang='lat' dir='ltr'>quod</span> <span class='ocrx_word' id='word_1_32' title='bbox 1352 796 1420 878; x_wconf 88' lang='lat' dir='ltr'>ipse</span> <span class='ocrx_word' id='word_1_33' title='bbox 1437 795 1491 859; x_wconf 90' lang='lat' dir='ltr'>do·</span> 
     </span>
     <span class='ocr_line' id='line_1_5' title="bbox 355 897 1486 996; baseline 0.004 -34"><span class='ocrx_word' id='word_1_34' title='bbox 355 898 460 963; x_wconf 90' lang='lat' dir='ltr'>minus</span> <span class='ocrx_word' id='word_1_35' title='bbox 485 897 630 964; x_wconf 86' lang='lat' dir='ltr'>Karolus</span> <span class='ocrx_word' id='word_1_36' title='bbox 655 904 837 996; x_wconf 82' lang='lat' dir='ltr'>recesserat</span> <span class='ocrx_word' id='word_1_37' title='bbox 861 921 927 966; x_wconf 89' lang='lat' dir='ltr'>una</span> <span class='ocrx_word' id='word_1_38' title='bbox 951 899 1003 966; x_wconf 88' lang='lat' dir='ltr'>die</span> <span class='ocrx_word' id='word_1_39' title='bbox 1019 906 1096 965; x_wconf 88' lang='lat' dir='ltr'>aute</span> <span class='ocrx_word' id='word_1_40' title='bbox 1112 921 1194 966; x_wconf 88' lang='lat' dir='ltr'>eum.</span> <span class='ocrx_word' id='word_1_41' title='bbox 1212 899 1337 972; x_wconf 88' lang='lat' dir='ltr'>Verum</span> <span class='ocrx_word' id='word_1_42' title='bbox 1354 901 1486 985; x_wconf 88' lang='lat' dir='ltr'>sciebat,</span> 
     </span>
     <span class='ocr_line' id='line_1_6' title="bbox 356 1006 1485 1092; baseline 0.003 -20"><span class='ocrx_word' id='word_1_43' title='bbox 356 1007 442 1090; x_wconf 88' lang='lat' dir='ltr'>quod</span> <span class='ocrx_word' id='word_1_44' title='bbox 457 1006 580 1072; x_wconf 91' lang='lat' dir='ltr'>dictum</span> <span class='ocrx_word' id='word_1_45' title='bbox 597 1007 762 1074; x_wconf 91' lang='lat' dir='ltr'>dominum</span> <span class='ocrx_word' id='word_1_46' title='bbox 777 1007 942 1075; x_wconf 86' lang='lat' dir='ltr'>Karolum</span> <span class='ocrx_word' id='word_1_47' title='bbox 958 1011 1178 1092; x_wconf 86' lang='lat' dir='ltr'>opportuisset</span> <span class='ocrx_word' id='word_1_48' title='bbox 1193 1010 1384 1076; x_wconf 74' lang='lat' dir='ltr'>retardasse</span> <span class='ocrx_word' id='word_1_49' title='bbox 1401 1013 1485 1076; x_wconf 87' lang='lat' dir='ltr'>viam</span> 
     </span>
     <span class='ocr_line' id='line_1_7' title="bbox 356 1115 1487 1203; baseline 0.004 -22"><span class='ocrx_word' id='word_1_50' title='bbox 356 1138 449 1182; x_wconf 91' lang='lat' dir='ltr'>suam</span> <span class='ocrx_word' id='word_1_51' title='bbox 476 1115 519 1181; x_wconf 90' lang='lat' dir='ltr'>ad</span> <span class='ocrx_word' id='word_1_52' title='bbox 544 1118 650 1183; x_wconf 89' lang='lat' dir='ltr'>minus</span> <span class='ocrx_word' id='word_1_53' title='bbox 676 1117 789 1184; x_wconf 88' lang='lat' dir='ltr'>diebus</span> <span class='ocrx_word' id='word_1_54' title='bbox 816 1137 872 1182; x_wconf 87' lang='lat' dir='ltr'>sex</span> <span class='ocrx_word' id='word_1_55' title='bbox 897 1119 931 1183; x_wconf 92' lang='lat' dir='ltr'>in</span> <span class='ocrx_word' id='word_1_56' title='bbox 957 1115 1142 1202; x_wconf 80' lang='lat' dir='ltr'>(laprontia</span> <span class='ocrx_word' id='word_1_57' title='bbox 1172 1119 1214 1183; x_wconf 88' lang='lat' dir='ltr'>ad</span> <span class='ocrx_word' id='word_1_58' title='bbox 1250 1119 1487 1203; x_wconf 86' lang='lat' dir='ltr'>expectandum</span> 
     </span>
     <span class='ocr_line' id='line_1_8' title="bbox 356 1223 1488 1310; baseline 0.003 -20"><span class='ocrx_word' id='word_1_59' title='bbox 356 1223 554 1308; x_wconf 84' lang='lat' dir='ltr'>Episcopum</span> <span class='ocrx_word' id='word_1_60' title='bbox 579 1223 797 1308; x_wconf 82' lang='lat' dir='ltr'>Jaurieusem,</span> <span class='ocrx_word' id='word_1_61' title='bbox 814 1227 870 1310; x_wconf 92' lang='lat' dir='ltr'>qui</span> <span class='ocrx_word' id='word_1_62' title='bbox 896 1246 966 1292; x_wconf 89' lang='lat' dir='ltr'>esse</span> <span class='ocrx_word' id='word_1_63' title='bbox 992 1223 1137 1291; x_wconf 89' lang='lat' dir='ltr'>debebat</span> <span class='ocrx_word' id='word_1_64' title='bbox 1152 1231 1184 1290; x_wconf 91' lang='grc'>61</span> <span class='ocrx_word' id='word_1_65' title='bbox 1200 1228 1354 1310; x_wconf 86' lang='lat' dir='ltr'>conjungi</span> <span class='ocrx_word' id='word_1_66' title='bbox 1382 1249 1488 1293; x_wconf 86' lang='lat' dir='ltr'>secum</span> 
     </span>
     <span class='ocr_line' id='line_1_9' title="bbox 356 1331 1486 1419; baseline 0.002 -22"><span class='ocrx_word' id='word_1_67' title='bbox 356 1333 389 1397; x_wconf 91' lang='lat' dir='ltr'>in</span> <span class='ocrx_word' id='word_1_68' title='bbox 407 1331 495 1398; x_wconf 92' lang='lat' dir='ltr'>dicto</span> <span class='ocrx_word' id='word_1_69' title='bbox 511 1335 600 1414; x_wconf 90' lang='lat' dir='ltr'>loco;</span> <span class='ocrx_word' id='word_1_70' title='bbox 624 1341 658 1399; x_wconf 91' lang='grc'>61</span> <span class='ocrx_word' id='word_1_71' title='bbox 673 1334 758 1400; x_wconf 89' lang='lat' dir='ltr'>hanc</span> <span class='ocrx_word' id='word_1_72' title='bbox 773 1331 913 1419; x_wconf 89' lang='lat' dir='ltr'>putabat</span> <span class='ocrx_word' id='word_1_73' title='bbox 927 1331 1027 1400; x_wconf 85' lang='lat' dir='ltr'>fuisse</span> <span class='ocrx_word' id='word_1_74' title='bbox 1044 1355 1177 1400; x_wconf 89' lang='lat' dir='ltr'>causam</span> <span class='ocrx_word' id='word_1_75' title='bbox 1192 1355 1282 1400; x_wconf 91' lang='lat' dir='ltr'>more</span> <span class='ocrx_word' id='word_1_76' title='bbox 1293 1356 1360 1400; x_wconf 90' lang='lat' dir='ltr'>sue.</span> <span class='ocrx_word' id='word_1_77' title='bbox 1371 1335 1486 1405; x_wconf 86' lang='lat' dir='ltr'>Volui·</span> 
     </span>
     <span class='ocr_line' id='line_1_10' title="bbox 356 1440 1484 1527; baseline 0.003 -23"><span class='ocrx_word' id='word_1_78' title='bbox 356 1461 427 1505; x_wconf 91' lang='lat' dir='ltr'>mus</span> <span class='ocrx_word' id='word_1_79' title='bbox 443 1441 541 1506; x_wconf 90' lang='lat' dir='ltr'>etiam</span> <span class='ocrx_word' id='word_1_80' title='bbox 558 1441 677 1506; x_wconf 89' lang='lat' dir='ltr'>sentire</span> <span class='ocrx_word' id='word_1_81' title='bbox 693 1441 735 1507; x_wconf 85' lang='lat' dir='ltr'>ab</span> <span class='ocrx_word' id='word_1_82' title='bbox 752 1443 823 1525; x_wconf 91' lang='lat' dir='ltr'>ipso</span> <span class='ocrx_word' id='word_1_83' title='bbox 838 1441 969 1507; x_wconf 92' lang='lat' dir='ltr'>domino</span> <span class='ocrx_word' id='word_1_84' title='bbox 985 1440 1113 1509; x_wconf 88' lang='lat' dir='ltr'>Jacobo</span> <span class='ocrx_word' id='word_1_85' title='bbox 1130 1443 1170 1509; x_wconf 89' lang='lat' dir='ltr'>de</span> <span class='ocrx_word' id='word_1_86' title='bbox 1184 1444 1329 1522; x_wconf 86' lang='lat' dir='ltr'>locoubi</span> <span class='ocrx_word' id='word_1_87' title='bbox 1346 1443 1484 1527; x_wconf 85' lang='lat' dir='ltr'>putabat</span> 
     </span>
     <span class='ocr_line' id='line_1_11' title="bbox 360 1546 1484 1637; baseline 0.003 -25"><span class='ocrx_word' id='word_1_88' title='bbox 360 1549 422 1614; x_wconf 87' lang='lat' dir='ltr'>boc</span> <span class='ocrx_word' id='word_1_89' title='bbox 437 1547 678 1632; x_wconf 70' lang='lat' dir='ltr'>parlamentum</span> <span class='ocrx_word' id='word_1_90' title='bbox 693 1546 764 1614; x_wconf 90' lang='lat' dir='ltr'>fieri</span> <span class='ocrx_word' id='word_1_91' title='bbox 790 1548 927 1632; x_wconf 83' lang='lat' dir='ltr'>debere3</span> <span class='ocrx_word' id='word_1_92' title='bbox 951 1552 1006 1634; x_wconf 89' lang='lat' dir='ltr'>qui</span> <span class='ocrx_word' id='word_1_93' title='bbox 1033 1551 1128 1617; x_wconf 91' lang='lat' dir='ltr'>nobis</span> <span class='ocrx_word' id='word_1_94' title='bbox 1146 1551 1238 1632; x_wconf 83' lang='lat' dir='ltr'>dixit,</span> <span class='ocrx_word' id='word_1_95' title='bbox 1254 1551 1344 1637; x_wconf 87' lang='lat' dir='ltr'>quod</span> <span class='ocrx_word' id='word_1_96' title='bbox 1361 1549 1484 1616; x_wconf 90' lang='lat' dir='ltr'>sciebat</span> 
     </span>
     <span class='ocr_line' id='line_1_12' title="bbox 361 1654 1491 1742; baseline 0.003 -22"><span class='ocrx_word' id='word_1_97' title='bbox 361 1662 393 1720; x_wconf 90' lang='lat' dir='ltr'>et</span> <span class='ocrx_word' id='word_1_98' title='bbox 409 1654 469 1721; x_wconf 93' lang='lat' dir='ltr'>hoc</span> <span class='ocrx_word' id='word_1_99' title='bbox 486 1677 543 1740; x_wconf 90' lang='lat' dir='ltr'>por</span> <span class='ocrx_word' id='word_1_100' title='bbox 558 1656 688 1721; x_wconf 84' lang='lat' dir='ltr'>litteras</span> <span class='ocrx_word' id='word_1_101' title='bbox 712 1656 838 1740; x_wconf 87' lang='lat' dir='ltr'>Regias</span> <span class='ocrx_word' id='word_1_102' title='bbox 863 1655 957 1723; x_wconf 92' lang='lat' dir='ltr'>nobis</span> <span class='ocrx_word' id='word_1_103' title='bbox 982 1665 1167 1724; x_wconf 87' lang='lat' dir='ltr'>monstrare</span> <span class='ocrx_word' id='word_1_104' title='bbox 1182 1665 1323 1742; x_wconf 86' lang='lat' dir='ltr'>poterat,</span> <span class='ocrx_word' id='word_1_105' title='bbox 1340 1657 1429 1742; x_wconf 86' lang='lat' dir='ltr'>quod</span> <span class='ocrx_word' id='word_1_106' title='bbox 1445 1659 1491 1723; x_wconf 93' lang='lat' dir='ltr'>in-</span> 
     </span>
     <span class='ocr_line' id='line_1_13' title="bbox 359 1763 1491 1849; baseline 0.001 -20"><span class='ocrx_word' id='word_1_107' title='bbox 359 1766 463 1830; x_wconf 89' lang='lat' dir='ltr'>tentio</span> <span class='ocrx_word' id='word_1_108' title='bbox 479 1763 581 1848; x_wconf 85' lang='lat' dir='ltr'>Regis</span> <span class='ocrx_word' id='word_1_109' title='bbox 593 1771 673 1847; x_wconf 88' lang='lat' dir='ltr'>erat,</span> <span class='ocrx_word' id='word_1_110' title='bbox 684 1763 772 1845; x_wconf 92' lang='lat' dir='ltr'>quod</span> <span class='ocrx_word' id='word_1_111' title='bbox 782 1764 1021 1848; x_wconf 84' lang='lat' dir='ltr'>parlamentum</span> <span class='ocrx_word' id='word_1_112' title='bbox 1033 1764 1126 1831; x_wconf 88' lang='lat' dir='ltr'>fieret</span> <span class='ocrx_word' id='word_1_113' title='bbox 1142 1766 1205 1848; x_wconf 89' lang='lat' dir='ltr'>hio,</span> <span class='ocrx_word' id='word_1_114' title='bbox 1221 1766 1274 1829; x_wconf 82' lang='lat' dir='ltr'>rel</span> <span class='ocrx_word' id='word_1_115' title='bbox 1289 1766 1324 1829; x_wconf 92' lang='lat' dir='ltr'>in</span> <span class='ocrx_word' id='word_1_116' title='bbox 1342 1764 1491 1849; x_wconf 87' lang='lat' dir='ltr'>partibus</span> 
     </span>
     <span class='ocr_line' id='line_1_14' title="bbox 360 1873 1491 1959; baseline -0.002 -19"><span class='ocrx_word' id='word_1_117' title='bbox 360 1875 554 1955; x_wconf 79' lang='lat' dir='ltr'>Terrisane3</span> <span class='ocrx_word' id='word_1_118' title='bbox 578 1873 635 1938; x_wconf 89' lang='lat' dir='ltr'>sed</span> <span class='ocrx_word' id='word_1_119' title='bbox 660 1880 772 1939; x_wconf 86' lang='lat' dir='ltr'>tamen</span> <span class='ocrx_word' id='word_1_120' title='bbox 798 1895 863 1939; x_wconf 91' lang='lat' dir='ltr'>non</span> <span class='ocrx_word' id='word_1_121' title='bbox 888 1879 1019 1958; x_wconf 86' lang='lat' dir='ltr'>poterat</span> <span class='ocrx_word' id='word_1_122' title='bbox 1035 1875 1209 1940; x_wconf 89' lang='lat' dir='ltr'>terminate</span> <span class='ocrx_word' id='word_1_123' title='bbox 1227 1874 1344 1954; x_wconf 90' lang='lat' dir='ltr'>dicere,</span> <span class='ocrx_word' id='word_1_124' title='bbox 1360 1875 1432 1959; x_wconf 91' lang='lat' dir='ltr'>quis</span> <span class='ocrx_word' id='word_1_125' title='bbox 1447 1874 1491 1938; x_wconf 92' lang='lat' dir='ltr'>lo·</span> 
     </span>
     <span class='ocr_line' id='line_1_15' title="bbox 360 1981 1491 2067; baseline -0.003 -19"><span class='ocrx_word' id='word_1_126' title='bbox 360 2004 417 2048; x_wconf 90' lang='lat' dir='ltr'>cus</span> <span class='ocrx_word' id='word_1_127' title='bbox 433 1982 709 2049; x_wconf 86' lang='lat' dir='ltr'>determinaretur</span> <span class='ocrx_word' id='word_1_128' title='bbox 725 2003 783 2067; x_wconf 89' lang='lat' dir='ltr'>per</span> <span class='ocrx_word' id='word_1_129' title='bbox 800 1981 1058 2067; x_wconf 90' lang='lat' dir='ltr'>suprascriptum</span> <span class='ocrx_word' id='word_1_130' title='bbox 1083 1984 1249 2050; x_wconf 93' lang='lat' dir='ltr'>dominum</span> <span class='ocrx_word' id='word_1_131' title='bbox 1266 1981 1443 2065; x_wconf 88' lang='lat' dir='ltr'>Karolum,</span> <span class='ocrx_word' id='word_1_132' title='bbox 1458 1982 1491 2046; x_wconf 91' lang='lat' dir='ltr'>iu</span> 
     </span>
     <span class='ocr_line' id='line_1_16' title="bbox 358 2090 1491 2176; baseline -0.002 -20"><span class='ocrx_word' id='word_1_133' title='bbox 358 2092 448 2176; x_wconf 90' lang='lat' dir='ltr'>cujus</span> <span class='ocrx_word' id='word_1_134' title='bbox 473 2090 611 2156; x_wconf 88' lang='lat' dir='ltr'>arbitrio</span> <span class='ocrx_word' id='word_1_135' title='bbox 636 2097 670 2157; x_wconf 89' lang='lat' dir='ltr'>et</span> <span class='ocrx_word' id='word_1_136' title='bbox 694 2096 858 2175; x_wconf 87' lang='lat' dir='ltr'>potestate</span> <span class='ocrx_word' id='word_1_137' title='bbox 875 2099 956 2159; x_wconf 87' lang='lat' dir='ltr'>erat.</span> <span class='ocrx_word' id='word_1_138' title='bbox 973 2092 1158 2158; x_wconf 87' lang='lat' dir='ltr'>Habuimus</span> <span class='ocrx_word' id='word_1_139' title='bbox 1173 2092 1307 2174; x_wconf 89' lang='lat' dir='ltr'>insuper</span> <span class='ocrx_word' id='word_1_140' title='bbox 1323 2113 1344 2156; x_wconf 91' lang='lat' dir='ltr'>a</span> <span class='ocrx_word' id='word_1_141' title='bbox 1361 2091 1491 2156; x_wconf 90' lang='lat' dir='ltr'>domino</span> 
     </span>
     <span class='ocr_line' id='line_1_17' title="bbox 357 2197 1491 2284; baseline 0 -20"><span class='ocrx_word' id='word_1_142' title='bbox 357 2198 485 2266; x_wconf 88' lang='lat' dir='ltr'>Jacobo</span> <span class='ocrx_word' id='word_1_143' title='bbox 502 2198 660 2284; x_wconf 89' lang='lat' dir='ltr'>predicto,</span> <span class='ocrx_word' id='word_1_144' title='bbox 678 2200 763 2282; x_wconf 88' lang='lat' dir='ltr'>quod</span> <span class='ocrx_word' id='word_1_145' title='bbox 782 2200 932 2284; x_wconf 89' lang='lat' dir='ltr'>equitare</span> <span class='ocrx_word' id='word_1_146' title='bbox 958 2199 1098 2267; x_wconf 90' lang='lat' dir='ltr'>debebat</span> <span class='ocrx_word' id='word_1_147' title='bbox 1113 2199 1154 2265; x_wconf 88' lang='lat' dir='ltr'>ad</span> <span class='ocrx_word' id='word_1_148' title='bbox 1172 2219 1321 2282; x_wconf 87' lang='lat' dir='ltr'>campum</span> <span class='ocrx_word' id='word_1_149' title='bbox 1339 2219 1411 2264; x_wconf 91' lang='lat' dir='ltr'>cum</span> <span class='ocrx_word' id='word_1_150' title='bbox 1437 2197 1491 2264; x_wconf 94' lang='lat' dir='ltr'>do·</span> 
     </span>
     <span class='ocr_line' id='line_1_18' title="bbox 358 2305 1490 2392; baseline -0.002 -20"><span class='ocrx_word' id='word_1_151' title='bbox 358 2307 443 2373; x_wconf 91' lang='lat' dir='ltr'>mino</span> <span class='ocrx_word' id='word_1_152' title='bbox 470 2305 659 2390; x_wconf 81' lang='lat' dir='ltr'>Benedicta,</span> <span class='ocrx_word' id='word_1_153' title='bbox 684 2314 719 2373; x_wconf 89' lang='grc'>61</span> <span class='ocrx_word' id='word_1_154' title='bbox 743 2329 816 2373; x_wconf 90' lang='lat' dir='ltr'>cum</span> <span class='ocrx_word' id='word_1_155' title='bbox 839 2314 947 2392; x_wconf 88' lang='lat' dir='ltr'>gente,</span> <span class='ocrx_word' id='word_1_156' title='bbox 970 2327 1033 2390; x_wconf 88' lang='lat' dir='ltr'>que</span> <span class='ocrx_word' id='word_1_157' title='bbox 1058 2307 1157 2373; x_wconf 90' lang='lat' dir='ltr'>modo</span> <span class='ocrx_word' id='word_1_158' title='bbox 1182 2327 1285 2391; x_wconf 88' lang='lat' dir='ltr'>nuper</span> <span class='ocrx_word' id='word_1_159' title='bbox 1312 2305 1490 2372; x_wconf 88' lang='lat' dir='ltr'>descendit</span> 
     </span>
     <span class='ocr_line' id='line_1_19' title="bbox 358 2413 1491 2501; baseline -0.001 -20"><span class='ocrx_word' id='word_1_160' title='bbox 358 2415 430 2501; x_wconf 74' lang='lat' dir='ltr'>Qus</span> <span class='ocrx_word' id='word_1_161' title='bbox 445 2437 526 2500; x_wconf 84' lang='lat' dir='ltr'>gens</span> <span class='ocrx_word' id='word_1_162' title='bbox 549 2437 619 2482; x_wconf 86' lang='lat' dir='ltr'>esse</span> <span class='ocrx_word' id='word_1_163' title='bbox 641 2422 751 2501; x_wconf 88' lang='lat' dir='ltr'>potest</span> <span class='ocrx_word' id='word_1_164' title='bbox 774 2417 808 2481; x_wconf 93' lang='lat' dir='ltr'>in</span> <span class='ocrx_word' id='word_1_165' title='bbox 824 2423 931 2483; x_wconf 89' lang='lat' dir='ltr'>totum</span> <span class='ocrx_word' id='word_1_166' title='bbox 947 2419 1022 2501; x_wconf 82' lang='lat' dir='ltr'>egui</span> <span class='ocrx_word' id='word_1_167' title='bbox 1038 2414 1108 2484; x_wconf 79' lang='lat' dir='ltr'>V1⁰</span> <span class='ocrx_word' id='word_1_168' title='bbox 1124 2441 1131 2496; x_wconf 80' lang='lat'>3</span> <span class='ocrx_word' id='word_1_169' title='bbox 1150 2422 1183 2480; x_wconf 90' lang='lat' dir='ltr'>et</span> <span class='ocrx_word' id='word_1_170' title='bbox 1199 2415 1286 2498; x_wconf 91' lang='lat' dir='ltr'>quod</span> <span class='ocrx_word' id='word_1_171' title='bbox 1302 2413 1328 2480; x_wconf 82' lang='lat' dir='ltr'>J</span> <span class='ocrx_word' id='word_1_172' title='bbox 1329 2434 1491 2480; x_wconf 88' lang='lat' dir='ltr'>anucnses</span> 
     </span>
     <span class='ocr_line' id='line_1_20' title="bbox 357 2523 1490 2606; baseline -0.003 -16"><span class='ocrx_word' id='word_1_173' title='bbox 357 2524 452 2590; x_wconf 88' lang='lat' dir='ltr'>ibant</span> <span class='ocrx_word' id='word_1_174' title='bbox 478 2523 629 2591; x_wconf 88' lang='lat' dir='ltr'>Paduam</span> <span class='ocrx_word' id='word_1_175' title='bbox 654 2547 725 2590; x_wconf 92' lang='lat' dir='ltr'>cum</span> <span class='ocrx_word' id='word_1_176' title='bbox 751 2524 916 2591; x_wconf 88' lang='lat' dir='ltr'>Michaele</span> <span class='ocrx_word' id='word_1_177' title='bbox 941 2523 981 2590; x_wconf 91' lang='lat' dir='ltr'>de</span> <span class='ocrx_word' id='word_1_178' title='bbox 1006 2523 1149 2606; x_wconf 86' lang='lat' dir='ltr'>Rabato,</span> <span class='ocrx_word' id='word_1_179' title='bbox 1177 2524 1255 2588; x_wconf 90' lang='lat' dir='ltr'>licet</span> <span class='ocrx_word' id='word_1_180' title='bbox 1280 2544 1301 2587; x_wconf 89' lang='lat' dir='ltr'>a</span> <span class='ocrx_word' id='word_1_181' title='bbox 1324 2529 1415 2588; x_wconf 86' lang='lat' dir='ltr'>certo</span> <span class='ocrx_word' id='word_1_182' title='bbox 1432 2544 1490 2606; x_wconf 90' lang='lat' dir='ltr'>per</span> 
     </span>
     <span class='ocr_line' id='line_1_21' title="bbox 358 2631 1491 2717; baseline -0.002 -20"><span class='ocrx_word' id='word_1_183' title='bbox 358 2633 441 2700; x_wconf 88' lang='lat' dir='ltr'>alios</span> <span class='ocrx_word' id='word_1_184' title='bbox 457 2635 645 2714; x_wconf 86' lang='lat' dir='ltr'>sentiamus,</span> <span class='ocrx_word' id='word_1_185' title='bbox 671 2633 759 2717; x_wconf 92' lang='lat' dir='ltr'>quod</span> <span class='ocrx_word' id='word_1_186' title='bbox 783 2633 853 2716; x_wconf 90' lang='lat' dir='ltr'>ipse</span> <span class='ocrx_word' id='word_1_187' title='bbox 878 2634 977 2698; x_wconf 90' lang='lat' dir='ltr'>etiam</span> <span class='ocrx_word' id='word_1_188' title='bbox 997 2632 1090 2697; x_wconf 86' lang='lat' dir='ltr'>vadit</span> <span class='ocrx_word' id='word_1_189' title='bbox 1106 2631 1258 2697; x_wconf 87' lang='lat' dir='ltr'>Paduam</span> <span class='ocrx_word' id='word_1_190' title='bbox 1274 2653 1348 2696; x_wconf 92' lang='lat' dir='ltr'>cum</span> <span class='ocrx_word' id='word_1_191' title='bbox 1364 2631 1491 2714; x_wconf 87' lang='lat' dir='ltr'>predic·</span> 
     </span>
     <span class='ocr_line' id='line_1_22' title="bbox 357 2736 1491 2824; baseline -0.004 -17"><span class='ocrx_word' id='word_1_192' title='bbox 357 2745 418 2824; x_wconf 89' lang='lat' dir='ltr'>tis;</span> <span class='ocrx_word' id='word_1_193' title='bbox 442 2765 572 2809; x_wconf 87' lang='lat' dir='ltr'>oausam</span> <span class='ocrx_word' id='word_1_194' title='bbox 588 2748 697 2808; x_wconf 89' lang='lat' dir='ltr'>tamen</span> <span class='ocrx_word' id='word_1_195' title='bbox 723 2743 855 2808; x_wconf 88' lang='lat' dir='ltr'>minime</span> <span class='ocrx_word' id='word_1_196' title='bbox 880 2741 1003 2807; x_wconf 88' lang='lat' dir='ltr'>sentire</span> <span class='ocrx_word' id='word_1_197' title='bbox 1019 2743 1192 2824; x_wconf 87' lang='lat' dir='ltr'>potuimus.</span> <span class='ocrx_word' id='word_1_198' title='bbox 1210 2743 1256 2808; x_wconf 84' lang='lat' dir='ltr'>Et</span> <span class='ocrx_word' id='word_1_199' title='bbox 1272 2741 1318 2806; x_wconf 93' lang='lat' dir='ltr'>sic</span> <span class='ocrx_word' id='word_1_200' title='bbox 1335 2736 1433 2805; x_wconf 92' lang='lat' dir='ltr'>hodie</span> <span class='ocrx_word' id='word_1_201' title='bbox 1451 2738 1491 2803; x_wconf 90' lang='lat' dir='ltr'>de</span> 
     </span>
     <span class='ocr_line' id='line_1_23' title="bbox 358 2847 1490 2936; baseline -0.003 -21"><span class='ocrx_word' id='word_1_202' title='bbox 358 2871 453 2916; x_wconf 87' lang='lat' dir='ltr'>mane</span> <span class='ocrx_word' id='word_1_203' title='bbox 470 2873 581 2917; x_wconf 90' lang='lat' dir='ltr'>omnes</span> <span class='ocrx_word' id='word_1_204' title='bbox 597 2852 810 2936; x_wconf 85' lang='lat' dir='ltr'>suprascripti</span> <span class='ocrx_word' id='word_1_205' title='bbox 828 2851 868 2916; x_wconf 92' lang='lat' dir='ltr'>de</span> <span class='ocrx_word' id='word_1_206' title='bbox 884 2850 945 2916; x_wconf 92' lang='lat' dir='ltr'>boc</span> <span class='ocrx_word' id='word_1_207' title='bbox 961 2851 1031 2916; x_wconf 91' lang='lat' dir='ltr'>loco</span> <span class='ocrx_word' id='word_1_208' title='bbox 1042 2857 1255 2930; x_wconf 87' lang='lat' dir='ltr'>recesserunt,</span> <span class='ocrx_word' id='word_1_209' title='bbox 1287 2849 1345 2914; x_wconf 92' lang='lat' dir='ltr'>ubi</span> <span class='ocrx_word' id='word_1_210' title='bbox 1361 2847 1423 2914; x_wconf 91' lang='lat' dir='ltr'>soli</span> <span class='ocrx_word' id='word_1_211' title='bbox 1441 2870 1490 2912; x_wconf 86' lang='lat' dir='ltr'>re-</span> 
     </span>
     <span class='ocr_line' id='line_1_24' title="bbox 359 2957 1492 3044; baseline -0.002 -20"><span class='ocrx_word' id='word_1_212' title='bbox 359 2963 534 3026; x_wconf 88' lang='lat' dir='ltr'>mansimus</span> <span class='ocrx_word' id='word_1_213' title='bbox 551 2967 759 3044; x_wconf 85' lang='lat' dir='ltr'>expectantss</span> <span class='ocrx_word' id='word_1_214' title='bbox 786 2961 961 3027; x_wconf 84' lang='lat' dir='ltr'>adventum</span> <span class='ocrx_word' id='word_1_215' title='bbox 982 2959 1104 3025; x_wconf 92' lang='lat' dir='ltr'>domini</span> <span class='ocrx_word' id='word_1_216' title='bbox 1120 2957 1238 3024; x_wconf 87' lang='lat' dir='ltr'>Karoli</span> <span class='ocrx_word' id='word_1_217' title='bbox 1256 2957 1492 3041; x_wconf 65' lang='lat' dir='ltr'>suprascripti</span> 
     </span>
     <span class='ocr_line' id='line_1_25' title="bbox 359 3063 1493 3151; baseline -0.006 -17"><span class='ocrx_word' id='word_1_218' title='bbox 359 3069 410 3134; x_wconf 93' lang='lat' dir='ltr'>cni</span> <span class='ocrx_word' id='word_1_219' title='bbox 426 3069 611 3134; x_wconf 87' lang='lat' dir='ltr'>immediate</span> <span class='ocrx_word' id='word_1_220' title='bbox 627 3089 699 3132; x_wconf 91' lang='lat' dir='ltr'>cum</span> <span class='ocrx_word' id='word_1_221' title='bbox 726 3069 779 3133; x_wconf 93' lang='lat' dir='ltr'>hic</span> <span class='ocrx_word' id='word_1_222' title='bbox 803 3068 932 3149; x_wconf 88' lang='lat' dir='ltr'>fuimus,</span> <span class='ocrx_word' id='word_1_223' title='bbox 949 3088 1008 3151; x_wconf 93' lang='lat' dir='ltr'>per</span> <span class='ocrx_word' id='word_1_224' title='bbox 1022 3067 1152 3131; x_wconf 84' lang='lat' dir='ltr'>litteras</span> <span class='ocrx_word' id='word_1_225' title='bbox 1168 3071 1297 3132; x_wconf 89' lang='lat' dir='ltr'>nostras</span> <span class='ocrx_word' id='word_1_226' title='bbox 1313 3063 1493 3130; x_wconf 86' lang='lat' dir='ltr'>notificari·</span> 
     </span>
     <span class='ocr_line' id='line_1_26' title="bbox 358 3171 1491 3256; baseline -0.004 -15"><span class='ocrx_word' id='word_1_227' title='bbox 358 3198 430 3242; x_wconf 92' lang='lat' dir='ltr'>mus</span> <span class='ocrx_word' id='word_1_228' title='bbox 447 3199 505 3243; x_wconf 92' lang='lat' dir='ltr'>nos</span> <span class='ocrx_word' id='word_1_229' title='bbox 516 3177 569 3242; x_wconf 92' lang='lat' dir='ltr'>hic</span> <span class='ocrx_word' id='word_1_230' title='bbox 580 3196 660 3242; x_wconf 88' lang='lat' dir='ltr'>esse.</span> <span class='ocrx_word' id='word_1_231' title='bbox 678 3175 770 3242; x_wconf 85' lang='lat' dir='ltr'>Sicut</span> <span class='ocrx_word' id='word_1_232' title='bbox 786 3175 976 3242; x_wconf 87' lang='lat' dir='ltr'>Dominatio</span> <span class='ocrx_word' id='word_1_233' title='bbox 988 3174 1114 3256; x_wconf 51' lang='lat' dir='ltr'>,Vestra</span> <span class='ocrx_word' id='word_1_234' title='bbox 1131 3175 1230 3256; x_wconf 83' lang='lat' dir='ltr'>novit,</span> <span class='ocrx_word' id='word_1_235' title='bbox 1249 3175 1403 3239; x_wconf 84' lang='lat' dir='ltr'>ordinate</span> <span class='ocrx_word' id='word_1_236' title='bbox 1420 3171 1491 3238; x_wconf 91' lang='lat' dir='ltr'>fue-</span> 
     </span>
     <span class='ocr_line' id='line_1_27' title="bbox 359 3281 1489 3376; baseline -0.004 -27"><span class='ocrx_word' id='word_1_237' title='bbox 359 3291 436 3349; x_wconf 89' lang='lat' dir='ltr'>runt</span> <span class='ocrx_word' id='word_1_238' title='bbox 459 3291 526 3349; x_wconf 90' lang='lat' dir='ltr'>tres</span> <span class='ocrx_word' id='word_1_239' title='bbox 550 3284 677 3362; x_wconf 80' lang='lat' dir='ltr'>littere3</span> <span class='ocrx_word' id='word_1_240' title='bbox 702 3305 767 3347; x_wconf 88' lang='lat' dir='ltr'>una</span> <span class='ocrx_word' id='word_1_241' title='bbox 783 3281 912 3348; x_wconf 90' lang='lat' dir='ltr'>domino</span> <span class='ocrx_word' id='word_1_242' title='bbox 928 3282 1055 3348; x_wconf 89' lang='lat' dir='ltr'>Karolo</span> <span class='ocrx_word' id='word_1_243' title='bbox 1084 3281 1294 3363; x_wconf 79' lang='lat' dir='ltr'>honorabilia,</span> <span class='ocrx_word' id='word_1_244' title='bbox 1327 3286 1489 3376; x_wconf 73' lang='lat' dir='ltr'>qpantum</span> 
     </span>
     <span class='ocr_line' id='line_1_28' title="bbox 359 3387 1490 3471; baseline -0.004 -14"><span class='ocrx_word' id='word_1_245' title='bbox 359 3393 476 3458; x_wconf 86' lang='lat' dir='ltr'>decens</span> <span class='ocrx_word' id='word_1_246' title='bbox 496 3397 586 3471; x_wconf 71' lang='lat' dir='ltr'>erat,</span> <span class='ocrx_word' id='word_1_247' title='bbox 601 3413 666 3457; x_wconf 89' lang='lat' dir='ltr'>una</span> <span class='ocrx_word' id='word_1_248' title='bbox 681 3390 811 3457; x_wconf 91' lang='lat' dir='ltr'>domino</span> <span class='ocrx_word' id='word_1_249' title='bbox 827 3389 849 3454; x_wconf 82' lang='lat' dir='ltr'><strong>J</strong></span> <span class='ocrx_word' id='word_1_250' title='bbox 853 3390 975 3456; x_wconf 88' lang='lat' dir='ltr'>ahauni</span> <span class='ocrx_word' id='word_1_251' title='bbox 1000 3390 1040 3454; x_wconf 86' lang='lat' dir='ltr'>de</span> <span class='ocrx_word' id='word_1_252' title='bbox 1065 3390 1308 3456; x_wconf 87' lang='lat' dir='ltr'>Liethstienum</span> <span class='ocrx_word' id='word_1_253' title='bbox 1324 3387 1490 3471; x_wconf 83' lang='lat' dir='ltr'>Magistro</span> 
     </span>
     <span class='ocr_line' id='line_1_29' title="bbox 363 3495 1492 3584; baseline -0.004 -20"><span class='ocrx_word' id='word_1_254' title='bbox 363 3500 461 3564; x_wconf 79' lang='lat' dir='ltr'>Curia</span> <span class='ocrx_word' id='word_1_255' title='bbox 476 3506 612 3584; x_wconf 88' lang='lat' dir='ltr'>propter</span> <span class='ocrx_word' id='word_1_256' title='bbox 628 3520 760 3565; x_wconf 88' lang='lat' dir='ltr'>causam</span> <span class='ocrx_word' id='word_1_257' title='bbox 787 3496 940 3565; x_wconf 89' lang='lat' dir='ltr'>Dominio</span> <span class='ocrx_word' id='word_1_258' title='bbox 970 3496 1087 3566; x_wconf 89' lang='lat' dir='ltr'>Vestro</span> <span class='ocrx_word' id='word_1_259' title='bbox 1113 3503 1242 3578; x_wconf 79' lang='lat' dir='ltr'>notam,</span> <span class='ocrx_word' id='word_1_260' title='bbox 1259 3504 1292 3562; x_wconf 92' lang='lat' dir='ltr'>et</span> <span class='ocrx_word' id='word_1_261' title='bbox 1308 3495 1492 3562; x_wconf 74' lang='grc'><strong>161111111-</strong></span> 
     </span>
     <span class='ocr_line' id='line_1_30' title="bbox 359 3601 1492 3692; baseline -0.004 -20"><span class='ocrx_word' id='word_1_262' title='bbox 359 3608 447 3673; x_wconf 93' lang='lat' dir='ltr'>mino</span> <span class='ocrx_word' id='word_1_263' title='bbox 466 3605 695 3691; x_wconf 79' lang='lat' dir='ltr'>Spilimbergi3</span> <span class='ocrx_word' id='word_1_264' title='bbox 718 3628 800 3692; x_wconf 87' lang='lat' dir='ltr'>quas</span> <span class='ocrx_word' id='word_1_265' title='bbox 815 3627 881 3672; x_wconf 93' lang='lat' dir='ltr'>non</span> <span class='ocrx_word' id='word_1_266' title='bbox 896 3605 1077 3672; x_wconf 91' lang='lat' dir='ltr'>habuimus.</span> <span class='ocrx_word' id='word_1_267' title='bbox 1098 3605 1303 3672; x_wconf 85' lang='lat' dir='ltr'>Putabamus</span> <span class='ocrx_word' id='word_1_268' title='bbox 1314 3602 1393 3669; x_wconf 89' lang='lat' dir='ltr'>utile</span> <span class='ocrx_word' id='word_1_269' title='bbox 1410 3601 1492 3684; x_wconf 88' lang='lat' dir='ltr'>lore,</span> 
     </span>
     <span class='ocr_line' id='line_1_31' title="bbox 360 3711 1492 3800; baseline -0.004 -20"><span class='ocrx_word' id='word_1_270' title='bbox 360 3714 447 3800; x_wconf 87' lang='lat' dir='ltr'>quod</span> <span class='ocrx_word' id='word_1_271' title='bbox 472 3715 577 3781; x_wconf 91' lang='lat' dir='ltr'>dictas</span> <span class='ocrx_word' id='word_1_272' title='bbox 601 3715 731 3781; x_wconf 87' lang='lat' dir='ltr'>litteras</span> <span class='ocrx_word' id='word_1_273' title='bbox 756 3714 944 3781; x_wconf 85' lang='lat' dir='ltr'>Dominatio</span> <span class='ocrx_word' id='word_1_274' title='bbox 969 3713 1092 3783; x_wconf 87' lang='lat' dir='ltr'>Vestra</span> <span class='ocrx_word' id='word_1_275' title='bbox 1124 3712 1218 3780; x_wconf 90' lang='lat' dir='ltr'>nobis</span> <span class='ocrx_word' id='word_1_276' title='bbox 1248 3711 1492 3777; x_wconf 85' lang='lat' dir='ltr'>transmitteret</span> 
     </span>
     <span class='ocr_line' id='line_1_32' title="bbox 361 3819 1490 3906; baseline -0.004 -17"><span class='ocrx_word' id='word_1_277' title='bbox 361 3845 459 3906; x_wconf 88' lang='lat' dir='ltr'>quam</span> <span class='ocrx_word' id='word_1_278' title='bbox 485 3823 622 3889; x_wconf 83' lang='lat' dir='ltr'>celerius</span> <span class='ocrx_word' id='word_1_279' title='bbox 648 3844 716 3888; x_wconf 86' lang='lat' dir='ltr'>esse</span> <span class='ocrx_word' id='word_1_280' title='bbox 743 3829 861 3906; x_wconf 90' lang='lat' dir='ltr'>posset.</span> <span class='ocrx_word' id='word_1_281' title='bbox 896 3821 1061 3889; x_wconf 83' lang='lat' dir='ltr'>Sensimus</span> <span class='ocrx_word' id='word_1_282' title='bbox 1086 3823 1147 3903; x_wconf 89' lang='lat' dir='ltr'>hic,</span> <span class='ocrx_word' id='word_1_283' title='bbox 1162 3841 1220 3906; x_wconf 88' lang='lat' dir='ltr'>per</span> <span class='ocrx_word' id='word_1_284' title='bbox 1237 3819 1490 3886; x_wconf 83' lang='lat' dir='ltr'>Ambssiatores</span> 
     </span>
     <span class='ocr_line' id='line_1_33' title="bbox 359 3929 1490 4013; baseline -0.005 -15"><span class='ocrx_word' id='word_1_285' title='bbox 359 3932 577 3998; x_wconf 82' lang='lat' dir='ltr'>Jauuensium</span> <span class='ocrx_word' id='word_1_286' title='bbox 601 3930 801 3996; x_wconf 83' lang='lat' dir='ltr'>affirmatum</span> <span class='ocrx_word' id='word_1_287' title='bbox 827 3951 907 4012; x_wconf 87' lang='lat' dir='ltr'>esse,</span> <span class='ocrx_word' id='word_1_288' title='bbox 924 3930 1012 4013; x_wconf 88' lang='lat' dir='ltr'>quod</span> <span class='ocrx_word' id='word_1_289' title='bbox 1027 3931 1121 4013; x_wconf 86' lang='lat' dir='ltr'>galee</span> <span class='ocrx_word' id='word_1_290' title='bbox 1136 3930 1161 3995; x_wconf 89' lang='lat' dir='ltr'><strong>J</strong></span> <span class='ocrx_word' id='word_1_291' title='bbox 1163 3929 1354 3994; x_wconf 88' lang='lat' dir='ltr'>aunensium</span> <span class='ocrx_word' id='word_1_292' title='bbox 1371 3949 1436 3992; x_wconf 92' lang='lat' dir='ltr'>non</span> <span class='ocrx_word' id='word_1_293' title='bbox 1455 3949 1490 3992; x_wconf 90' lang='lat' dir='ltr'>se</span> 
     </span>
     <span class='ocr_line' id='line_1_34' title="bbox 297 4037 1491 4123; baseline -0.003 -19"><span class='ocrx_word' id='word_1_294' title='bbox 297 4041 303 4054; x_wconf 70' lang='lat'>⁸</span> <span class='ocrx_word' id='word_1_295' title='bbox 359 4039 598 4123; x_wconf 89' lang='lat' dir='ltr'>presentabunt</span> <span class='ocrx_word' id='word_1_296' title='bbox 623 4061 682 4104; x_wconf 89' lang='lat' dir='ltr'>nec</span> <span class='ocrx_word' id='word_1_297' title='bbox 707 4039 750 4105; x_wconf 86' lang='lat' dir='ltr'>ad</span> <span class='ocrx_word' id='word_1_298' title='bbox 767 4045 899 4123; x_wconf 90' lang='lat' dir='ltr'>portum</span> <span class='ocrx_word' id='word_1_299' title='bbox 924 4046 1082 4120; x_wconf 90' lang='lat' dir='ltr'>nostrum,</span> <span class='ocrx_word' id='word_1_300' title='bbox 1098 4059 1207 4121; x_wconf 90' lang='lat' dir='ltr'>neque</span> <span class='ocrx_word' id='word_1_301' title='bbox 1224 4038 1266 4104; x_wconf 89' lang='lat' dir='ltr'>ad</span> <span class='ocrx_word' id='word_1_302' title='bbox 1282 4037 1491 4104; x_wconf 88' lang='lat' dir='ltr'>Mathemau·</span> 
     </span>
     <span class='ocr_line' id='line_1_35' title="bbox 360 4144 1491 4230; baseline -0.003 -19"><span class='ocrx_word' id='word_1_303' title='bbox 360 4168 449 4229; x_wconf 72' lang='lat' dir='ltr'>cum3</span> <span class='ocrx_word' id='word_1_304' title='bbox 474 4145 531 4212; x_wconf 89' lang='lat' dir='ltr'>sed</span> <span class='ocrx_word' id='word_1_305' title='bbox 555 4147 641 4229; x_wconf 87' lang='lat' dir='ltr'>quod</span> <span class='ocrx_word' id='word_1_306' title='bbox 666 4145 762 4212; x_wconf 90' lang='lat' dir='ltr'>ibunt</span> <span class='ocrx_word' id='word_1_307' title='bbox 786 4146 908 4212; x_wconf 89' lang='lat' dir='ltr'>directe</span> <span class='ocrx_word' id='word_1_308' title='bbox 934 4146 1087 4230; x_wconf 85' lang='lat' dir='ltr'>Olugiam</span> <span class='ocrx_word' id='word_1_309' title='bbox 1114 4169 1187 4212; x_wconf 88' lang='lat' dir='ltr'>cum</span> <span class='ocrx_word' id='word_1_310' title='bbox 1214 4144 1324 4210; x_wconf 91' lang='lat' dir='ltr'>multis</span> <span class='ocrx_word' id='word_1_311' title='bbox 1350 4145 1491 4228; x_wconf 72' lang='lat' dir='ltr'>nangiis</span> 
     </span>
     <span class='ocr_line' id='line_1_36' title="bbox 360 4252 1492 4338; baseline -0.002 -20"><span class='ocrx_word' id='word_1_312' title='bbox 360 4255 470 4338; x_wconf 82' lang='lat' dir='ltr'>parvis</span> <span class='ocrx_word' id='word_1_313' title='bbox 487 4275 548 4336; x_wconf 91' lang='lat' dir='ltr'>que</span> <span class='ocrx_word' id='word_1_314' title='bbox 564 4253 702 4335; x_wconf 74' lang='lat' dir='ltr'>habent,</span> <span class='ocrx_word' id='word_1_315' title='bbox 726 4259 758 4319; x_wconf 90' lang='lat' dir='ltr'>et</span> <span class='ocrx_word' id='word_1_316' title='bbox 776 4253 864 4335; x_wconf 92' lang='lat' dir='ltr'>quod</span> <span class='ocrx_word' id='word_1_317' title='bbox 880 4253 1040 4320; x_wconf 89' lang='lat' dir='ltr'>Dominus</span> <span class='ocrx_word' id='word_1_318' title='bbox 1057 4252 1172 4319; x_wconf 88' lang='lat' dir='ltr'>Padue</span> <span class='ocrx_word' id='word_1_319' title='bbox 1190 4255 1291 4318; x_wconf 88' lang='lat' dir='ltr'>etiam</span> <span class='ocrx_word' id='word_1_320' title='bbox 1308 4254 1419 4318; x_wconf 84' lang='lat' dir='ltr'>reniet</span> <span class='ocrx_word' id='word_1_321' title='bbox 1433 4272 1492 4336; x_wconf 90' lang='lat' dir='ltr'>per</span> 
     </span>
     <span class='ocr_line' id='line_1_37' title="bbox 360 4359 1492 4445; baseline 0.001 -20"><span class='ocrx_word' id='word_1_322' title='bbox 360 4362 483 4428; x_wconf 89' lang='lat' dir='ltr'>buchas</span> <span class='ocrx_word' id='word_1_323' title='bbox 508 4364 692 4444; x_wconf 74' lang='lat' dir='ltr'>fluminum,</span> <span class='ocrx_word' id='word_1_324' title='bbox 716 4368 749 4428; x_wconf 88' lang='lat' dir='ltr'>et</span> <span class='ocrx_word' id='word_1_325' title='bbox 775 4359 864 4445; x_wconf 90' lang='lat' dir='ltr'>quod</span> <span class='ocrx_word' id='word_1_326' title='bbox 888 4361 1010 4427; x_wconf 88' lang='lat' dir='ltr'>babent</span> <span class='ocrx_word' id='word_1_327' title='bbox 1026 4361 1175 4440; x_wconf 89' lang='lat' dir='ltr'>artificia,</span> <span class='ocrx_word' id='word_1_328' title='bbox 1193 4382 1265 4426; x_wconf 91' lang='lat' dir='ltr'>cum</span> <span class='ocrx_word' id='word_1_329' title='bbox 1284 4361 1403 4444; x_wconf 90' lang='lat' dir='ltr'>quibus</span> <span class='ocrx_word' id='word_1_330' title='bbox 1434 4381 1492 4443; x_wconf 86' lang='lat' dir='ltr'>po·</span> 
     </span>
     <span class='ocr_line' id='line_1_38' title="bbox 361 4466 1493 4554; baseline -0.001 -21"><span class='ocrx_word' id='word_1_331' title='bbox 361 4476 440 4534; x_wconf 87' lang='lat' dir='ltr'>nont</span> <span class='ocrx_word' id='word_1_332' title='bbox 455 4470 734 4554; x_wconf 84' lang='lat' dir='ltr'>inextinguibilem</span> <span class='ocrx_word' id='word_1_333' title='bbox 751 4472 859 4553; x_wconf 90' lang='lat' dir='ltr'>iguem</span> <span class='ocrx_word' id='word_1_334' title='bbox 875 4471 908 4534; x_wconf 92' lang='lat' dir='ltr'>in</span> <span class='ocrx_word' id='word_1_335' title='bbox 927 4468 1074 4553; x_wconf 88' lang='lat' dir='ltr'>quolibet</span> <span class='ocrx_word' id='word_1_336' title='bbox 1085 4468 1185 4552; x_wconf 86' lang='lat' dir='ltr'>ligno.</span> <span class='ocrx_word' id='word_1_337' title='bbox 1203 4466 1359 4551; x_wconf 80' lang='lat' dir='ltr'>Quacum</span> <span class='ocrx_word' id='word_1_338' title='bbox 1377 4467 1493 4533; x_wconf 89' lang='lat' dir='ltr'>habui·</span> 
     </span>
     <span class='ocr_line' id='line_1_39' title="bbox 362 4573 1492 4662; baseline -0.003 -21"><span class='ocrx_word' id='word_1_339' title='bbox 362 4598 441 4659; x_wconf 89' lang='lat' dir='ltr'>mus,</span> <span class='ocrx_word' id='word_1_340' title='bbox 456 4576 578 4644; x_wconf 77' lang='lat' dir='ltr'>Vestro</span> <span class='ocrx_word' id='word_1_341' title='bbox 594 4577 749 4645; x_wconf 90' lang='lat' dir='ltr'>Dominio</span> <span class='ocrx_word' id='word_1_342' title='bbox 765 4577 901 4644; x_wconf 82' lang='lat' dir='ltr'>facimus</span> <span class='ocrx_word' id='word_1_343' title='bbox 927 4577 1099 4644; x_wconf 83' lang='lat' dir='ltr'>manifesta</span> <span class='ocrx_word' id='word_1_344' title='bbox 1124 4577 1254 4662; x_wconf 88' lang='lat' dir='ltr'>scriptis</span> <span class='ocrx_word' id='word_1_345' title='bbox 1276 4573 1492 4660; x_wconf 87' lang='lat' dir='ltr'>presentibus.</span> 
     </span>
    </p>
   </div>
   <div class='ocr_carea' id='block_1_3' title="bbox 0 0 1593 5254">
    <p class='ocr_par' dir='ltr' id='par_1_3' title="bbox 0 0 1593 5254">
     <span class='ocr_line' id='line_1_40' title="bbox 0 0 1593 5254; baseline 0 0"><span class='ocrx_word' id='word_1_346' title='bbox 0 0 1593 5254; x_wconf 95' lang='lat' dir='ltr'> </span> 
     </span>
    </p>
   </div>
  </div>
 </body>
</html>
