<?xml version="1.0" encoding="UTF-8"?>
<!DOCTYPE html PUBLIC "-//W3C//DTD XHTML 1.0 Transitional//EN"
    "http://www.w3.org/TR/xhtml1/DTD/xhtml1-transitional.dtd">
<html xmlns="http://www.w3.org/1999/xhtml" xml:lang="en" lang="en">
 <head>
  <title>
</title>
<meta http-equiv="Content-Type" content="text/html;charset=utf-8" />
  <meta name='ocr-system' content='tesseract 3.04.00' />
  <meta name='ocr-capabilities' content='ocr_page ocr_carea ocr_par ocr_line ocrx_word'/>
</head>
<body>
  <div class='ocr_page' id='page_1' title='image "./magyardiplomacz00wenzgoog_0645.png"; bbox 0 0 3214 5250; ppageno 0'>
   <div class='ocr_carea' id='block_1_1' title="bbox 603 347 1212 461">
    <p class='ocr_par' dir='ltr' id='par_1_1' title="bbox 603 347 1212 461">
     <span class='ocr_line' id='line_1_1' title="bbox 603 347 1212 461; baseline -0.01 0"><span class='ocrx_word' id='word_1_1' title='bbox 603 347 698 461; x_wconf 70' lang='lat' dir='ltr'>list.¹</span> <span class='ocrx_word' id='word_1_2' title='bbox 1147 379 1212 456; x_wconf 78' lang='lat' dir='ltr'>ort</span> 
     </span>
    </p>
   </div>
   <div class='ocr_carea' id='block_1_2' title="bbox 30 561 1280 2924">
    <p class='ocr_par' dir='ltr' id='par_1_2' title="bbox 30 561 1280 2036">
     <span class='ocr_line' id='line_1_2' title="bbox 75 561 1214 650; baseline 0.002 -16"><span class='ocrx_word' id='word_1_3' title='bbox 75 574 183 650; x_wconf 88' lang='lat' dir='ltr'>retur,</span> <span class='ocrx_word' id='word_1_4' title='bbox 200 569 349 638; x_wconf 91' lang='lat' dir='ltr'>dominus</span> <span class='ocrx_word' id='word_1_5' title='bbox 359 570 431 636; x_wconf 90' lang='lat' dir='ltr'>Rex</span> <span class='ocrx_word' id='word_1_6' title='bbox 449 571 532 638; x_wconf 84' lang='lat' dir='ltr'>dixit</span> <span class='ocrx_word' id='word_1_7' title='bbox 549 571 679 638; x_wconf 89' lang='lat' dir='ltr'>domino</span> <span class='ocrx_word' id='word_1_8' title='bbox 698 561 932 636; x_wconf 82' lang='lat' dir='ltr'>Arnbaxiatori</span> <span class='ocrx_word' id='word_1_9' title='bbox 948 568 1033 635; x_wconf 89' lang='lat' dir='ltr'>soli:</span> <span class='ocrx_word' id='word_1_10' title='bbox 1054 567 1214 636; x_wconf 73' lang='lat' dir='ltr'>»Domine</span> 
     </span>
     <span class='ocr_line' id='line_1_3' title="bbox 74 674 1215 761; baseline 0.001 -20"><span class='ocrx_word' id='word_1_11' title='bbox 74 674 312 758; x_wconf 83' lang='lat' dir='ltr'>Ambaxiator,</span> <span class='ocrx_word' id='word_1_12' title='bbox 337 678 398 743; x_wconf 90' lang='lat' dir='ltr'>hoo</span> <span class='ocrx_word' id='word_1_13' title='bbox 422 678 513 744; x_wconf 83' lang='lat' dir='ltr'>robis</span> <span class='ocrx_word' id='word_1_14' title='bbox 537 679 581 743; x_wconf 90' lang='lat' dir='ltr'>sit</span> <span class='ocrx_word' id='word_1_15' title='bbox 605 685 777 744; x_wconf 86' lang='lat' dir='ltr'>secretum.</span> <span class='ocrx_word' id='word_1_16' title='bbox 796 679 870 761; x_wconf 83' lang='lat' dir='ltr'>Ego</span> <span class='ocrx_word' id='word_1_17' title='bbox 888 697 960 741; x_wconf 89' lang='lat' dir='ltr'>eum</span> <span class='ocrx_word' id='word_1_18' title='bbox 978 674 1165 743; x_wconf 70' lang='lat' dir='ltr'>Beronibus</span> <span class='ocrx_word' id='word_1_19' title='bbox 1183 684 1215 742; x_wconf 91' lang='lat' dir='ltr'>et</span> 
     </span>
     <span class='ocr_line' id='line_1_4' title="bbox 77 783 1214 869; baseline 0.002 -21"><span class='ocrx_word' id='word_1_20' title='bbox 77 784 230 851; x_wconf 90' lang='lat' dir='ltr'>Prelatis</span> <span class='ocrx_word' id='word_1_21' title='bbox 254 786 334 850; x_wconf 88' lang='lat' dir='ltr'>meis</span> <span class='ocrx_word' id='word_1_22' title='bbox 362 783 549 868; x_wconf 82' lang='lat' dir='ltr'>deliberavi,</span> <span class='ocrx_word' id='word_1_23' title='bbox 565 806 624 869; x_wconf 89' lang='lat' dir='ltr'>per</span> <span class='ocrx_word' id='word_1_24' title='bbox 649 785 733 851; x_wconf 84' lang='lat' dir='ltr'>duas</span> <span class='ocrx_word' id='word_1_25' title='bbox 754 785 976 850; x_wconf 82' lang='lat' dir='ltr'>hebdomadas</span> <span class='ocrx_word' id='word_1_26' title='bbox 992 783 1082 851; x_wconf 88' lang='lat' dir='ltr'>ultra</span> <span class='ocrx_word' id='word_1_27' title='bbox 1097 785 1214 851; x_wconf 81' lang='lat' dir='ltr'>festum</span> 
     </span>
     <span class='ocr_line' id='line_1_5' title="bbox 74 891 1213 976; baseline 0.004 -22"><span class='ocrx_word' id='word_1_28' title='bbox 74 891 310 958; x_wconf 81' lang='lat' dir='ltr'>Pentecostem</span> <span class='ocrx_word' id='word_1_29' title='bbox 327 914 396 958; x_wconf 90' lang='lat' dir='ltr'>esse</span> <span class='ocrx_word' id='word_1_30' title='bbox 413 893 446 957; x_wconf 94' lang='lat' dir='ltr'>in</span> <span class='ocrx_word' id='word_1_31' title='bbox 463 915 578 976; x_wconf 89' lang='lat' dir='ltr'>campo</span> <span class='ocrx_word' id='word_1_32' title='bbox 595 900 713 960; x_wconf 87' lang='lat' dir='ltr'>eontra</span> <span class='ocrx_word' id='word_1_33' title='bbox 728 891 753 958; x_wconf 88' lang='lat' dir='ltr'>J</span> <span class='ocrx_word' id='word_1_34' title='bbox 754 894 913 958; x_wconf 89' lang='lat' dir='ltr'>ohannem</span> <span class='ocrx_word' id='word_1_35' title='bbox 927 893 1057 958; x_wconf 90' lang='lat' dir='ltr'>Banum</span> <span class='ocrx_word' id='word_1_36' title='bbox 1074 899 1107 958; x_wconf 89' lang='lat' dir='ltr'>et</span> <span class='ocrx_word' id='word_1_37' title='bbox 1123 893 1213 959; x_wconf 90' lang='lat' dir='ltr'>Prio-</span> 
     </span>
     <span class='ocr_line' id='line_1_6' title="bbox 71 1000 1214 1084; baseline 0.002 -19"><span class='ocrx_word' id='word_1_38' title='bbox 71 1022 148 1080; x_wconf 85' lang='lat' dir='ltr'>rem</span> <span class='ocrx_word' id='word_1_39' title='bbox 166 1000 304 1067; x_wconf 89' lang='lat' dir='ltr'>rebelles</span> <span class='ocrx_word' id='word_1_40' title='bbox 331 1007 470 1084; x_wconf 85' lang='lat' dir='ltr'>nostros,</span> <span class='ocrx_word' id='word_1_41' title='bbox 486 1008 520 1065; x_wconf 89' lang='lat' dir='ltr'>et</span> <span class='ocrx_word' id='word_1_42' title='bbox 535 1002 704 1066; x_wconf 88' lang='lat' dir='ltr'>destruere</span> <span class='ocrx_word' id='word_1_43' title='bbox 721 1021 777 1066; x_wconf 92' lang='lat' dir='ltr'>eos</span> <span class='ocrx_word' id='word_1_44' title='bbox 793 1002 885 1065; x_wconf 87' lang='lat' dir='ltr'>iuxta</span> <span class='ocrx_word' id='word_1_45' title='bbox 898 1021 993 1084; x_wconf 91' lang='lat' dir='ltr'>posse</span> <span class='ocrx_word' id='word_1_46' title='bbox 1010 1007 1165 1084; x_wconf 88' lang='lat' dir='ltr'>nostrum,</span> <span class='ocrx_word' id='word_1_47' title='bbox 1181 1007 1214 1067; x_wconf 89' lang='lat' dir='ltr'>ot</span> 
     </span>
     <span class='ocr_line' id='line_1_7' title="bbox 71 1107 1213 1190; baseline 0.001 -18"><span class='ocrx_word' id='word_1_48' title='bbox 71 1107 125 1172; x_wconf 88' lang='lat' dir='ltr'>ire</span> <span class='ocrx_word' id='word_1_49' title='bbox 143 1127 246 1190; x_wconf 89' lang='lat' dir='ltr'>usque</span> <span class='ocrx_word' id='word_1_50' title='bbox 262 1107 304 1173; x_wconf 94' lang='lat' dir='ltr'>ad</span> <span class='ocrx_word' id='word_1_51' title='bbox 319 1108 437 1189; x_wconf 83' lang='lat' dir='ltr'>locum,</span> <span class='ocrx_word' id='word_1_52' title='bbox 453 1109 508 1174; x_wconf 89' lang='lat' dir='ltr'>ubi</span> <span class='ocrx_word' id='word_1_53' title='bbox 526 1115 600 1173; x_wconf 89' lang='lat' dir='ltr'>sunt</span> <span class='ocrx_word' id='word_1_54' title='bbox 617 1108 745 1173; x_wconf 91' lang='lat' dir='ltr'>domine</span> <span class='ocrx_word' id='word_1_55' title='bbox 761 1114 866 1174; x_wconf 90' lang='lat' dir='ltr'>mater</span> <span class='ocrx_word' id='word_1_56' title='bbox 882 1115 914 1172; x_wconf 89' lang='lat' dir='ltr'>et</span> <span class='ocrx_word' id='word_1_57' title='bbox 931 1127 1013 1171; x_wconf 87' lang='lat' dir='ltr'>uxor</span> <span class='ocrx_word' id='word_1_58' title='bbox 1029 1117 1151 1175; x_wconf 83' lang='lat' dir='ltr'>nostra</span> <span class='ocrx_word' id='word_1_59' title='bbox 1169 1111 1213 1176; x_wconf 78' lang='lat' dir='ltr'>Et</span> 
     </span>
     <span class='ocr_line' id='line_1_8' title="bbox 74 1214 1212 1300; baseline 0.004 -22"><span class='ocrx_word' id='word_1_60' title='bbox 74 1214 160 1295; x_wconf 88' lang='lat' dir='ltr'>quia</span> <span class='ocrx_word' id='word_1_61' title='bbox 178 1214 374 1299; x_wconf 88' lang='lat' dir='ltr'>dubitamus,</span> <span class='ocrx_word' id='word_1_62' title='bbox 388 1217 476 1299; x_wconf 92' lang='lat' dir='ltr'>quod</span> <span class='ocrx_word' id='word_1_63' title='bbox 492 1216 629 1282; x_wconf 81' lang='lat' dir='ltr'>rebelles</span> <span class='ocrx_word' id='word_1_64' title='bbox 654 1218 743 1300; x_wconf 89' lang='lat' dir='ltr'>ipsas</span> <span class='ocrx_word' id='word_1_65' title='bbox 760 1216 1033 1300; x_wconf 78' lang='lat' dir='ltr'>transportabant</span> <span class='ocrx_word' id='word_1_66' title='bbox 1048 1237 1107 1300; x_wconf 92' lang='lat' dir='ltr'>per</span> <span class='ocrx_word' id='word_1_67' title='bbox 1122 1238 1212 1284; x_wconf 88' lang='lat' dir='ltr'>mare</span> 
     </span>
     <span class='ocr_line' id='line_1_9' title="bbox 72 1323 1212 1408; baseline 0.004 -22"><span class='ocrx_word' id='word_1_68' title='bbox 72 1323 120 1386; x_wconf 89' lang='lat' dir='ltr'>ad</span> <span class='ocrx_word' id='word_1_69' title='bbox 138 1323 223 1388; x_wconf 88' lang='lat' dir='ltr'>alias</span> <span class='ocrx_word' id='word_1_70' title='bbox 239 1331 358 1406; x_wconf 72' lang='lat' dir='ltr'>partes,</span> <span class='ocrx_word' id='word_1_71' title='bbox 383 1344 537 1406; x_wconf 82' lang='lat' dir='ltr'>rogamus</span> <span class='ocrx_word' id='word_1_72' title='bbox 563 1344 619 1388; x_wconf 90' lang='lat' dir='ltr'>ros</span> <span class='ocrx_word' id='word_1_73' title='bbox 646 1332 804 1406; x_wconf 87' lang='lat' dir='ltr'>quantum</span> <span class='ocrx_word' id='word_1_74' title='bbox 820 1344 1001 1408; x_wconf 88' lang='lat' dir='ltr'>possumus,</span> <span class='ocrx_word' id='word_1_75' title='bbox 1017 1330 1054 1388; x_wconf 92' lang='lat' dir='ltr'>ut</span> <span class='ocrx_word' id='word_1_76' title='bbox 1069 1345 1128 1408; x_wconf 87' lang='lat' dir='ltr'>per</span> <span class='ocrx_word' id='word_1_77' title='bbox 1144 1325 1212 1392; x_wconf 92' lang='lat' dir='ltr'>No-</span> 
     </span>
     <span class='ocr_line' id='line_1_10' title="bbox 71 1429 1211 1515; baseline 0.001 -19"><span class='ocrx_word' id='word_1_78' title='bbox 71 1430 199 1496; x_wconf 87' lang='lat' dir='ltr'>tarium</span> <span class='ocrx_word' id='word_1_79' title='bbox 225 1433 349 1514; x_wconf 83' lang='lat' dir='ltr'>rogatis</span> <span class='ocrx_word' id='word_1_80' title='bbox 376 1429 653 1512; x_wconf 88' lang='lat' dir='ltr'>Dominationom,</span> <span class='ocrx_word' id='word_1_81' title='bbox 679 1438 840 1515; x_wconf 89' lang='lat' dir='ltr'>quatenus</span> <span class='ocrx_word' id='word_1_82' title='bbox 866 1431 927 1496; x_wconf 87' lang='lat' dir='ltr'>sibi</span> <span class='ocrx_word' id='word_1_83' title='bbox 944 1433 1074 1515; x_wconf 84' lang='lat' dir='ltr'>placeat</span> <span class='ocrx_word' id='word_1_84' title='bbox 1090 1433 1211 1499; x_wconf 88' lang='lat' dir='ltr'>habere</span> 
     </span>
     <span class='ocr_line' id='line_1_11' title="bbox 70 1537 1280 1632; baseline 0.003 -30"><span class='ocrx_word' id='word_1_85' title='bbox 70 1537 191 1622; x_wconf 82' lang='lat' dir='ltr'>galeas</span> <span class='ocrx_word' id='word_1_86' title='bbox 215 1539 248 1602; x_wconf 92' lang='lat' dir='ltr'>in</span> <span class='ocrx_word' id='word_1_87' title='bbox 265 1539 348 1603; x_wconf 86' lang='lat' dir='ltr'>mari</span> <span class='ocrx_word' id='word_1_88' title='bbox 373 1538 415 1603; x_wconf 86' lang='lat' dir='ltr'>od</span> <span class='ocrx_word' id='word_1_89' title='bbox 432 1540 678 1623; x_wconf 74' lang='lat' dir='ltr'>custodiamus</span> <span class='ocrx_word' id='word_1_90' title='bbox 694 1546 975 1623; x_wconf 86' lang='lat' dir='ltr'>transportentur;</span> <span class='ocrx_word' id='word_1_91' title='bbox 991 1541 1070 1624; x_wconf 88' lang='lat' dir='ltr'>quia</span> <span class='ocrx_word' id='word_1_92' title='bbox 1086 1542 1147 1607; x_wconf 87' lang='lat' dir='ltr'>hoo</span> <span class='ocrx_word' id='word_1_93' title='bbox 1163 1564 1210 1608; x_wconf 90' lang='lat' dir='ltr'>es·</span> <span class='ocrx_word' id='word_1_94' title='bbox 1276 1623 1280 1632; x_wconf 29' lang='lat'>¹</span> 
     </span>
     <span class='ocr_line' id='line_1_12' title="bbox 30 1643 1212 1732; baseline 0.003 -22"><span class='ocrx_word' id='word_1_95' title='bbox 30 1643 36 1652; x_wconf 80' lang='grc'><em>’</em></span> <span class='ocrx_word' id='word_1_96' title='bbox 71 1652 128 1712; x_wconf 87' lang='lat' dir='ltr'>set</span> <span class='ocrx_word' id='word_1_97' title='bbox 146 1667 271 1710; x_wconf 88' lang='lat' dir='ltr'>summe</span> <span class='ocrx_word' id='word_1_98' title='bbox 287 1647 506 1712; x_wconf 85' lang='lat' dir='ltr'>necessarium</span> <span class='ocrx_word' id='word_1_99' title='bbox 522 1645 592 1712; x_wconf 87' lang='lat' dir='ltr'>fieri</span> <span class='ocrx_word' id='word_1_100' title='bbox 608 1668 667 1730; x_wconf 90' lang='lat' dir='ltr'>pro</span> <span class='ocrx_word' id='word_1_101' title='bbox 684 1648 836 1732; x_wconf 87' lang='lat' dir='ltr'>presenti,</span> <span class='ocrx_word' id='word_1_102' title='bbox 856 1670 932 1713; x_wconf 89' lang='lat' dir='ltr'>nam</span> <span class='ocrx_word' id='word_1_103' title='bbox 943 1649 1212 1732; x_wconf 86' lang='lat' dir='ltr'>siexpeotarotur</span> 
     </span>
     <span class='ocr_line' id='line_1_13' title="bbox 70 1753 1211 1841; baseline 0.003 -21"><span class='ocrx_word' id='word_1_104' title='bbox 70 1755 185 1840; x_wconf 89' lang='lat' dir='ltr'>primo</span> <span class='ocrx_word' id='word_1_105' title='bbox 210 1754 310 1839; x_wconf 79' lang='lat' dir='ltr'>ligam</span> <span class='ocrx_word' id='word_1_106' title='bbox 336 1753 469 1835; x_wconf 88' lang='lat' dir='ltr'>firmari,</span> <span class='ocrx_word' id='word_1_107' title='bbox 495 1755 628 1820; x_wconf 90' lang='lat' dir='ltr'>nimium</span> <span class='ocrx_word' id='word_1_108' title='bbox 655 1757 811 1841; x_wconf 89' lang='lat' dir='ltr'>temporis</span> <span class='ocrx_word' id='word_1_109' title='bbox 827 1755 1026 1821; x_wconf 77' lang='lat' dir='ltr'>laberetur«.</span> <span class='ocrx_word' id='word_1_110' title='bbox 1050 1757 1211 1824; x_wconf 86' lang='lat' dir='ltr'>Dominus</span> 
     </span>
     <span class='ocr_line' id='line_1_14' title="bbox 71 1861 1212 1951; baseline 0.004 -25"><span class='ocrx_word' id='word_1_111' title='bbox 71 1861 300 1928; x_wconf 74' lang='lat' dir='ltr'>Ambasiator</span> <span class='ocrx_word' id='word_1_112' title='bbox 325 1862 502 1946; x_wconf 86' lang='lat' dir='ltr'>respondit,</span> <span class='ocrx_word' id='word_1_113' title='bbox 528 1864 615 1946; x_wconf 93' lang='lat' dir='ltr'>quod</span> <span class='ocrx_word' id='word_1_114' title='bbox 641 1864 766 1930; x_wconf 79' lang='lat' dir='ltr'>diceret</span> <span class='ocrx_word' id='word_1_115' title='bbox 781 1862 928 1946; x_wconf 88' lang='lat' dir='ltr'>Notario,</span> <span class='ocrx_word' id='word_1_116' title='bbox 945 1872 981 1929; x_wconf 90' lang='lat' dir='ltr'>ut</span> <span class='ocrx_word' id='word_1_117' title='bbox 997 1864 1116 1931; x_wconf 84' lang='lat' dir='ltr'>referet</span> <span class='ocrx_word' id='word_1_118' title='bbox 1137 1867 1212 1951; x_wconf 89' lang='lat' dir='ltr'>ipsa</span> 
     </span>
     <span class='ocr_line' id='line_1_15' title="bbox 70 1970 316 2036; baseline -0.008 0"><span class='ocrx_word' id='word_1_119' title='bbox 70 1970 316 2036; x_wconf 86' lang='lat' dir='ltr'>Dominationi.</span> 
     </span>
    </p>

    <p class='ocr_par' dir='ltr' id='par_1_3' title="bbox 70 2063 1210 2924">
     <span class='ocr_line' id='line_1_16' title="bbox 187 2063 1208 2166; baseline 0.002 -24"><span class='ocrx_word' id='word_1_120' title='bbox 187 2079 228 2142; x_wconf 91' lang='lat' dir='ltr'>In</span> <span class='ocrx_word' id='word_1_121' title='bbox 253 2077 315 2143; x_wconf 89' lang='lat' dir='ltr'>fine</span> <span class='ocrx_word' id='word_1_122' title='bbox 343 2078 492 2143; x_wconf 87' lang='lat' dir='ltr'>dominus</span> <span class='ocrx_word' id='word_1_123' title='bbox 517 2063 705 2163; x_wconf 82' lang='lat' dir='ltr'>Stephanus</span> <span class='ocrx_word' id='word_1_124' title='bbox 723 2077 882 2163; x_wconf 71' lang='lat' dir='ltr'>Vopvodo</span> <span class='ocrx_word' id='word_1_125' title='bbox 898 2086 931 2144; x_wconf 91' lang='lat' dir='ltr'>et</span> <span class='ocrx_word' id='word_1_126' title='bbox 948 2079 1097 2146; x_wconf 91' lang='lat' dir='ltr'>dominus</span> <span class='ocrx_word' id='word_1_127' title='bbox 1113 2082 1208 2166; x_wconf 77' lang='lat' dir='ltr'>Epis·</span> 
     </span>
     <span class='ocr_line' id='line_1_17' title="bbox 70 2184 1210 2271; baseline 0.001 -19"><span class='ocrx_word' id='word_1_128' title='bbox 70 2205 181 2269; x_wconf 85' lang='lat' dir='ltr'>oopus</span> <span class='ocrx_word' id='word_1_129' title='bbox 197 2184 372 2271; x_wconf 82' lang='lat' dir='ltr'>Agriensis</span> <span class='ocrx_word' id='word_1_130' title='bbox 389 2185 542 2251; x_wconf 84' lang='lat' dir='ltr'>dixerunt</span> <span class='ocrx_word' id='word_1_131' title='bbox 569 2186 699 2252; x_wconf 91' lang='lat' dir='ltr'>domino</span> <span class='ocrx_word' id='word_1_132' title='bbox 720 2186 961 2268; x_wconf 84' lang='lat' dir='ltr'>Ambaxiatori,</span> <span class='ocrx_word' id='word_1_133' title='bbox 978 2189 1064 2270; x_wconf 89' lang='lat' dir='ltr'>quod</span> <span class='ocrx_word' id='word_1_134' title='bbox 1081 2187 1136 2253; x_wconf 92' lang='lat' dir='ltr'>ille</span> <span class='ocrx_word' id='word_1_135' title='bbox 1153 2190 1210 2253; x_wconf 85' lang='lat' dir='ltr'>mi·</span> 
     </span>
     <span class='ocr_line' id='line_1_18' title="bbox 70 2292 1209 2380; baseline 0.002 -20"><span class='ocrx_word' id='word_1_136' title='bbox 70 2296 125 2360; x_wconf 88' lang='lat' dir='ltr'>les</span> <span class='ocrx_word' id='word_1_137' title='bbox 143 2292 373 2374; x_wconf 84' lang='lat' dir='ltr'>Ambaxiator,</span> <span class='ocrx_word' id='word_1_138' title='bbox 400 2295 455 2378; x_wconf 88' lang='lat' dir='ltr'>qui</span> <span class='ocrx_word' id='word_1_139' title='bbox 482 2293 634 2359; x_wconf 83' lang='lat' dir='ltr'>veniebat</span> <span class='ocrx_word' id='word_1_140' title='bbox 651 2317 690 2360; x_wconf 85' lang='lat' dir='ltr'>ex</span> <span class='ocrx_word' id='word_1_141' title='bbox 706 2303 799 2380; x_wconf 85' lang='lat' dir='ltr'>parte</span> <span class='ocrx_word' id='word_1_142' title='bbox 817 2295 938 2358; x_wconf 89' lang='lat' dir='ltr'>domini</span> <span class='ocrx_word' id='word_1_143' title='bbox 963 2295 1065 2380; x_wconf 86' lang='lat' dir='ltr'>Regis</span> <span class='ocrx_word' id='word_1_144' title='bbox 1081 2296 1125 2362; x_wconf 90' lang='lat' dir='ltr'>ad</span> <span class='ocrx_word' id='word_1_145' title='bbox 1140 2296 1209 2362; x_wconf 89' lang='lat' dir='ltr'>Du·</span> 
     </span>
     <span class='ocr_line' id='line_1_19' title="bbox 70 2401 1208 2484; baseline 0.003 -15"><span class='ocrx_word' id='word_1_146' title='bbox 70 2404 150 2469; x_wconf 89' lang='lat' dir='ltr'>eale</span> <span class='ocrx_word' id='word_1_147' title='bbox 167 2401 367 2484; x_wconf 89' lang='lat' dir='ltr'>Dominium,</span> <span class='ocrx_word' id='word_1_148' title='bbox 393 2403 538 2468; x_wconf 87' lang='lat' dir='ltr'>habebat</span> <span class='ocrx_word' id='word_1_149' title='bbox 562 2410 689 2469; x_wconf 89' lang='lat' dir='ltr'>tantum</span> <span class='ocrx_word' id='word_1_150' title='bbox 706 2405 770 2470; x_wconf 81' lang='lat' dir='ltr'>tria</span> <span class='ocrx_word' id='word_1_151' title='bbox 788 2406 819 2468; x_wconf 90' lang='lat' dir='ltr'>in</span> <span class='ocrx_word' id='word_1_152' title='bbox 837 2402 1009 2483; x_wconf 88' lang='lat' dir='ltr'>mandatis,</span> <span class='ocrx_word' id='word_1_153' title='bbox 1036 2404 1208 2472; x_wconf 74' lang='lat' dir='ltr'>videlieet:</span> 
     </span>
     <span class='ocr_line' id='line_1_20' title="bbox 71 2511 1209 2599; baseline 0.002 -21"><span class='ocrx_word' id='word_1_154' title='bbox 71 2512 297 2578; x_wconf 88' lang='lat' dir='ltr'>annuntiandi</span> <span class='ocrx_word' id='word_1_155' title='bbox 312 2511 575 2597; x_wconf 83' lang='lat' dir='ltr'>Coronationem,</span> <span class='ocrx_word' id='word_1_156' title='bbox 601 2514 742 2581; x_wconf 85' lang='lat' dir='ltr'>faciendi</span> <span class='ocrx_word' id='word_1_157' title='bbox 757 2515 908 2578; x_wconf 85' lang='lat' dir='ltr'>renovari</span> <span class='ocrx_word' id='word_1_158' title='bbox 922 2515 1138 2580; x_wconf 88' lang='lat' dir='ltr'>iuramentum</span> <span class='ocrx_word' id='word_1_159' title='bbox 1153 2537 1209 2599; x_wconf 84' lang='lat' dir='ltr'>pa·</span> 
     </span>
     <span class='ocr_line' id='line_1_21' title="bbox 70 2621 1207 2708; baseline 0.002 -22"><span class='ocrx_word' id='word_1_160' title='bbox 70 2623 130 2703; x_wconf 84' lang='lat' dir='ltr'>eis,</span> <span class='ocrx_word' id='word_1_161' title='bbox 147 2627 181 2685; x_wconf 91' lang='lat' dir='ltr'>et</span> <span class='ocrx_word' id='word_1_162' title='bbox 196 2643 256 2705; x_wconf 90' lang='lat' dir='ltr'>pro</span> <span class='ocrx_word' id='word_1_163' title='bbox 282 2621 371 2687; x_wconf 83' lang='lat' dir='ltr'>iacto</span> <span class='ocrx_word' id='word_1_164' title='bbox 399 2629 520 2706; x_wconf 90' lang='lat' dir='ltr'>septem</span> <span class='ocrx_word' id='word_1_165' title='bbox 546 2623 683 2689; x_wconf 89' lang='lat' dir='ltr'>millium</span> <span class='ocrx_word' id='word_1_166' title='bbox 710 2621 914 2705; x_wconf 84' lang='lat' dir='ltr'>florenorum,</span> <span class='ocrx_word' id='word_1_167' title='bbox 932 2623 1068 2708; x_wconf 81' lang='lat' dir='ltr'>et&#39;quod</span> <span class='ocrx_word' id='word_1_168' title='bbox 1085 2624 1207 2690; x_wconf 86' lang='lat' dir='ltr'>sactum</span> 
     </span>
     <span class='ocr_line' id='line_1_22' title="bbox 70 2730 1208 2815; baseline 0.001 -20"><span class='ocrx_word' id='word_1_169' title='bbox 70 2731 142 2813; x_wconf 80' lang='lat' dir='ltr'>lige</span> <span class='ocrx_word' id='word_1_170' title='bbox 170 2739 203 2796; x_wconf 90' lang='lat' dir='ltr'>et</span> <span class='ocrx_word' id='word_1_171' title='bbox 228 2730 396 2814; x_wconf 82' lang='lat' dir='ltr'>galearum</span> <span class='ocrx_word' id='word_1_172' title='bbox 422 2732 663 2815; x_wconf 84' lang='lat' dir='ltr'>permittebant,</span> <span class='ocrx_word' id='word_1_173' title='bbox 699 2731 787 2815; x_wconf 89' lang='lat' dir='ltr'>quod</span> <span class='ocrx_word' id='word_1_174' title='bbox 812 2731 960 2796; x_wconf 87' lang='lat' dir='ltr'>dominas</span> <span class='ocrx_word' id='word_1_175' title='bbox 987 2731 1208 2799; x_wconf 84' lang='lat' dir='ltr'>Ambaxiator</span> 
     </span>
     <span class='ocr_line' id='line_1_23' title="bbox 71 2839 837 2924; baseline -0.003 -18"><span class='ocrx_word' id='word_1_176' title='bbox 71 2839 418 2924; x_wconf 82' lang='lat' dir='ltr'>Venetiarumexponi</span> <span class='ocrx_word' id='word_1_177' title='bbox 436 2839 560 2906; x_wconf 83' lang='lat' dir='ltr'>faceret</span> <span class='ocrx_word' id='word_1_178' title='bbox 576 2849 633 2924; x_wconf 82' lang='lat' dir='ltr'>pei·</span> <span class='ocrx_word' id='word_1_179' title='bbox 650 2839 837 2905; x_wconf 87' lang='lat' dir='ltr'>Notarium.</span> 
     </span>
    </p>
   </div>
   <div class='ocr_carea' id='block_1_3' title="bbox 70 2983 1201 3050">
    <p class='ocr_par' dir='ltr' id='par_1_4' title="bbox 70 2983 1201 3050">
     <span class='ocr_line' id='line_1_24' title="bbox 70 2983 1201 3050; baseline 0.004 -16"><span class='ocrx_word' id='word_1_180' title='bbox 70 2985 111 3046; x_wconf 76' lang='grc' dir='ltr'>(Δ</span> <span class='ocrx_word' id='word_1_181' title='bbox 134 2984 238 3047; x_wconf 76' lang='lat' dir='ltr'>»Copia</span> <span class='ocrx_word' id='word_1_182' title='bbox 251 2984 285 3032; x_wconf 91' lang='lat' dir='ltr'>de</span> <span class='ocrx_word' id='word_1_183' title='bbox 299 2983 539 3036; x_wconf 74' lang='lat' dir='ltr'>Commemoriali«</span> <span class='ocrx_word' id='word_1_184' title='bbox 553 2986 644 3035; x_wconf 86' lang='lat' dir='ltr'>ozimtt</span> <span class='ocrx_word' id='word_1_185' title='bbox 667 2985 847 3050; x_wconf 76' lang='lat' dir='ltr'>allamkttnyr</span> <span class='ocrx_word' id='word_1_186' title='bbox 861 2985 937 3035; x_wconf 88' lang='lat' dir='ltr'>Vlll.</span> <span class='ocrx_word' id='word_1_187' title='bbox 949 2985 1092 3034; x_wconf 74' lang='lat' dir='ltr'>kbtetebttl</span> <span class='ocrx_word' id='word_1_188' title='bbox 1107 2989 1168 3037; x_wconf 78' lang='lat'>297.</span> <span class='ocrx_word' id='word_1_189' title='bbox 1182 2983 1201 3038; x_wconf 72' lang='lat' dir='ltr'>l·</span> 
     </span>
    </p>
   </div>
   <div class='ocr_carea' id='block_1_4' title="bbox 621 3145 720 3155">
    <p class='ocr_par' dir='ltr' id='par_1_5' title="bbox 621 3145 720 3155">
     <span class='ocr_line' id='line_1_25' title="bbox 621 3145 720 3155; baseline 0 -1"><span class='ocrx_word' id='word_1_190' title='bbox 621 3151 627 3154; x_wconf 89' lang='lat'>.</span> <span class='ocrx_word' id='word_1_191' title='bbox 646 3145 720 3155; x_wconf 50' lang='grc' dir='ltr'>Η...-</span> 
     </span>
    </p>
   </div>
   <div class='ocr_carea' id='block_1_5' title="bbox 607 3294 680 3356">
    <p class='ocr_par' dir='ltr' id='par_1_6' title="bbox 607 3294 680 3356">
     <span class='ocr_line' id='line_1_26' title="bbox 607 3294 680 3356; baseline 0.027 -2"><span class='ocrx_word' id='word_1_192' title='bbox 607 3294 680 3356; x_wconf 83' lang='grc'><strong>358.</strong></span> 
     </span>
    </p>
   </div>
   <div class='ocr_carea' id='block_1_6' title="bbox 125 3413 1151 3541">
    <p class='ocr_par' dir='ltr' id='par_1_7' title="bbox 125 3413 1151 3541">
     <span class='ocr_line' id='line_1_27' title="bbox 125 3413 1151 3541; baseline -0.001 -22"><span class='ocrx_word' id='word_1_193' title='bbox 125 3450 157 3519; x_wconf 79' lang='grc' dir='ltr'><em>Α</em></span> <span class='ocrx_word' id='word_1_194' title='bbox 176 3413 328 3518; x_wconf 81' lang='lat' dir='ltr'>veieaczei</span> <span class='ocrx_word' id='word_1_195' title='bbox 342 3452 622 3541; x_wconf 71' lang='lat' dir='ltr'>lebaldusaadpoolr</span> <span class='ocrx_word' id='word_1_196' title='bbox 639 3481 659 3518; x_wconf 81' lang='lat' dir='ltr'>a</span> <span class='ocrx_word' id='word_1_197' title='bbox 675 3454 797 3540; x_wconf 62' lang='lat' dir='ltr'>gesom·</span> <span class='ocrx_word' id='word_1_198' title='bbox 812 3453 1030 3540; x_wconf 77' lang='lat' dir='ltr'>ktlztdrsaso‘p.</span> <span class='ocrx_word' id='word_1_199' title='bbox 1058 3450 1151 3521; x_wconf 80' lang='lat'><em>1387.</em></span> 
     </span>
    </p>
   </div>
   <div class='ocr_carea' id='block_1_7' title="bbox 65 3612 1205 4678">
    <p class='ocr_par' dir='ltr' id='par_1_8' title="bbox 183 3612 1096 3685">
     <span class='ocr_line' id='line_1_28' title="bbox 183 3612 1096 3685; baseline 0.007 -9"><span class='ocrx_word' id='word_1_200' title='bbox 183 3612 259 3678; x_wconf 89' lang='lat' dir='ltr'>Dux</span> <span class='ocrx_word' id='word_1_201' title='bbox 285 3619 318 3680; x_wconf 91' lang='lat' dir='ltr'>et</span> <span class='ocrx_word' id='word_1_202' title='bbox 344 3612 523 3679; x_wconf 86' lang='lat' dir='ltr'>Commune</span> <span class='ocrx_word' id='word_1_203' title='bbox 548 3613 657 3680; x_wconf 82' lang='lat' dir='ltr'>Janue</span> <span class='ocrx_word' id='word_1_204' title='bbox 674 3615 717 3680; x_wconf 92' lang='lat' dir='ltr'>ad</span> <span class='ocrx_word' id='word_1_205' title='bbox 733 3614 858 3680; x_wconf 83' lang='lat' dir='ltr'>Ducem</span> <span class='ocrx_word' id='word_1_206' title='bbox 873 3615 1096 3685; x_wconf 90' lang='lat' dir='ltr'>Venetiarum.</span> 
     </span>
    </p>

    <p class='ocr_par' dir='ltr' id='par_1_9' title="bbox 65 3721 1205 4678">
     <span class='ocr_line' id='line_1_29' title="bbox 182 3721 1205 3812; baseline 0.005 -26"><span class='ocrx_word' id='word_1_207' title='bbox 182 3721 327 3787; x_wconf 90' lang='lat' dir='ltr'>Illustris</span> <span class='ocrx_word' id='word_1_208' title='bbox 353 3729 387 3786; x_wconf 92' lang='lat' dir='ltr'>et</span> <span class='ocrx_word' id='word_1_209' title='bbox 412 3723 587 3807; x_wconf 83' lang='lat' dir='ltr'>Magnifice</span> <span class='ocrx_word' id='word_1_210' title='bbox 613 3723 714 3790; x_wconf 86' lang='lat' dir='ltr'>frater</span> <span class='ocrx_word' id='word_1_211' title='bbox 740 3723 939 3792; x_wconf 84' lang='lat' dir='ltr'>charissime.</span> <span class='ocrx_word' id='word_1_212' title='bbox 960 3725 1143 3812; x_wconf 80' lang='lat' dir='ltr'>Benignum</span> <span class='ocrx_word' id='word_1_213' title='bbox 1161 3721 1205 3791; x_wconf 88' lang='lat' dir='ltr'>Il·</span> 
     </span>
     <span class='ocr_line' id='line_1_30' title="bbox 68 3829 1205 3918; baseline 0.001 -21"><span class='ocrx_word' id='word_1_214' title='bbox 68 3829 185 3897; x_wconf 87' lang='lat' dir='ltr'>lustris</span> <span class='ocrx_word' id='word_1_215' title='bbox 203 3830 323 3900; x_wconf 89' lang='lat' dir='ltr'>Vestre</span> <span class='ocrx_word' id='word_1_216' title='bbox 340 3829 577 3897; x_wconf 76' lang='lat' dir='ltr'>Fraternitotis</span> <span class='ocrx_word' id='word_1_217' title='bbox 602 3853 801 3916; x_wconf 87' lang='lat' dir='ltr'>responsum,</span> <span class='ocrx_word' id='word_1_218' title='bbox 818 3833 905 3918; x_wconf 86' lang='lat' dir='ltr'>quod</span> <span class='ocrx_word' id='word_1_219' title='bbox 922 3833 1074 3918; x_wconf 80' lang='lat' dir='ltr'>providus</span> <span class='ocrx_word' id='word_1_220' title='bbox 1090 3835 1138 3898; x_wconf 89' lang='lat' dir='ltr'>vir</span> <span class='ocrx_word' id='word_1_221' title='bbox 1153 3855 1205 3899; x_wconf 87' lang='lat' dir='ltr'>ser</span> 
     </span>
     <span class='ocr_line' id='line_1_31' title="bbox 67 3938 1203 4008; baseline 0.001 -2"><span class='ocrx_word' id='word_1_222' title='bbox 67 3939 305 4006; x_wconf 89' lang='lat' dir='ltr'>Boniohannes</span> <span class='ocrx_word' id='word_1_223' title='bbox 317 3938 356 4004; x_wconf 94' lang='lat' dir='ltr'>de</span> <span class='ocrx_word' id='word_1_224' title='bbox 373 3940 547 4006; x_wconf 85' lang='lat' dir='ltr'>Brissariis</span> <span class='ocrx_word' id='word_1_225' title='bbox 565 3942 624 4006; x_wconf 90' lang='lat' dir='ltr'>snb</span> <span class='ocrx_word' id='word_1_226' title='bbox 641 3940 757 4006; x_wconf 90' lang='lat' dir='ltr'>vestris</span> <span class='ocrx_word' id='word_1_227' title='bbox 773 3940 1067 4008; x_wconf 84' lang='lat' dir='ltr'>credentionalibus</span> <span class='ocrx_word' id='word_1_228' title='bbox 1083 3943 1203 4008; x_wconf 87' lang='lat' dir='ltr'>litteris</span> 
     </span>
     <span class='ocr_line' id='line_1_32' title="bbox 68 4047 1202 4132; baseline 0.001 -18"><span class='ocrx_word' id='word_1_229' title='bbox 68 4069 176 4132; x_wconf 89' lang='lat' dir='ltr'>nuper</span> <span class='ocrx_word' id='word_1_230' title='bbox 192 4047 286 4113; x_wconf 91' lang='lat' dir='ltr'>nobis</span> <span class='ocrx_word' id='word_1_231' title='bbox 304 4055 456 4113; x_wconf 87' lang='lat' dir='ltr'>oretenus</span> <span class='ocrx_word' id='word_1_232' title='bbox 482 4047 624 4113; x_wconf 90' lang='lat' dir='ltr'>reddidit</span> <span class='ocrx_word' id='word_1_233' title='bbox 640 4049 683 4114; x_wconf 90' lang='lat' dir='ltr'>ad</span> <span class='ocrx_word' id='word_1_234' title='bbox 698 4069 746 4128; x_wconf 85' lang='lat' dir='ltr'>ea,</span> <span class='ocrx_word' id='word_1_235' title='bbox 763 4070 827 4131; x_wconf 88' lang='lat' dir='ltr'>que</span> <span class='ocrx_word' id='word_1_236' title='bbox 843 4049 1066 4132; x_wconf 78' lang='lat' dir='ltr'>Magnitudini</span> <span class='ocrx_word' id='word_1_237' title='bbox 1083 4048 1202 4116; x_wconf 87' lang='lat' dir='ltr'>Vestre</span> 
     </span>
     <span class='ocr_line' id='line_1_33' title="bbox 66 4155 1204 4241; baseline 0.003 -20"><span class='ocrx_word' id='word_1_238' title='bbox 66 4156 199 4241; x_wconf 86' lang='lat' dir='ltr'>pridem</span> <span class='ocrx_word' id='word_1_239' title='bbox 225 4156 412 4240; x_wconf 86' lang='lat' dir='ltr'>scripsimus</span> <span class='ocrx_word' id='word_1_240' title='bbox 427 4155 468 4220; x_wconf 88' lang='lat' dir='ltr'>de</span> <span class='ocrx_word' id='word_1_241' title='bbox 486 4163 638 4238; x_wconf 86' lang='lat' dir='ltr'>suscepta</span> <span class='ocrx_word' id='word_1_242' title='bbox 654 4158 686 4220; x_wconf 90' lang='lat' dir='ltr'>in</span> <span class='ocrx_word' id='word_1_243' title='bbox 704 4164 818 4222; x_wconf 89' lang='lat' dir='ltr'>nostra</span> <span class='ocrx_word' id='word_1_244' title='bbox 843 4161 1044 4241; x_wconf 83' lang='lat' dir='ltr'>protectione</span> <span class='ocrx_word' id='word_1_245' title='bbox 1069 4157 1204 4224; x_wconf 80' lang='lat' dir='ltr'>Dalma-</span> 
     </span>
     <span class='ocr_line' id='line_1_34' title="bbox 66 4264 1202 4352; baseline 0.002 -22"><span class='ocrx_word' id='word_1_246' title='bbox 66 4273 138 4346; x_wconf 83' lang='lat' dir='ltr'>tia3</span> <span class='ocrx_word' id='word_1_247' title='bbox 164 4286 311 4330; x_wconf 84' lang='lat' dir='ltr'>necnon</span> <span class='ocrx_word' id='word_1_248' title='bbox 337 4264 403 4330; x_wconf 85' lang='lat' dir='ltr'>alia</span> <span class='ocrx_word' id='word_1_249' title='bbox 429 4265 569 4348; x_wconf 85' lang='lat' dir='ltr'>quedam</span> <span class='ocrx_word' id='word_1_250' title='bbox 594 4286 654 4348; x_wconf 86' lang='lat' dir='ltr'>pro</span> <span class='ocrx_word' id='word_1_251' title='bbox 680 4272 772 4349; x_wconf 86' lang='lat' dir='ltr'>parto</span> <span class='ocrx_word' id='word_1_252' title='bbox 794 4267 939 4350; x_wconf 84' lang='lat' dir='ltr'>ejusdem</span> <span class='ocrx_word' id='word_1_253' title='bbox 956 4268 1202 4352; x_wconf 80' lang='lat' dir='ltr'>Magnificentie</span> 
     </span>
     <span class='ocr_line' id='line_1_35' title="bbox 66 4371 1202 4460; baseline 0.004 -22"><span class='ocrx_word' id='word_1_254' title='bbox 66 4373 164 4440; x_wconf 90' lang='lat' dir='ltr'>nobis</span> <span class='ocrx_word' id='word_1_255' title='bbox 181 4373 372 4457; x_wconf 87' lang='lat' dir='ltr'>perdiotum</span> <span class='ocrx_word' id='word_1_256' title='bbox 390 4395 441 4438; x_wconf 89' lang='lat' dir='ltr'>ser</span> <span class='ocrx_word' id='word_1_257' title='bbox 451 4371 698 4438; x_wconf 90' lang='lat' dir='ltr'>Boniobannem</span> <span class='ocrx_word' id='word_1_258' title='bbox 709 4376 866 4458; x_wconf 77' lang='lat' dir='ltr'>exposita,</span> <span class='ocrx_word' id='word_1_259' title='bbox 882 4377 1097 4444; x_wconf 84' lang='lat' dir='ltr'>intelleximus</span> <span class='ocrx_word' id='word_1_260' title='bbox 1107 4385 1202 4460; x_wconf 87' lang='lat' dir='ltr'>grata</span> 
     </span>
     <span class='ocr_line' id='line_1_36' title="bbox 65 4479 1203 4568; baseline 0.003 -20"><span class='ocrx_word' id='word_1_261' title='bbox 65 4480 174 4548; x_wconf 82' lang='lat' dir='ltr'>valde.</span> <span class='ocrx_word' id='word_1_262' title='bbox 200 4479 441 4563; x_wconf 83' lang='lat' dir='ltr'>Oognoseentes</span> <span class='ocrx_word' id='word_1_263' title='bbox 465 4481 614 4546; x_wconf 84' lang='lat' dir='ltr'>Eandem</span> <span class='ocrx_word' id='word_1_264' title='bbox 638 4480 900 4566; x_wconf 83' lang='lat' dir='ltr'>Magnitudinem</span> <span class='ocrx_word' id='word_1_265' title='bbox 926 4485 1091 4568; x_wconf 89' lang='lat' dir='ltr'>Vestram,</span> <span class='ocrx_word' id='word_1_266' title='bbox 1117 4486 1203 4551; x_wconf 85' lang='lat' dir='ltr'>sieut</span> 
     </span>
     <span class='ocr_line' id='line_1_37' title="bbox 66 4588 1201 4678; baseline 0.004 -24"><span class='ocrx_word' id='word_1_267' title='bbox 66 4589 270 4655; x_wconf 85' lang='lat' dir='ltr'>existimatio</span> <span class='ocrx_word' id='word_1_268' title='bbox 295 4595 409 4653; x_wconf 88' lang='lat' dir='ltr'>nostra</span> <span class='ocrx_word' id='word_1_269' title='bbox 434 4588 575 4669; x_wconf 87' lang='lat' dir='ltr'>tenebat,</span> <span class='ocrx_word' id='word_1_270' title='bbox 599 4588 665 4670; x_wconf 82' lang='lat' dir='ltr'>jam</span> <span class='ocrx_word' id='word_1_271' title='bbox 690 4596 812 4655; x_wconf 86' lang='lat' dir='ltr'>eertum</span> <span class='ocrx_word' id='word_1_272' title='bbox 829 4591 1017 4678; x_wconf 88' lang='lat' dir='ltr'>dispositam</span> <span class='ocrx_word' id='word_1_273' title='bbox 1036 4616 1106 4658; x_wconf 89' lang='lat' dir='ltr'>esse</span> <span class='ocrx_word' id='word_1_274' title='bbox 1124 4592 1201 4660; x_wconf 62' lang='lat' dir='ltr'>anri*</span> 
     </span>
    </p>
   </div>
   <div class='ocr_carea' id='block_1_8' title="bbox 116 4705 1092 4772">
    <p class='ocr_par' dir='ltr' id='par_1_10' title="bbox 116 4705 1092 4772">
     <span class='ocr_line' id='line_1_38' title="bbox 116 4705 1092 4772; baseline -0.002 -14"><span class='ocrx_word' id='word_1_275' title='bbox 116 4725 178 4762; x_wconf 79' lang='lat' dir='ltr'>non.</span> <span class='ocrx_word' id='word_1_276' title='bbox 195 4724 277 4760; x_wconf 80' lang='lat' dir='ltr'>suro.</span> <span class='ocrx_word' id='word_1_277' title='bbox 292 4725 362 4761; x_wconf 82' lang='lat' dir='ltr'>ruer.</span> <span class='ocrx_word' id='word_1_278' title='bbox 380 4732 424 4744; x_wconf 89' lang='lat'>—</span> <span class='ocrx_word' id='word_1_279' title='bbox 439 4723 508 4761; x_wconf 75' lang='lat' dir='ltr'>scra</span> <span class='ocrx_word' id='word_1_280' title='bbox 523 4725 583 4760; x_wconf 84' lang='lat' dir='ltr'>sxr.</span> <span class='ocrx_word' id='word_1_281' title='bbox 600 4724 638 4759; x_wconf 82' lang='grc' dir='ltr'>ιιι.</span> <span class='ocrx_word' id='word_1_282' title='bbox 1049 4705 1092 4772; x_wconf 76' lang='lat'>40</span> 
     </span>
    </p>
   </div>
   <div class='ocr_carea' id='block_1_9' title="bbox 0 0 1612 5250">
    <p class='ocr_par' dir='ltr' id='par_1_11' title="bbox 0 0 1612 5250">
     <span class='ocr_line' id='line_1_39' title="bbox 0 0 1612 5250; baseline 0 2"><span class='ocrx_word' id='word_1_283' title='bbox 0 0 1612 5250; x_wconf 95' lang='lat' dir='ltr'> </span> 
     </span>
    </p>
   </div>
  </div>
 </body>
</html>
