3226 5258
660 353 755 417 1371.
1257 356 1274 418 7

148 534 228 601 velut
243 539 373 602 amator
390 531 505 600 Divini
521 530 674 600 Nominis
684 535 871 597 constanter
889 531 924 597 iu
940 531 1020 614 eius,
1034 537 1148 597 nostra
1163 537 1197 596 et
1212 530 1276 598 Ec·

148 643 236 710 clesie
252 642 487 709 benivolencia
501 662 721 726 perseverans,
745 640 851 706 eidem
866 639 1003 724 Regina,
1019 660 1118 724 quam
1133 640 1275 724 gerimus

146 755 177 818 in
199 751 382 818 visceribus
408 751 559 818 caritatis
584 750 668 816 sicut
691 749 794 816 filiam
821 749 1044 834 predileotam,
1069 755 1106 815 ut
1122 750 1274 834 Regnum

54 853 60 864 ⁵
145 858 250 927 Sicilie
276 858 465 944 predictum
492 861 527 924 in
551 858 688 944 pacifico
713 865 747 924 et
771 857 952 943 tranquillo
971 863 1059 924 statu
1074 863 1274 942 permoneat,

146 970 272 1052 pietatis
288 969 420 1050 iutuitu,
436 988 476 1034 ao
492 988 553 1052 pro
568 974 682 1035 nostra
707 974 740 1034 et
765 964 961 1052 Apostolice
978 965 1073 1033 Sedis
1088 966 1273 1032 reverencia

143 1077 281 1143 savorem
307 1081 400 1142 tuum
426 1074 582 1160 prebeas;
605 1075 863 1142 securissimum
888 1074 922 1140 in
948 1071 1082 1141 Christo
1098 1073 1199 1141 filium
1216 1095 1272 1140 no-

143 1191 238 1250 strum
256 1183 449 1269 Philippum
474 1183 712 1268 Imperatorem
739 1179 1138 1267 Constantinopolitanum
1155 1187 1188 1247 et
1203 1181 1272 1247 effi·

140 1291 257 1358 caciter
273 1290 447 1360 scribendo
463 1291 589 1357 hortari
602 1292 689 1374 velit,
705 1297 742 1358 ut
757 1289 921 1376 prefatam
930 1290 1093 1374 Reginam
1103 1297 1271 1376 tamquam

139 1400 313 1466 Dominam
340 1405 373 1464 et
398 1419 543 1466 sororem
559 1421 652 1466 suem
676 1396 840 1466 honorare
865 1403 898 1462 et
921 1397 1071 1477 revereri,
1094 1419 1133 1464 ac
1163 1397 1270 1464 eidem

138 1506 269 1573 obedire
286 1505 415 1589 debeat,
440 1513 478 1573 ut
502 1513 651 1590 tenetur;
674 1507 708 1573 in
724 1506 891 1590 premissis
915 1503 1026 1572 taliter
1052 1509 1085 1570 te
1109 1504 1269 1585 habendo,

137 1612 221 1697 quod
237 1635 309 1694 nos,
325 1615 429 1698 quite
446 1617 570 1680 sincere
584 1614 758 1699 diligimus,
774 1615 817 1680 ad
833 1635 881 1698 ea,
897 1635 961 1699 que
976 1613 1025 1678 tui
1042 1619 1118 1678 sunt
1134 1613 1267 1682 honoris

136 1726 167 1786 et
183 1721 355 1805 commodi,
370 1721 493 1788 reddas
508 1727 670 1806 perpetuo
686 1722 865 1805 proniores.
881 1718 1007 1786 Datum
1024 1719 1111 1805 apud
1127 1719 1266 1787 Pontem

134 1827 253 1913 Surgis
270 1827 503 1897 Arinionensis
527 1829 678 1897 Diocesis
697 1829 782 1897 XII.
798 1827 956 1896 kalendas
971 1827 1074 1910 Junii,
1090 1828 1266 1895 Pontifica-

11 1931 14 1950 '
132 1942 183 2002 tus
200 1938 307 2004 nostri
322 1959 410 2004 anno
425 1937 541 2022 primo.

457 2083 518 2144 (xl.
532 2083 656 2150 Gergely
669 2084 742 2149 papa
754 2081 941 2148 regesttibtl.)

618 2226 772 2236 *—

679 2392 709 2454 5.

1 2549 3 2553 '
125 2551 186 2619 XI.
204 2555 346 2641 Gerqely
366 2557 463 2640 pdpa
480 2552 506 2615 J.
524 2553 625 2637 Lojos
640 2574 781 2640 magyar
797 2555 831 2618 ds
845 2553 968 2640 leopyel
989 2553 1114 2640 kirdlyt
1121 2551 1262 2640 seiheri,

1 2684 2 2695 ¹
124 2664 207 2749 bogy
222 2659 381 2728 Cori-ora
398 2661 539 2726 Fereocz
560 2661 691 2746 podoni
706 2662 737 2726 e's
753 2661 855 2726 Delia
875 2661 975 2726 Scala
995 2657 1198 2748 Conpraude
1215 2681 1261 2724 ue·

123 2769 223 2834 renai
239 2765 432 2854 sejrdelmek
448 2767 528 2848 ken,
544 2791 565 2832 a
582 2767 995 2854 bekesacgsecntcrtctsdra
1011 2770 1137 2834 barson.
1154 2771 1261 2836 1371·

236 2925 421 3012 Gregorius
436 2927 619 3012 Episcopus
644 2932 706 2995 eto.
727 2926 894 2994 carissimo
908 2929 944 2994 in
959 2927 1093 2995 Christo
1108 2927 1177 2994 filio
1193 2927 1260 2994 Lu·

122 3035 240 3102 dovico
258 3035 342 3120 Regi
358 3033 507 3118 Vngarie
523 3033 643 3100 illustri
654 3035 793 3100 salutem
807 3043 867 3102 etc.
883 3034 966 3102 Cum
976 3035 1178 3121 temporibus
1194 3057 1259 3101 non

1 3129 2 3187 ἕ
120 3143 220 3228 longe
235 3145 403 3228 preteritis
419 3143 505 3209 inter
522 3142 658 3210 dilectos
683 3143 768 3212 filios
792 3143 917 3211 nobiles
933 3144 1021 3210 viros
1046 3145 1258 3211 Franciscum
1384 3145 1387 3154 '

1 3261 3 3343 J
122 3250 163 3316 de
180 3249 341 3318 Carraria
356 3251 500 3317 Militem
518 3250 712 3318 Paduanum
732 3253 766 3319 in
784 3252 953 3336 Padaeus,
969 3259 1003 3318 et
1019 3252 1257 3335 Canemsegno·

120 3359 207 3424 rium
225 3358 266 3424 de
281 3358 316 3425 la
332 3356 440 3438 Scala,
455 3357 599 3425 Militem
620 3355 843 3426 Veronensem
859 3360 892 3425 in
909 3358 1092 3429 Veronensi
1109 3357 1258 3426 Civitati-

119 3465 181 3532 bus
197 3464 399 3550 Imperiales
425 3465 587 3548 Vicarios,
612 3465 728 3534 luisset
745 3467 912 3534 discordia
928 3469 1096 3551 suscitata,
1111 3466 1146 3533 id
1163 3467 1256 3534 nobis

118 3573 404 3643 considerantibus
429 3575 526 3657 mala,
552 3595 616 3660 qne
632 3598 671 3642 ex
688 3576 779 3642 diota
805 3576 971 3642 discordia
988 3577 1079 3660 sequi
1094 3581 1257 3661 poterant,

114 3682 294 3766 presertim
311 3683 487 3749 cumidem
502 3682 699 3751 Franciscus
716 3685 760 3751 sit
774 3683 945 3750 nobiscum
963 3688 1084 3750 etcum
1102 3683 1256 3751 Romana

114 3790 272 3858 Ecclesia
297 3791 479 3875 colligatus,
506 3799 577 3858 erat
603 3793 685 3859 satis
710 3792 921 3877 implacidum
947 3799 979 3858 et
1003 3792 1175 3874 infestum
1198 3790 1255 3858 sed

114 3905 295 3984 postquam
311 3901 398 3964 inter
414 3921 478 3982 eos,
495 3907 628 3968 auctore
645 3901 727 3983 Deo,
742 3902 854 3968 extitit
869 3901 1045 3968 concordia
1064 3900 1254 3980 reformata,

115 4006 391 4092 complacentiam
408 4009 525 4076 exinde
541 4011 723 4095 recepimus
733 4009 942 4094 singularem,
952 4015 984 4076 et
994 4015 1155 4096 optamus,
1166 4011 1254 4094 quod

115 4115 205 4180 inter
220 4135 277 4181 eos
292 4114 416 4181 caritas
441 4121 475 4181 et
499 4115 723 4184 benivolencia
743 4123 982 4184 conserventur.
1007 4116 1153 4200 Ideoque
1179 4139 1252 4184 cum

115 4221 212 4288 nobis
237 4222 428 4304 innotuerit,
452 4224 540 4308 quod
563 4223 687 4308 prelati
711 4223 838 4292 nobiles
865 4222 1059 4291 Serenitatis
1091 4225 1161 4292 Tus
1187 4225 1253 4290 sint

115 4330 265 4414 precipui
281 4329 468 4414 servitores,
484 4329 689 4418 Regiumque
698 4332 938 4400 Excellenciam
948 4339 1152 4418 venerentur,
1168 4331 1252 4399 uue-

118 4455 184 4518 que
200 4435 412 4504 celsitudinis
436 4459 550 4523 preces
574 4440 662 4525 apud
678 4442 783 4509 cosin
798 4461 917 4524 magno
932 4441 1041 4526 precio
1058 4447 1091 4506 et
1105 4440 1250 4526 pondere

117 4549 327 4628 reputentur:
340 4543 577 4615 Celsitudinem
587 4551 749 4618 Eamdem
764 4571 914 4636 rogamus
929 4553 1061 4634 attente,
1078 4571 1117 4644 ac
1132 4551 1166 4620 in
1182 4551 1251 4622 Dc·
