3190 5252
586 690 659 749 228.

48 847 74 908 I.
93 849 204 932 Lajoa
221 870 363 934 mappae·
378 850 411 912 es
428 849 549 934 leagyel
575 849 754 934 kirrilyaat·
780 861 905 914 strenuo
931 873 999 913 esen
1026 851 1191 915 rcilaszra.

576 957 672 1021 1382.

167 1111 280 1180 Primo
297 1112 442 1198 qualiter
459 1113 694 1182 Serenissimus
712 1115 868 1199 Princeps
885 1115 1036 1182 dominus
1052 1116 1192 1182 Ludovi-

49 1239 106 1284 cus
124 1219 203 1285 Rex
219 1221 392 1304 Hungarie
409 1229 469 1287 etc.
486 1221 591 1306 pridie
607 1223 647 1288 de
664 1243 774 1288 mense
790 1223 964 1288 Februarii
981 1223 1191 1306 significabat

50 1325 186 1395 domino
203 1329 290 1395 Duci
306 1337 339 1395 et
356 1327 822 1398 CommunitatiVeneciarum
839 1330 951 1398 amicis
968 1333 1044 1411 suis,
1055 1351 1187 1415 quomo·

49 1433 91 1500 do
107 1437 183 1520 ipse
200 1437 408 1521 obligabatur
426 1438 557 1502 domino
568 1438 746 1504 Francisco
758 1439 797 1504 de
808 1436 926 1504 Padua
937 1441 1097 1504 communi
1108 1439 1188 1504 ami·

50 1561 87 1607 co
105 1543 144 1607 in
162 1545 405 1629 quinquaginta
422 1545 568 1612 millibus
585 1545 775 1611 ducatorum
792 1546 844 1610 uel
860 1547 958 1629 paulo
974 1545 1047 1628 plus
1059 1547 1189 1610 racione

49 1649 199 1733 ejusdem
210 1655 315 1718 mutui
326 1655 506 1734 contracti;
525 1653 594 1736 ipse
606 1675 681 1718 vero
693 1653 841 1720 dominus
852 1653 924 1718 Rex
936 1656 1091 1737 sauciare,
1101 1643 1190 1736 quod¹

49 1758 139 1824 idem
158 1761 307 1826 dominus
324 1760 503 1826 Paduanus
520 1782 560 1826 ex
584 1762 691 1844 pactis
716 1762 806 1846 pacis
833 1759 1068 1827 Communitati
1084 1760 1189 1829 Vene-

50 1866 180 1932 ciarum
197 1870 294 1934 certis
311 1870 459 1935 terminis
475 1869 600 1934 solvere
611 1869 710 1935 habet
721 1871 963 1953 quinquaginta
979 1867 1188 1933 milliaduca-

49 1979 179 2059 torum;
196 1977 270 2043 ideo
286 1979 426 2062 rogabat
442 1978 588 2062 prefatus
605 1979 755 2042 dominus
772 1977 845 2042 Rex
870 1978 975 2061 ipsam
1001 1977 1187 2042 Communi·

51 2089 156 2148 tatem
173 2085 392 2154 Veneciarum
409 2087 638 2166 amicabiliter,
656 2091 817 2169 quatenus
828 2085 942 2150 eadem
959 2083 1186 2149 Commuuitas

51 2188 91 2254 de
104 2192 274 2258 solucione
291 2194 433 2274 annuali,
449 2215 514 2277 qua
531 2215 570 2258 ex
586 2194 691 2277 pactis
709 2201 742 2258 et
767 2193 973 2258 conclusione
990 2193 1080 2275 pacis
1106 2192 1185 2256 inite

51 2297 123 2380 sibi,
141 2299 317 2366 heredibus
334 2307 367 2366 et
382 2301 619 2366 successoribus
630 2302 707 2380 suiS,
725 2321 763 2365 ac
779 2297 907 2365 Corone
923 2299 1029 2382 Regni
1049 2299 1185 2382 Hungu-

52 2405 96 2470 rie
113 2409 255 2492 singulis
272 2410 365 2474 annis
382 2409 414 2473 in
432 2409 516 2475 festo
533 2407 630 2474 Beati
641 2407 802 2491 Stephani
818 2407 920 2490 Regis
936 2407 977 2471 de
994 2428 1104 2472 mense
1116 2405 1186 2470 Au-

52 2517 148 2596 gusti,
166 2517 247 2580 etin
265 2524 454 2601 perpetuum
472 2525 595 2600 septem
610 2515 721 2582 millia.
737 2515 928 2580 ducatorum
961 2515 1085 2580 solvere
1111 2522 1186 2579 suut

52 2622 190 2707 astricti,
205 2631 328 2708 septem
346 2645 504 2690 annorum
520 2625 718 2690 solucionem
730 2622 817 2687 dicto
828 2623 958 2688 donnino
970 2623 1054 2705 Regi
1066 2621 1185 2687 lacien-

54 2724 138 2814 dam,
155 2753 218 2816 que
236 2733 269 2796 in
286 2753 412 2796 summa
428 2754 463 2798 se
480 2733 627 2797 extendit
644 2732 687 2796 ad
704 2730 928 2814 quadraginta
947 2752 1061 2796 novem
1077 2729 1182 2794 millia

54 2834 255 2920 ducatorum,
272 2839 377 2905 eidem
393 2841 535 2906 Domino
546 2839 707 2906 Paduano
723 2841 757 2904 in
773 2838 936 2903 solucione
948 2837 1070 2903 domini
1080 2837 1183 2918 Regis

52 2940 202 3014 iacienda
218 2947 385 3014 diffalcare
402 2949 533 3032 placeat
548 2969 657 3014 amore
675 2947 781 3030 Regie
798 2945 997 3030 Majestatis.
1015 2944 1071 3009 Ad
1088 2965 1184 3027 quem

54 3063 183 3132 passum
199 3056 287 3140 Regi
303 3058 350 3122 sic
365 3057 603 3141 responderunt
618 3077 677 3140 per
693 3057 825 3122 litteras
845 3054 1000 3134 bullatas,
1025 3051 1180 3116 videlicet

57 3163 140 3238 quod
156 3163 371 3229 libentissime
386 3165 654 3249 complacuissent
672 3163 760 3228 dicto
776 3164 863 3248 Regi
874 3164 906 3227 iu
918 3160 1085 3245 premissis
1102 3160 1180 3222 etin

55 3268 133 3348 tote
145 3271 201 3336 sed
211 3273 288 3355 quia
298 3272 366 3355 ipse
377 3270 538 3338 Dominus
549 3272 726 3338 Paduanus
736 3273 873 3355 primam
891 3265 1183 3354 pagampersolue-

55 3380 122 3457 rat;
138 3386 170 3444 et
186 3381 362 3446 secundam
391 3380 689 3464 pagamperipsum
701 3379 741 3444 de
751 3401 860 3444 mense
871 3377 997 3462 Aprilis
1007 3374 1102 3440 modo
1113 3397 1184 3458 pre-

57 3485 143 3549 teriti
160 3487 342 3553 faciendam
360 3489 441 3552 certi
456 3488 541 3552 cives
557 3485 774 3556 Veneciarum
791 3487 852 3552 snb
869 3486 971 3549 lirinis
987 3483 1182 3550 condicioni-

57 3583 112 3655 bus
123 3596 341 3677 promiserant
354 3603 385 3660 et
396 3596 583 3678 diviserant,
594 3616 692 3678 quarn
703 3595 823 3659 honore
834 3595 980 3676 ipsorum
992 3591 1080 3657 salvo
1091 3613 1181 3655 reuc-

57 3714 125 3762 care
141 3723 204 3767 non
222 3703 384 3784 valebant,
401 3709 434 3767 at
451 3703 490 3767 do
514 3703 575 3767 hoc
594 3701 842 3785 impossibilitas
854 3723 908 3766 eos
920 3699 1071 3764 redderet
1087 3719 1182 3762 excu-

58 3810 148 3872 satos.
166 3809 231 3875 Sed
250 3810 289 3874 de
300 3813 401 3876 tercia
412 3821 445 3874 ot
460 3810 575 3876 ultima
586 3831 680 3894 paga,
692 3831 788 3892 ‹puarn
801 3811 869 3891 ipsc
881 3807 1040 3871 Dominus
1051 3805 1181 3870 Padua-

58 3927 112 3975 nus
128 3914 214 4001 dicte
231 3915 467 3983 Oomrnunitati
487 3917 704 3985 Veneciarum
723 3917 830 3981 facero
847 3915 989 3994 haberet,
1007 3915 1039 3977 in
1056 3935 1180 3978 summa

58 4018 198 4090 videlicet
208 4027 346 4091 sedecim
359 4027 496 4090 millium
508 4037 729 4090 sexcentorum
741 4025 975 4108 sexagintasex
984 4024 1178 4087 ducatorum

61 4133 89 4190 et
103 4131 226 4199 duabus
244 4136 356 4198 terciis
372 4136 411 4198 dc
428 4135 557 4214 durate,
575 4135 678 4198 eidem
694 4133 824 4197 domiuo
842 4131 923 4212 Regi
951 4131 992 4195 ad
1018 4130 1179 4193 racionem

61 4236 222 4306 solucionis
241 4263 402 4306 annorum
421 4241 526 4307 eidem
547 4239 694 4306 iaciendo
704 4237 848 4303 volentes
865 4237 971 4304 anirno
983 4237 1084 4302 alacri
1095 4259 1178 4300 conr·

61 4340 196 4432 placere3
216 4350 283 4414 imo
300 4350 335 4414 id
351 4352 459 4434 ipsum
475 4348 656 4414 liberaliter
673 4348 869 4426 obtulerunt,
886 4353 986 4429 prout
1002 4365 1113 4409 corum
1129 4344 1180 4407 lit

60 4455 120 4521 tere
134 4461 267 4542 bullato,
284 4483 346 4544 que
358 4459 591 4540 hichabeutur,
608 4458 694 4523 claro
705 4464 880 4522 testantur.
897 4453 969 4538 Que
987 4454 1180 4519 summadu-

62 4567 192 4633 catorum
209 4589 244 4632 se
261 4567 406 4632 extendit
423 4568 464 4632 ad
482 4589 594 4642 annos,
612 4565 764 4630 videlicet
790 4573 914 4647 septem
931 4561 1068 4626 millium
1084 4563 1179 4628 duca·

98 4699 156 4744 llos.
173 4705 255 4743 nouo.
271 4705 339 4742 mer.
356 4713 398 4726 -
415 4706 483 4741 aera
498 4707 557 4742 uxr.
574 4705 614 4742 ιιι.
1026 4674 1067 4738 30
