3214 5250
629 410 722 472 raes.
1134 403 1143 416 '
1175 417 1239 481 595

106 581 204 646 cunie
223 579 312 648 vobis
328 580 464 650 fuissent
475 583 628 668 exhibite,
639 591 749 652 tamen
765 593 900 671 propter
916 586 1128 654 abolitionem
1139 590 1240 674 sigilli

105 690 296 756 earumdem
314 691 501 759 litterarum
516 699 706 760 nostrarum
721 692 827 779 ipsam
842 715 999 762 summam
1017 698 1150 780 pecunie
1176 699 1240 762 cui-

106 815 174 878 que
191 798 269 865 dare
287 801 515 884 denegassetis.
533 798 590 866 Ad
605 823 667 887 que
684 803 774 870 robis
790 803 1029 889 respondemus,
1046 804 1134 889 quod
1150 807 1240 889 ipsas

103 903 238 972 litteras
254 915 383 974 nostras
399 909 505 976 denuo
522 909 656 976 lecimus
673 910 812 996 sigillari
839 911 946 996 sigillo
973 918 1087 980 nostro
1104 915 1239 980 authen·

104 1013 176 1078 tico
203 1020 236 1079 et
249 1015 387 1096 bullari;
412 1038 451 1082 ac
475 1039 531 1084 eas
557 1019 703 1085 misimus
728 1018 924 1087 Rectoribus
952 1021 1105 1088 Civitatis
1130 1028 1240 1088 nostre

104 1119 132 1185 J
134 1121 294 1206 adrensis
308 1147 367 1208 per
383 1127 471 1210 ipsos
487 1127 578 1193 vobis
594 1129 830 1211 presentandas
847 1135 880 1196 et
896 1131 1111 1215 assignandas
1127 1130 1241 1198 habita

103 1231 270 1297 solutione
285 1236 423 1316 pecunie
434 1235 606 1320 antedicta
617 1237 804 1320 Eapropter
813 1239 1006 1321 requirimus
1022 1261 1079 1306 voe
1095 1261 1153 1326 per
1169 1263 1241 1325 pre-

105 1344 231 1419 sentes,
248 1347 284 1406 ut
299 1345 493 1425 premissam
509 1345 644 1429 pecunie
654 1366 814 1412 summam
824 1347 903 1431 ipsis
918 1346 1114 1415 Raetoribus
1129 1370 1240 1416 secure

104 1449 179 1514 rice
196 1447 321 1516 Nostra
338 1451 524 1520 Maiestatis
537 1475 678 1538 persone
695 1454 817 1521 dareet
827 1457 892 1520 suis
905 1456 1055 1522 manibus
1071 1457 1240 1541 assignare

104 1556 218 1622 uelitis
233 1558 328 1642 plene
344 1567 378 1626 et
391 1561 529 1644 integre.
546 1559 670 1627 Datum
686 1559 802 1628 Budae
819 1559 899 1629 VII.
910 1563 1028 1630 mensis
1039 1561 1241 1633 Novembris.

219 1668 322 1734 Kiotll
339 1694 350 1733 :
367 1668 483 1736 Nobili
500 1676 533 1736 ot
549 1669 691 1754 sapienti
708 1668 776 1736 viro
792 1668 939 1736 Johanni
964 1669 1134 1739 Plumaoio
1150 1671 1240 1740 Nun-

103 1772 157 1837 cio
176 1777 208 1838 et
225 1778 432 1856 procuratori
449 1777 670 1844 Illustrissimi
688 1777 834 1845 Dominii
845 1777 1048 1846 Venetorum
1065 1780 1158 1846 nobis
1169 1780 1238 1863 plu·

105 1903 229 1947 rrmum
247 1904 333 1949 caro.

102 2027 139 2086 (Δ
157 2027 262 2077 »Liber
275 2031 440 2082 Paetorum«
456 2033 546 2084 ezimtt
559 2034 698 2086 velenczei
711 2033 891 2098 allsmkonyv
904 2033 951 2084 vl.
972 2033 1115 2083 kiltetebtll
1129 2036 1190 2083 274.
1211 2033 1241 2093 l.)

109 2481 248 2546 Venerio
275 2482 378 2546 Antol
411 2483 564 2547 velenrzri
589 2457 729 2571 doqeaele
754 2485 868 2550 Jodra
893 2489 988 2550 varos
1014 2485 1237 2572 elilljcirrtanpa.

623 2595 718 2659 1385.

217 2749 363 2816 Illustris
380 2756 413 2816 et
428 2751 566 2818 Excelsa
586 2749 737 2818 Domine.
763 2752 960 2819 Celsitudini
985 2753 1106 2823 Vestra
1134 2752 1238 2820 notifi-

104 2880 230 2940 camus,
246 2859 335 2943 quod
351 2860 602 2944 circumspectus
619 2861 670 2927 vir
686 2883 739 2926 ser
753 2861 923 2928 Iohannes
933 2862 1102 2928 Plumncio
1119 2859 1159 2928 de
1176 2861 1240 2930 Ve-

20 3017 25 3022 .
103 2967 215 3046 netiis,
232 2968 289 3047 qui
306 2988 364 3050 pro
379 2975 493 3052 parter
509 2967 623 3036 Vestri
640 2968 761 3052 Inclyti
778 2970 925 3036 Dominii
943 2968 1238 3053 portavitJadram

104 3074 246 3162 ducatos
258 3082 382 3159 septem
397 3075 501 3142 millia
517 3078 591 3143 auri
613 3099 673 3161 pro
699 3077 861 3144 solutione
886 3078 980 3142 unius
1006 3077 1084 3142 anni
1108 3077 1239 3144 debitos

103 3183 212 3266 Regie
229 3183 399 3249 Maiestati
415 3185 586 3267 Huugarie
604 3187 778 3251 secuudum
797 3185 937 3252 formam
954 3185 1066 3251 ultime
1083 3185 1172 3268 pacis
1188 3184 1240 3250 fir-

103 3298 196 3358 mate
211 3293 297 3357 inter
307 3290 469 3375 prefatam
479 3291 614 3358 Sacram
624 3292 765 3377 Regiam
779 3295 990 3378 lllajestatem
1007 3292 1180 3374 Hungarie
1198 3315 1238 3360 ex

103 3405 294 3482 unaparte,
310 3405 397 3464 etex
413 3401 520 3465 altera
538 3401 732 3494 premissum
751 3401 916 3486 Inclytum
935 3400 1124 3466 Dominium
1143 3397 1240 3466 Vest-

104 3529 197 3588 rum;
222 3512 254 3572 et
271 3528 366 3590 quem
382 3507 594 3574 laudabiliter
610 3508 785 3575 sollicitum
804 3515 836 3574 et
852 3515 1014 3576 attentum
1030 3508 1116 3573 eirca
1137 3509 1239 3591 ipsius

103 3615 349 3700 expeditionem
366 3616 577 3681 recomissum
594 3617 764 3684 habuimus
781 3638 879 3701 prece
911 3622 1020 3684 restra
1051 3617 1165 3681 statim
1181 3613 1238 3680 ha·

103 3723 180 3788 bita
207 3728 238 3787 et
264 3731 396 3806 recepta
427 3724 631 3807 expeditoria
663 3723 874 3791 serenissime
899 3731 932 3790 et
957 3721 1239 3789 Excellentissime

104 3830 275 3914 Principis
292 3838 324 3895 et
339 3832 480 3896 Domine
498 3839 608 3900 nostre
625 3831 799 3898 Naturalis
815 3831 1062 3899 domineMarie
1079 3829 1144 3895 Dei
1160 3852 1236 3913 gra·
1349 3897 1351 3903 ,
1387 3815 1391 3818 ’

104 3941 157 4004 cia
184 3938 411 4006 Illustrissimc
435 3940 560 4025 Regina
588 3942 786 4026 Hungaries,
801 3942 980 4024 Dalmacie,
1007 3939 1149 4006 Obroate
1175 3945 1233 4004 etc.

103 4047 213 4131 sigillo
230 4049 360 4112 notorio
377 4055 410 4113 et
435 4050 605 4114 authentio
632 4048 717 4116 dicte
742 4049 882 4116 Domine
907 4054 1019 4114 nostre
1045 4047 1181 4128 munita,
1207 4041 1250 4109 et'

104 4155 189 4221 data
205 4157 238 4220 in
255 4153 336 4222 Alto
354 4155 475 4223 Castro
495 4156 760 4240 Vissegradiensi
781 4155 920 4226 XVIII.
946 4157 999 4222 die
1025 4153 1142 4219 mensis
1169 4148 1239 4216 Au-

103 4267 193 4348 gusti
210 4287 294 4331 anno
311 4265 444 4332 Domini
461 4264 778 4338 MOOOLXXXV.
796 4289 835 4332 ex
853 4271 1007 4353 precepto
1032 4261 1233 4329 litteratorio

103 4372 252 4457 ejusdem
268 4371 397 4439 domine
414 4381 524 4439 nostre
537 4374 663 4457 Regina
679 4373 776 4440 solvit
792 4375 885 4440 nobis
895 4372 1001 4438 dictos
1018 4370 1153 4435 ducatos
1170 4387 1239 4450 sep·

104 4485 172 4544 tem
190 4479 293 4545 millia
309 4471 380 4548 auri
398 4488 567 4548 contentos
584 4487 618 4547 et
633 4483 816 4549 nominatos
825 4483 859 4548 in
869 4481 1019 4566 predicta
1035 4474 1238 4561 expeditoria

104 4587 278 4672 Reginalis
294 4589 491 4674 Majestatis.
507 4589 597 4674 Quos
614 4591 747 4658 ducatos
764 4598 887 4676 septem
913 4590 1016 4656 millia
1032 4589 1103 4654 auri
1120 4586 1153 4650 in
1171 4603 1241 4654 ma·

1071 4700 1132 4766 30¹*
