3190 5252
769 347 1001 399 ouuutouruozruu
1020 337 1186 395 reuudzuau.

944 639 1018 700 244.

413 802 464 866 Dc
480 799 648 866 Cerennio
672 798 800 886 Roscia
828 799 980 863 veleuuczei
1005 799 1264 864 kcuczellctrnak
1283 796 1522 884 mephatolurozo'
1568 780 1573 790 ’

412 909 515 987 1(υ(1(,
531 910 612 995 impp
628 908 820 971 teuzomtrva
847 929 868 970 a
895 929 1036 992 mappae
1052 905 1411 989 korona'nakfizeleudll
1426 906 1520 967 lidron

412 1015 464 1080 toi
479 1015 563 1096 adol,
581 1039 601 1078 α
618 1013 773 1078 velenczei
789 1013 1000 1101 kdztdrsasdp
1017 1015 1049 1078 ds
1066 1013 1234 1080 Carrarai
1254 1014 1394 1078 Ferencz
1409 1009 1524 1098 paduini

493 1122 668 1211 fejedelem
686 1122 770 1188 lusui
785 1122 941 1208 ado'ssdpi
958 1123 1098 1206 oiszonyt
1116 1123 1325 1188 reudezbesue.
1352 1124 1441 1188 1382.

441 1261 456 1276 “
520 1281 561 1348 Iu
577 1279 702 1348 Christi
713 1282 843 1347 nomino
860 1279 979 1348 Amen.
993 1281 1094 1348 Anno
1105 1281 1298 1348 Natiuitatis
1309 1259 1452 1346 eiusdem
1468 1277 1525 1342 mil·

411 1391 524 1458 lesimo
548 1391 777 1456 trecentesimo
802 1391 1025 1472 octuagesimo
1051 1389 1200 1470 secundo,
1225 1390 1401 1455 indictione
1416 1387 1525 1470 quinta,

413 1499 465 1565 die
483 1504 575 1565 sexto
593 1497 717 1565 decimo
742 1499 861 1563 mensis
877 1497 970 1584 Maij.
998 1498 1154 1564 Excelsus
1170 1504 1203 1563 et
1218 1497 1364 1563 Dlustris
1384 1496 1525 1562 Dominus

412 1605 560 1672 dominus
579 1607 730 1673 Andreas
748 1603 935 1672 contareno
952 1605 1016 1671 Dei
1033 1607 1141 1688 gratio
1156 1605 1233 1670 Dux
1249 1604 1459 1672 Veueciarum
1474 1609 1523 1668 etc.

411 1736 549 1780 unacum
565 1715 633 1780 suis
650 1714 804 1798 Consilijs
820 1713 996 1795 Minoum,
1012 1714 1225 1798 Rogatorum,
1241 1712 1308 1778 XL
1326 1721 1358 1778 ct
1374 1712 1474 1776 Zoutc
1488 1707 1524 1772 ad

412 1815 624 1906 infrascripta
648 1824 757 1887 omnia
782 1828 815 1887 et
840 1821 972 1904 singula
997 1829 1029 1886 et
1053 1823 1121 1886 alia
1146 1822 1329 1886 exercenda
1353 1819 1521 1904 specialiter

413 1928 584 2013 deputatis,
595 1935 628 1994 et
638 1929 680 1994 ad
697 1951 810 1996 sonum
827 1951 984 2014 campane
1001 1935 1035 1994 et
1050 1951 1127 1994 voce
1142 1930 1296 2013 preconia
1311 1928 1430 1992 uocatis
1446 1945 1522 1990 more

413 2036 511 2102 solito
538 2043 571 2101 et
595 2037 821 2121 cougregatis3
845 2038 965 2122 etipsa
992 2037 1139 2104 Consilia
1155 2058 1220 2102 una
1237 2059 1309 2101 cum
1325 2037 1395 2120 ipso
1411 2033 1525 2098 domiuo

412 2144 506 2210 Duce
521 2145 721 2210 unanimiter
737 2150 769 2209 et
785 2132 991 2210 concorditer
1016 2145 1143 2210 nemine
1160 2145 1365 2228 discrepante
1382 2163 1437 2227 pro
1453 2164 1483 2206 se
1497 2147 1522 2203 el

413 2254 652 2319 successoribus
668 2253 743 2336 suis,
750 2273 791 2317 ac
801 2253 930 2318 nomine
941 2256 974 2317 et
985 2253 1050 2318 uice
1065 2250 1254 2320 Communis
1269 2252 1487 2330 Veueciarum,
1496 2254 1521 2310 et
1583 2265 1584 2316 1

413 2362 562 2426 omnibus
579 2361 691 2441 modis,
703 2361 785 2443 jure,
802 2359 908 2426 forma
924 2367 958 2426 et
973 2381 1072 2426 causa
1087 2362 1205 2444 quibus
1221 2361 1335 2427 melius
1350 2362 1519 2444 potueruut,

412 2469 568 2552 fecerunt,
579 2470 818 2535 constituerunt
828 2479 861 2534 et
872 2469 1105 2536 ordinaverunt
1115 2491 1209 2536 suum
1220 2475 1252 2534 et
1262 2470 1339 2534 dicti
1353 2465 1521 2536 Communis
1582 2501 1584 2546 3

413 2577 628 2645 checiarum
655 2575 831 2656 Siudicum,
858 2576 1024 2660 Actorem,
1050 2585 1304 2661 procuratorem,
1330 2582 1363 2640 et
1394 2573 1522 2659 negocio·
1582 2603 1584 2670 ζ

412 2708 483 2752 rum
501 2692 662 2770 gestorem
679 2691 711 2750 et
728 2683 891 2750 Nuuoium
908 2683 1099 2770 specialem,
1116 2691 1149 2750 et
1166 2685 1303 2768 quiquid
1319 2685 1455 2768 amplius
1470 2681 1521 2745 dici
1582 2681 1583 2694 ¹

412 2800 528 2879 potest,
559 2793 713 2860 Nobilem
738 2799 770 2858 et
796 2793 975 2876 sapientem
1002 2793 1105 2858 uirum
1130 2792 1297 2858 dominum
1322 2793 1521 2878 Raphayuuur
1582 2843 1583 2846 ,

412 2903 452 2968 de
463 2900 629 2967 Caresinis
640 2901 879 2967 Cancellauium
893 2902 1053 2985 Veneciis,
1069 2902 1235 2968 absentem
1245 2901 1331 2966 uelut
1349 2907 1521 2986 presentem,
1581 2913 1583 2918 ’

413 3012 447 3076 in
462 3010 612 3077 omnibus
629 3031 740 3074 eorum
757 3016 791 3075 et
806 3010 885 3074 dicti
902 3008 1091 3076 Communis
1107 3010 1326 3078 Veueciarum
1344 3011 1457 3090 causis,
1470 3006 1521 3072 liti·
1580 3075 1582 3098 j

410 3119 480 3199 bus,
497 3118 726 3202 controuersijs
743 3123 776 3181 et
792 3117 932 3200 querelis
943 3117 1092 3183 civilibus
1109 3139 1148 3183 ac
1162 3119 1394 3200 criminalibus,
1411 3135 1521 3200 preseu-
1580 3113 1582 3170 l

412 3227 500 3290 tibus
517 3233 551 3291 et
567 3225 695 3290 futuris.
722 3226 767 3290 Et
783 3225 970 3308 specialiter
987 3227 1028 3292 ad
1046 3225 1229 3292 faciendum
1249 3225 1355 3305 finem,
1371 3221 1522 3310 quietudo
1580 3211 1582 3232 '

414 3357 497 3418 uem,
512 3334 740 3399 liberationem
757 3339 790 3400 ct
807 3341 938 3418 pactum
954 3337 994 3402 de
1011 3337 1149 3419 eurrplius
1166 3358 1228 3400 uon
1245 3337 1396 3420 petendo,
1415 3329 1521 3413 Magei-
1579 3311 1581 3326 ⁴

413 3443 472 3510 fico
489 3449 522 3508 et
538 3442 662 3525 potenti
675 3442 804 3507 domino
823 3443 997 3507 Francisco
1015 3443 1054 3507 ‹le
1072 3442 1238 3524 Carraria,
1257 3440 1411 3507 Ciuitatis
1426 3437 1520 3506 Padus
1579 3481 1581 3530 l

412 3560 445 3619 et
460 3551 641 3617 Districtus
658 3550 830 3634 Imperiali
846 3549 980 3618 Vicario
997 3549 1153 3616 Geucuoli
1170 3557 1203 3616 ot
1220 3549 1394 3616 Communi
1418 3546 1521 3619 Padus,
1578 3619 1580 3630 A

412 3681 468 3726 seu
486 3661 693 3743 procuratori
705 3667 739 3725 et
749 3659 874 3724 sindico
890 3661 1009 3743 prefati
1027 3660 1158 3726 Domini
1170 3666 1203 3726 et
1220 3658 1410 3725 Communis
1426 3653 1519 3722 Padus
1579 3655 1580 3660 ’

412 3767 591 3834 deducatis
608 3765 722 3834 Χ1ῙΙΜ
744 3765 814 3834 VIC
833 3766 954 3838 LXVI
971 3768 1042 3834 auri
1053 3774 1085 3832 et
1097 3767 1342 3852 duabuslercijs
1354 3767 1394 3832 de
1411 3766 1518 3830 ducato,
1578 3745 1580 3830 l

413 3897 494 3960 quos
511 3872 660 3960 prefatus
671 3874 831 3940 Dominus
841 3882 875 3941 ct
885 3873 1064 3941 Commune
1075 3875 1190 3942 Padue
1207 3882 1361 3941 tenentur
1377 3871 1517 3958 prelibato
1578 3921 1579 3966 3

411 3985 543 4050 domino
553 3983 639 4049 Duci
649 3990 682 4049 et
693 3981 864 4050 Communi
875 3983 1093 4052 Veneoiarum
1103 4005 1163 4067 pro
1174 3984 1276 4050 tercia
1285 3990 1318 4049 et
1327 3983 1441 4049 ultima
1449 3993 1518 4064 paga

412 4095 509 4159 unius
525 4093 627 4159 debiti
642 4093 836 4159 ducatorum
853 4095 882 4160 Iu
898 4093 1030 4159 milibus
1046 4093 1127 4177 auri,
1143 4093 1176 4157 in
1194 4114 1258 4175 quo
1274 4092 1362 4157 idem
1383 4086 1517 4155 Dominus
1576 4079 1579 4166 l

412 4208 445 4268 et
455 4203 632 4267 Commune
643 4200 757 4269 Padue
768 4202 964 4269 tenebantur
974 4201 1103 4286 prefato
1114 4200 1244 4266 domiuo
1255 4199 1340 4266 Duci
1351 4197 1516 4264 etCommu·
1577 4209 1578 4264 l

412 4312 444 4376 ui
460 4311 676 4382 Veneciarum
686 4315 796 4398 uigore
806 4315 900 4379 unius
910 4313 1068 4378 sententie
1078 4312 1144 4378 late
1160 4333 1217 4395 per
1233 4311 1401 4376 Illustucm
1410 4302 1516 4372 Princi·
1577 4327 1578 4358 ;

412 4442 485 4504 pem
502 4420 669 4486 dominum
686 4419 869 4496 Amadeum
886 4423 1049 4488 Comitem
1075 4418 1240 4487 sabaudie
1257 4427 1318 4485 etc.
1334 4425 1366 4483 et
1380 4410 1516 4498 Egregios
1576 4451 1578 4466 s

413 4529 499 4594 uiros
525 4527 671 4596 dominos
697 4530 905 4598 Leouardum
931 4531 971 4596 de
996 4527 1179 4595 Montealto
1195 4528 1322 4611 Legum
1353 4525 1515 4590 Doctoresst
