3172 5254
591 403 685 470 1379.
1145 384 1206 472 ns

87 581 163 647 salis.
180 577 410 668 Subjunximus
442 583 551 664 etiam,
568 583 658 667 quod
675 584 702 648 si
718 585 813 650 nobis
830 587 1091 669 exprimerentur
1110 607 1207 652 cause

1 721 2 744 1
85 691 152 756 telis
168 691 372 774 turbationis
396 690 471 756 illas
488 691 532 756 ad
549 691 672 756 nullam
689 692 841 778 iujuriam
858 693 1068 777 haberemus3
1094 694 1207 760 rideli-

1 777 2 822 1
86 805 132 862 cet
155 801 260 882 potius
276 800 319 864 ad
337 801 478 883 gratiam
495 806 527 864 et
543 799 801 865 benevolentiam
818 800 1019 884 condignam.
1042 797 1207 868 Credeba-

1 907 2 918 ’
86 929 149 971 mus
164 909 294 991 insuper
310 913 345 972 et
360 907 496 972 tirmiter
521 907 710 973 tenebamus
727 929 787 992 pru
804 909 923 994 majori
943 911 1066 976 honore
1083 911 1204 976 domini

84 1009 171 1099 Regis
182 1021 214 1081 et
223 1015 330 1099 Regni
343 1017 401 1098 sui,
411 1021 510 1098 atque
520 1017 728 1082 Baronorum
740 1015 825 1102 (tgy)
838 1039 979 1100 suorum,
994 1039 1054 1102 pro
1066 1040 1203 1103 quorum

1 1105 2 1110 ἵ
87 1121 205 1206 honore,
219 1129 256 1188 ut
274 1122 473 1208 sepedictum
490 1121 606 1204 fuerat,
621 1125 814 1190 Dominatio
835 1123 957 1192 Vestra
972 1127 1110 1192 miserat
1126 1127 1207 1193 Am·

1 1304 2 1322 ,
83 1231 229 1298 basiatam
245 1253 349 1314 suam,
376 1237 409 1297 et
435 1239 472 1297 ut
503 1254 700 1317 unaqueque
720 1235 862 1318 partium
875 1235 997 1319 justius
1012 1235 1205 1321 procederet

83 1341 111 1403 in
125 1347 276 1422 tractatu,
293 1340 381 1424 quod
406 1346 568 1406 tractatus
593 1342 682 1426 pacis
707 1343 816 1425 potius
839 1349 1004 1408 teneretur
1020 1350 1053 1408 et
1068 1350 1154 1409 esset
1170 1346 1204 1408 in

82 1446 169 1514 Curia
194 1449 318 1514 domini
343 1448 456 1532 Regis,
482 1469 580 1531 quam
596 1449 630 1513 in
646 1450 796 1533 partibus
812 1451 935 1516 alienis.
969 1449 1202 1518 Continuando

81 1557 153 1637 quod
171 1556 291 1622 bonum
307 1563 388 1638 erat,
404 1561 441 1622 ut
457 1559 717 1642 exprimerentur
741 1580 837 1624 cause
858 1560 1056 1626 turbationis
1082 1559 1202 1645 Regie,

81 1663 263 1732 deducentes
291 1668 324 1732 io
351 1669 532 1750 exemplum
560 1668 691 1733 modum
719 1676 881 1733 servatum
899 1671 932 1734 in
948 1675 1095 1736 tractatu
1111 1673 1204 1755 pacis

78 1781 160 1856 pacta
175 1777 207 1841 in
222 1775 343 1858 Jadra,
368 1777 400 1840 in
426 1797 489 1859 quo
507 1778 618 1841 statim
635 1777 704 1842 sine
721 1775 914 1844 difficultate
932 1785 965 1843 et
982 1777 1201 1845 altercatione

80 1881 178 1964 aliqua
193 1905 347 1969 expresse
364 1883 497 1950 fuerunt
513 1906 617 1962 cause,
633 1884 751 1968 quibus
767 1887 926 1969 expressis
943 1887 1054 1951 statim
1071 1905 1202 1970 proces·

80 2011 138 2056 sum
163 1991 223 2058 luit
248 1994 283 2057 in
311 2013 412 2058 eausa
436 1998 470 2057 et
496 1993 683 2060 conclusum
699 1995 734 2058 in
749 2016 839 2078 paee.
865 1993 935 2079 Ipsi
951 1999 1059 2060 autem
1077 1992 1203 2059 domini

80 2099 245 2165 Auditores
263 2099 426 2180 dixerunt,
452 2101 539 2184 quod
555 2101 582 2166 si
598 2103 685 2167 bona
701 2102 784 2167 hora
800 2108 833 2168 et
850 2101 960 2167 debito
976 2108 1121 2186 tempore
1147 2122 1200 2167 vo·

79 2206 239 2273 luissemns
273 2210 407 2274 scivisse
432 2229 564 2274 causam
589 2210 642 2275 rel
667 2232 781 2275 causas
798 2210 994 2277 turbationis
1010 2209 1125 2295 Regia,
1143 2211 1198 2276 ille

78 2315 146 2380 bene
169 2317 311 2383 fuissent
326 2317 419 2384 nobis
436 2317 539 2400 dicte3
559 2319 617 2384 sed
642 2341 726 2384 nunc
751 2319 900 2384 dominus
920 2318 994 2384 Rex
1026 2319 1199 2402 colligatus

78 2433 147 2506 erat,
162 2449 198 2492 ac
215 2427 397 2512 reputabat
429 2427 604 2512 colligatus
621 2429 654 2492 in
671 2429 784 2510 socios,
801 2434 834 2494 et
850 2449 979 2496 causam
992 2450 1082 2494 suam
1099 2431 1201 2493 inter·

75 2522 199 2602 cedebat
224 2543 258 2602 et
285 2535 444 2602 miscebat
460 2558 530 2600 curn
548 2557 645 2602 causa
663 2525 890 2620 predictorum.
917 2533 1000 2601 Cum
1017 2537 1134 2621 quibus
1150 2543 1198 2600 ta·

78 2663 141 2708 men
165 2647 233 2729 ipse
259 2643 411 2710 dominus
438 2643 510 2710 Rex
535 2665 600 2710 non
624 2645 754 2710 fecisset
778 2645 890 2729 ligam,
907 2645 933 2709 si
950 2646 1110 2728 potuisset
1126 2667 1198 2710 curn

77 2748 200 2832 pedibus
227 2754 393 2836 equitasse
416 2751 575 2820 Venetiae
592 2775 598 2832 3
616 2751 671 2817 sed
697 2751 800 2819 voluit
824 2750 925 2836 ligem
950 2775 1022 2816 cum
1039 2753 1139 2835 illum,
1161 2759 1198 2818 ut

77 2861 168 2938 possit
193 2859 359 2942 stringere
384 2881 443 2925 nos
468 2881 527 2943 per
552 2881 650 2925 mare.
683 2858 739 2923 Ad
756 2879 819 2940 que
840 2859 1065 2942 respondimus
1080 2865 1118 2924 ut
1134 2881 1193 2944 pro

77 2962 186 3033 honore
211 2967 329 3034 Vestri
354 2967 509 3052 Dominij,
535 2971 568 3032 et
592 2969 833 3034 conservatione
861 2968 982 3053 jurium
1013 2973 1196 3033 uestrorum

77 3075 158 3140 nobis
175 3077 334 3161 apparuit
349 3077 529 3142 convenire.
561 3075 625 3141 Die
651 3097 727 3141 sero
745 3075 847 3144 XVI.
861 3076 956 3160 Junij
974 3077 1007 3139 in
1023 3097 1126 3158 mane,
1143 3075 1198 3140 ‹lo-

78 3185 170 3249 ninus
188 3183 376 3269 Episcopus
392 3183 579 3250 Jauriensis
599 3183 688 3248 venit
704 3185 751 3248 ad
764 3182 928 3249 dominum
944 3181 1149 3265 Generalem,
1166 3190 1199 3248 et

78 3299 292 3373 perscrutatus
311 3292 502 3372 estabi110,
520 3293 547 3357 si
563 3291 733 3372 sentiebat,
760 3291 846 3374 quod
869 3291 1060 3356 Dominatio
1076 3287 1198 3358 Vestra

77 3399 201 3466 haberet
217 3401 321 3487 ligam
339 3424 410 3467 cum
427 3402 558 3467 domina
583 3399 713 3484 Regina
729 3399 999 3497 Neapolisqipse
1016 3405 1124 3464 autem
1143 3398 1198 3463 do-

77 3508 169 3575 ninus
186 3507 365 3576 Generalis
383 3508 473 3589 dixit,
490 3532 523 3574 se
540 3509 672 3574 nescire.
706 3507 799 3573 Tunc
816 3507 922 3572 dictus
938 3507 1086 3572 dominus
1104 3507 1198 3590 Epis·

77 3637 164 3700 copus
187 3619 329 3702 rogavit
354 3620 441 3703 quod
466 3619 602 3688 sentiret
626 3617 765 3697 anobis,
789 3613 867 3698 quid
883 3622 969 3680 esset
985 3611 1024 3679 de
1040 3613 1110 3680 hoc.
1127 3611 1197 3679 Nos

72 3707 172 3791 'autem
189 3727 328 3792 lecimus
354 3725 417 3793 dici
442 3747 499 3810 per
524 3726 690 3792 dominum
712 3722 915 3802 Generalem,
931 3722 1017 3806 quod
1034 3728 1196 3788 tractatus

77 3831 172 3900 luerat
187 3835 227 3901 de
245 3835 336 3900 dieta
359 3834 438 3918 liga,
463 3841 496 3900 et
522 3833 608 3918 quod
629 3833 687 3899 illa
703 3833 815 3898 stabat
831 3836 864 3896 in
882 3831 1019 3897 arbitrio
1037 3831 1192 3897 Domina-

76 3941 163 4008 tionis
186 3945 319 4013 Vestra.
350 3942 510 4034 Equidem
536 3943 745 4008 heoieoimus
777 3941 851 4020 dici,
883 3941 1099 4005 secretissime
1128 3959 1196 4005 esse

11 4103 14 4110 .
77 4045 177 4118 habita
194 4077 214 4119 a
232 4053 329 4120 nobis
345 4074 404 4136 per
419 4055 525 4137 ipsum
542 4051 709 4118 dominum
719 4048 993 4132 Generalem,pro
1004 4048 1089 4114 bono
1100 4069 1196 4132 agen·

78 4153 180 4226 dorum
196 4163 446 4229 commissorum
462 4160 563 4226 nobis.
579 4157 720 4243 Insuper
739 4159 829 4223 dicta
847 4159 899 4223 die
915 4155 940 4220 J
941 4155 1008 4222 ovis
1025 4153 1124 4224 XVI.
1140 4157 1193 4222 ha-

77 4263 190 4334 buimus
217 4269 375 4335 articulos
401 4267 601 4352 subscriptos
618 4269 653 4332 in
669 4268 720 4332 his
736 4267 856 4332 litteris
873 4286 893 4329 a
908 4262 1194 4329 Reverendissimo

78 4373 193 4442 domino
210 4377 378 4458 Generali,
399 4399 480 4460 quos
507 4375 585 4442 dicit
605 4375 757 4441 habuisse
773 4396 794 4440 a
810 4373 936 4440 duobus
954 4395 991 4436 ex
1009 4370 1191 4436 minoribus

79 4477 202 4569 Consilij
220 4485 344 4551 domini
361 4483 471 4568 Regis,
487 4491 521 4548 et
538 4505 619 4568 quos
636 4483 718 4548 bene
733 4477 1193 4547 underenerintarbitramur.

173 4591 279 4681 Super
303 4593 383 4678 ipsis
409 4597 517 4657 autem
543 4590 691 4658 articulis
717 4588 806 4655 dieta
832 4589 883 4654 die
899 4587 1017 4653 fuimus
1048 4609 1120 4652 curn
1138 4588 1194 4658 do·
