3248 5242
451 362 515 424 700
806 375 1043 424 nrrnouoczuu
1059 362 1225 422 amsans.

449 536 703 620 exceptionibus
713 536 905 620 priuilegija
915 536 1134 620 prerogatiuis
1151 541 1185 600 et
1201 535 1318 618 gratijs
1333 531 1466 598 ubilibet
1480 532 1547 597 dece

451 655 523 712 tero
540 645 712 732 potiamini
728 652 758 710 et
771 645 952 730 gaudeatis,
968 643 1086 728 quibus
1102 643 1159 728 alij
1171 644 1259 728 Banj
1277 643 1432 707 dictorem
1448 643 1550 726 Regno·

453 776 535 834 rum,
552 756 607 840 qui
632 755 764 820 fuerunt
789 774 849 836 pro
874 759 1029 837 tempore,
1044 753 1138 836 potiti
1155 757 1188 818 et
1204 752 1308 834 ganisi
1327 752 1477 816 hactenus
1490 750 1549 814 exti-

451 867 573 928 terunt.
590 859 753 947 Quocirca
769 860 922 926 fidelitati
947 868 1052 926 vestre
1079 860 1284 944 precipimus,
1311 865 1468 942 quatenus
1489 881 1549 923 onus

451 970 632 1055 predictum
658 969 795 1053 ylariter
820 972 855 1032 et
877 968 1057 1034 liberaliter
1083 974 1295 1048 assumentes,
1313 967 1422 1032 omnia
1445 989 1501 1049 quc
1525 967 1554 1031 ad

452 1078 575 1144 dictum
584 1079 751 1144 Banatum
763 1083 911 1160 spectant
927 1083 959 1142 et
968 1079 1146 1161 pertinent,
1163 1077 1205 1142 ad
1221 1076 1376 1142 honorem
1393 1081 1426 1140 et
1442 1075 1551 1139 fidelita

454 1193 519 1252 tom
544 1193 692 1252 nostram
719 1186 765 1250 sio
788 1186 909 1250 curetis
934 1184 1076 1250 fideliter
1101 1193 1133 1250 et
1159 1186 1333 1270 vigilanter
1350 1185 1471 1269 exequi,
1485 1182 1552 1266 quod
1591 1211 1592 1226 ¹

451 1315 510 1379 per
526 1295 643 1359 merita
659 1294 814 1374 gestionis
839 1300 945 1359 vestre
970 1293 1143 1360 laudabilis
1169 1300 1311 1358 stactus
1333 1292 1469 1377 probate
1483 1311 1556 1374 expe·

453 1401 568 1466 rientie
584 1401 625 1466 ed
640 1403 766 1466 maiora
789 1402 921 1486 possitis
946 1423 1006 1486 per
1022 1403 1178 1469 Nostram
1201 1401 1437 1467 Excellentiam
1452 1421 1555 1485 promo

453 1509 532 1593 uerj.
548 1508 617 1572 Nos
633 1509 718 1574 enim
743 1509 901 1575 uniuersis
927 1515 958 1574 et
975 1509 1110 1592 singulis
1127 1507 1326 1576 Castellanis
1343 1510 1413 1576 siue
1430 1507 1556 1575 Custodi·

454 1616 516 1682 bus
532 1637 797 1700 quorumcunque
813 1623 1005 1698 castrorum,
1021 1618 1214 1702 oppidorum
1231 1625 1264 1685 et
1280 1616 1556 1684 fortelliciorumod

456 1724 624 1790 Banatum
650 1726 754 1809 ipsum
782 1728 1010 1810 spectantium,
1032 1749 1155 1792 necnon
1181 1725 1372 1808 Comitibus‚
1390 1725 1560 1805 Beronibus,

455 1833 606 1918 Vicarijs,
623 1833 831 1914 Rectoribus,
849 1834 988 1916 Baiulis,
1014 1833 1197 1918 lodicibus,
1213 1835 1237 1902 J
1241 1837 1353 1914 oratis,
1372 1833 1559 1911 officialibus,

458 1940 762 2025 Communitatibus,
779 1942 963 2010 hominibus
980 1950 1012 2009 et
1027 1945 1174 2028 personis
1200 1945 1274 2029 alijs
1291 1963 1351 2028 per
1366 1943 1455 2010 diota
1468 1943 1561 2030 Regna

456 2050 626 2116 Dalmatis
643 2056 675 2116 et
701 2048 834 2116 Oroatis
859 2053 1045 2118 constitutis
1065 2050 1270 2136 presentibus
1286 2058 1320 2116 et
1336 2051 1457 2118 futuris
1471 2051 1562 2118 domus

456 2159 567 2243 vigore
593 2159 791 2244 presentium
807 2165 840 2225 et
854 2181 913 2244 per
937 2159 1020 2226 alias
1049 2167 1179 2226 nostras
1207 2161 1339 2226 lieteras
1356 2160 1562 2244 expressiusin

458 2266 630 2348 mandatis,
648 2267 736 2350 quod
762 2268 841 2336 dicti
859 2264 1036 2353 Castellanj
1064 2291 1120 2334 seu
1137 2266 1301 2334 Custodes
1317 2268 1409 2335 vobis
1425 2277 1564 2352 tamqmn

459 2373 562 2441 Bonis
588 2375 779 2458 Regnorum
807 2374 1028 2459 predictorum
1053 2376 1103 2442 vel
1129 2377 1184 2462 alij
1202 2379 1301 2442 vestri
1325 2379 1565 2454 nominemus.

463 2480 584 2567 oppida
601 2489 634 2548 et
652 2481 827 2548 fortellioia
852 2481 1009 2568 predicta,
1035 2505 1097 2568 que
1122 2489 1243 2564 tenent,
1268 2485 1437 2567 assignare
1452 2485 1566 2554 debeant

458 2589 602 2657 tenenda
614 2596 648 2656 et
665 2591 877 2658 custodienda
886 2614 944 2677 per
955 2614 1021 2675 vos,
1037 2599 1137 2676 prout
1157 2592 1200 2658 ad
1216 2591 1382 2658 Banatum
1398 2595 1504 2677 ipsum
1515 2615 1568 2678 per-

462 2702 555 2784 tinet,
571 2703 735 2786 oeterique
750 2701 889 2786 predicti
907 2703 965 2788 alij
984 2704 1073 2770 vobis
1090 2711 1261 2788 tamquam
1275 2704 1381 2770 Bonis
1398 2705 1568 2791 Regnorum

465 2812 640 2878 eorundem
657 2813 699 2878 ad
715 2811 902 2878 huiusmodi
918 2814 1074 2880 honorem
1090 2821 1124 2880 et
1139 2815 1331 2882 fidelitatem
1349 2822 1496 2882 nostram
1516 2810 1566 2878 effi-

460 2921 580 2986 caciter
605 2921 762 2988 hobedire
787 2923 936 3007 debeant,
961 2925 1131 2990 intendere
1157 2931 1191 2990 et
1214 2945 1348 3009 parore;
1365 2924 1427 2990 has
1459 2930 1566 2990 noscas

458 3029 592 3094 lieteras
607 3051 725 3114 magno
742 3031 895 3114 pendenti
911 3031 1099 3098 Maiestatis
1116 3031 1239 3098 Nostra
1256 3031 1364 3115 sigillo
1382 3034 1518 3098 munitas
1530 3049 1570 3092 ro

459 3137 558 3203 bisin
574 3141 838 3222 premmissorum
862 3141 1085 3205 testimouium
1111 3140 1331 3206 concedentes.
1356 3140 1448 3207 Data
1465 3139 1570 3223 Gayeto

461 3247 495 3310 in
526 3245 674 3313 absentia
706 3249 892 3332 Logothete
916 3254 948 3313 et
984 3247 1231 3334 Prothonotarij
1267 3255 1326 3314 etc.
1361 3271 1418 3332 per
1451 3247 1570 3314 nobilem

461 3354 566 3418 virum
599 3351 768 3421 Donatum
802 3356 842 3421 de
870 3353 989 3422 Aretio
1021 3363 1081 3422 etc.
1115 3378 1200 3422 anno
1232 3354 1365 3420 Domini
1406 3354 1570 3420 millessimo

463 3459 760 3528 OOOLXXXXI.
785 3464 838 3529 die
864 3462 984 3531 XVII.
1008 3465 1127 3531 mensis
1151 3465 1235 3551 Julij
1253 3465 1382 3532 XIIII.
1398 3461 1570 3532 indictionis.

463 3567 652 3652 Regnorum
672 3577 856 3640 nostrorum
872 3592 958 3637 anno
975 3572 1096 3655 quinto.

465 3712 500 3774 (A
515 3713 653 3780 ›Registri
667 3714 816 3780 Angioinit
832 3721 939 3767 bozen.
953 3732 979 3768 a.
990 3718 1022 3768 B.
1033 3717 1176 3767 kbtetthttl
1190 3717 1393 3780 Reg.11ad1slai
1407 3717 1438 3766 R.
1450 3720 1491 3764 4ο.
1504 3716 1519 3762 Ι.
1528 3727 1533 3758 :
1542 3723 1565 3758 az

746 3806 823 3856 olasz
837 3807 891 3858 kir.
905 3807 1021 3872 napolyi
1033 3821 1105 3872 nagy
1117 3806 1311 3868 leveltdrban.)

948 4095 1107 4110 v-——v—
