3226 5254
584 331 680 394 1380.
1135 335 1198 396 397

13 483 14 506 ³
80 508 164 586 prout
189 511 221 569 et
244 506 329 570 sicut
353 504 460 570 dictus
486 504 635 570 dominus
661 505 829 572 Johennes
854 507 960 572 facere
993 510 1142 591 promisit
1167 513 1199 574 in

13 595 15 602 ¹
81 611 157 674 dicto
171 613 387 678 instrumento
403 613 491 678 dicte
517 613 741 695 promissionis
765 613 843 678 inde
869 621 985 696 rogate
1011 638 1070 698 per·
1087 637 1200 700 supra·

13 719 14 772 3
81 720 221 802 scriptum
238 741 289 784 ser
307 720 476 785 Ristorum
494 741 548 784 ser
566 716 709 803 Jachopi
726 719 911 804 Notarium,
925 723 1034 786 animo
1050 731 1083 789 et
1098 725 1201 790 inten-

13 813 15 880 ἶ
80 827 166 906 tione,
181 833 213 892 et
228 826 273 892 ad
289 828 375 891 huno
391 827 488 892 tinem
504 833 535 891 et
551 825 709 906 effectum,
726 828 814 910 quod
829 829 898 912 ipse
916 828 1063 894 dominus
1074 829 1201 896 Jobnn·

81 955 129 998 nes
145 935 251 1000 Bonus
278 935 418 1000 intendit
434 935 579 1017 recipere
596 935 649 1000 die
665 937 812 1001 crastina
828 958 848 1000 a
876 935 970 1002 dictis
986 938 1201 1004 Ambexiato-

13 1105 14 1112 ,
81 1040 160 1107 ribus
185 1049 217 1107 et
245 1042 387 1109 Sindicis
409 1045 443 1107 in
469 1041 557 1108 dicto
584 1042 703 1108 Castro
729 1042 825 1127 Podij
852 1044 978 1110 Bonitii
1005 1045 1201 1112 florenorum

13 1131 30 1216 ᾗ.
85 1151 295 1233 vigintimilien
312 1151 385 1216 nuri
402 1152 441 1216 de
458 1151 546 1216 dicta
563 1151 748 1234 quantitate
765 1151 963 1218 florenorum
980 1155 1201 1238 quodraginta

83 1260 204 1340 milium,
237 1259 277 1325 de
304 1280 369 1342 qua
394 1261 581 1342 quantitate
607 1257 805 1325 florenorum
831 1260 1052 1344 quadraginta
1076 1262 1202 1328 milium

82 1368 145 1431 auri
159 1389 216 1450 per
232 1369 357 1432 dictum
373 1367 539 1432 dominum
555 1367 580 1433 J
582 1367 741 1433 ohannem
757 1367 954 1450 recipienda,
964 1369 1106 1433 intendit
1117 1371 1198 1435 dare

13 1469 15 1552 ξ
81 1479 109 1539 et
124 1481 169 1539 cst
185 1481 366 1557 contentus,
382 1482 415 1540 ct
431 1475 560 1540 omnino
576 1474 645 1538 vuit
662 1475 731 1557 ipse
748 1474 896 1539 dominus
906 1474 1085 1559 Johsnnes,
1103 1485 1136 1543 et
1153 1480 1201 1561 ip·

80 1583 139 1648 sius
154 1583 274 1649 domini
292 1583 457 1650 Johsnnis
483 1589 533 1648 est
556 1583 748 1647 intentionis
772 1581 838 1648 alia
858 1583 1054 1650 florenorum
1086 1586 1202 1671 viginti

13 1717 15 1758 τ
81 1691 259 1772 militumi,
284 1713 365 1774 quos
390 1691 535 1775 recipcre
560 1690 678 1758 debeat
693 1691 726 1754 in
745 1690 870 1757 duobus
887 1693 1004 1776 paghis
1020 1694 1152 1776 ultimis,
1166 1702 1203 1759 ut

13 1799 14 1810 ’
81 1818 172 1879 supro
195 1798 319 1864 dictum
337 1805 395 1881 est,
412 1797 564 1863 videlicet
579 1795 667 1862 infre
682 1820 781 1863 unum
797 1819 940 1864 mensem
960 1801 1104 1884 proxime
1117 1802 1203 1867 futu-

13 1895 15 1976 ᾇ
81 1928 146 1970 rum
165 1905 361 1972 florenorum
378 1907 450 1970 suri
476 1905 586 1972 decem
612 1904 713 1986 milio,
729 1911 762 1970 et
777 1905 961 1988 infraqduos
979 1929 1103 1975 menses
1130 1931 1203 1993 pro-

13 2043 14 2090 5
81 2013 158 2077 xime
189 2013 319 2080 futuros
345 2013 412 2078 aiis
436 2012 632 2077 florenorum
663 2015 736 2079 auri
772 2013 882 2078 decem
907 2015 996 2080 milia
1022 2018 1203 2100 relinquere

81 2121 162 2186 dicto
178 2118 351 2187 Communi
367 2120 534 2185 Florentie
550 2140 607 2184 seu
622 2118 718 2186 dietis
734 2118 1029 2188 Ambnxiatoribns
1046 2132 1079 2189 et
1095 2123 1204 2190 Sindi·

81 2229 133 2309 cis,
149 2231 275 2295 nominc
300 2230 380 2294 dicti
406 2227 597 2294 Communis
624 2228 856 2312 recipientibus
881 2229 924 2296 ad
949 2232 1035 2298 hunc
1058 2231 1154 2299 finem
1171 2240 1202 2299 et

13 2361 16 2430 ζ
80 2336 231 2420 effectum,
247 2343 280 2403 et
295 2344 333 2403 ut
349 2337 470 2402 dictum
487 2333 666 2402 Commune
682 2336 859 2420 Florentio,
869 2360 926 2403 sen
941 2339 1025 2408 elius
1040 2363 1100 2424 pro
1115 2342 1203 2407 dicto

13 2431 14 2438 ἵ
81 2443 245 2511 Communi
263 2450 473 2528 contemptet,
490 2443 674 2526 concordet,
691 2450 724 2508 et
747 2450 934 2511 contentum
955 2445 1057 2514 faciut
1082 2468 1141 2532 per
1157 2469 1205 2514 so·

80 2551 230 2620 lotionem
246 2554 298 2620 uel
316 2552 579 2640 promissionem,
600 2553 652 2616 vel
677 2573 736 2636 per
762 2552 863 2618 alium
893 2554 1032 2638 modum,
1048 2553 1202 2622 Nobilem

13 2741 16 2762 ,
81 2663 181 2727 rirnm
198 2663 365 2729 dominum
380 2661 605 2728 Baldsxarem
626 2659 666 2725 de
682 2659 827 2744 Spinolis
844 2661 884 2727 de
908 2661 1023 2731 denua
1048 2665 1087 2730 de
1112 2665 1204 2731 flore·

81 2787 189 2835 norum
206 2772 318 2836 decem
332 2770 464 2836 milibus
480 2770 552 2834 auri
567 2768 654 2835 inira
670 2791 770 2834 unum
785 2791 928 2836 mensem
937 2773 1084 2855 proxime
1094 2779 1170 2836 vent
1194 2807 1206 2822 ·

13 2859 15 2920 3
80 2898 155 2960 rum,
171 2885 202 2944 et
219 2879 392 2946 concordet
403 2884 436 2943 et
451 2883 627 2956 contentet,
643 2883 677 2943 et
692 2883 879 2944 contentum
889 2878 989 2946 faciet
998 2901 1057 2964 per
1068 2881 1206 2966 promis·
1233 2931 1234 2935 ,

80 2986 198 3052 sionem
229 2987 280 3052 vel
312 3008 371 3071 per
397 2988 591 3053 solutionem
616 2985 667 3051 vel
692 2984 792 3051 aliurn
818 2987 957 3067 modum,
983 2989 1205 3072 supradictum

13 3079 15 3096 ’
80 3091 263 3178 Principem
279 3095 445 3161 dominum
460 3093 624 3160 Karolum
642 3093 727 3158 infra
737 3092 818 3160 duos
834 3114 961 3160 menses
976 3095 1122 3178 proxime
1133 3117 1206 3160 ven·

13 3203 15 3260 ἰ
81 3209 168 3267 turos
185 3203 226 3268 de
243 3203 317 3269 aliis
336 3201 535 3270 florenorum
561 3203 670 3268 decem
695 3200 827 3268 milibus
851 3203 941 3282 auri;
965 3208 1137 3268 etcertum
1155 3211 1206 3269 est

13 3315 15 3360 ἵ
81 3313 186 3396 etism,
202 3311 290 3396 quod
315 3319 390 3396 post
413 3312 570 3397 predicte,
596 3311 684 3376 dicte
710 3310 762 3376 die
787 3332 875 3377 none
899 3314 1018 3379 mensis
1042 3311 1207 3397 Octubris‚

13 3463 17 3498 r
82 3420 227 3500 prefatus
254 3422 403 3487 dominus
433 3421 459 3488 J
461 3420 606 3486 ohannes
632 3420 745 3484 Bonus
772 3417 967 3484 declarando
991 3421 1025 3485 in
1050 3420 1206 3505 predictis

81 3531 256 3611 veritatem,
273 3536 307 3595 et
323 3551 382 3614 pro
394 3529 508 3612 tutela,
520 3527 694 3595 securitate
710 3536 744 3593 et
758 3528 886 3594 cautela
901 3535 968 3594 tum
986 3531 1063 3596 dicti
1082 3531 1205 3596 domini

82 3633 285 3722 Baldexaris,
301 3659 400 3722 quam
416 3638 515 3703 etiam
527 3636 606 3702 dicti
619 3634 804 3701 Communis
814 3637 990 3720 Florentio,
1002 3644 1035 3702 et
1047 3639 1206 3705 dictorum

82 3739 285 3810 Sindicorum
302 3754 336 3810 et
351 3742 635 3824 Amboxiatornm,
653 3765 710 3828 per
726 3743 887 3827 pubiicum
899 3747 1149 3812 instrumentum
1160 3749 1208 3812 di·

13 3839 16 3848 ’
81 3853 127 3917 xit
138 3859 172 3920 et
182 3854 369 3938 declaravit,
386 3855 494 3920 omnia
503 3852 653 3937 predicto
663 3873 732 3917 esse
742 3873 828 3932 vere,
839 3860 871 3918 et
881 3852 967 3935 quod
979 3855 1047 3937 ipse
1059 3853 1206 3919 dominns

81 3957 105 4024 J
106 3961 253 4028 ohannes
262 3961 394 4029 volebat
408 3967 441 4027 et
455 3959 657 4039 intendebat,
673 3966 705 4023 et
715 3966 885 4024 contentus
898 3967 976 4043 eret,
988 3961 1075 4042 quod
1086 3959 1207 4026 dictum

84 4067 260 4137 Commune
284 4070 456 4136 Florentie
483 4090 539 4134 seu
563 4068 644 4134 alins
660 4089 720 4150 pro
737 4068 823 4132 dicto
841 4063 1022 4150 Communi,
1049 4069 1088 4132 de
1114 4068 1209 4134 dictis
1261 4151 1264 4156 Ι

83 4175 276 4244 florenorum
292 4181 405 4262 viginti
424 4177 563 4261 milibus,
581 4177 687 4258 quint
704 4176 884 4259 predicitur
900 4176 1076 4240 secundum
1104 4180 1207 4242 inten-

83 4285 178 4352 tinem
195 4288 274 4352 dicti
290 4287 410 4351 domini
427 4285 589 4350 Jobennis
601 4291 693 4347 erant
704 4305 762 4366 per
779 4283 885 4364 ipsum
902 4282 1091 4347 dimictendi
1105 4306 1203 4366 penes

14 4443 15 4446 κ
84 4393 184 4460 dictos
201 4394 456 4460 Ambaxiatores
474 4399 507 4457 et
525 4389 687 4467 SindicoS,
706 4389 1022 4472 postconsessionem
1049 4398 1081 4454 et
1100 4415 1207 4476 recep·

85 4502 202 4568 tionem
221 4525 279 4586 per
295 4525 367 4568 eum
383 4499 568 4566 faciendam
586 4497 724 4561 solveret
740 4503 772 4560 et
788 4497 912 4561 solvere
938 4503 1047 4579 posset
1064 4505 1099 4561 et
1114 4501 1209 4566 debe-
