<?xml version="1.0" encoding="UTF-8"?>
<!DOCTYPE html PUBLIC "-//W3C//DTD XHTML 1.0 Transitional//EN"
    "http://www.w3.org/TR/xhtml1/DTD/xhtml1-transitional.dtd">
<html xmlns="http://www.w3.org/1999/xhtml" xml:lang="en" lang="en">
 <head>
  <title>
</title>
<meta http-equiv="Content-Type" content="text/html;charset=utf-8" />
  <meta name='ocr-system' content='tesseract 3.04.00' />
  <meta name='ocr-capabilities' content='ocr_page ocr_carea ocr_par ocr_line ocrx_word'/>
</head>
<body>
  <div class='ocr_page' id='page_1' title='image "./magyardiplomacz00wenzgoog_0617.png"; bbox 0 0 3214 5250; ppageno 0'>
   <div class='ocr_carea' id='block_1_1' title="bbox 638 397 1246 468">
    <p class='ocr_par' dir='ltr' id='par_1_1' title="bbox 638 397 1246 468">
     <span class='ocr_line' id='line_1_1' title="bbox 638 397 1246 468; baseline 0.007 -10"><span class='ocrx_word' id='word_1_1' title='bbox 638 397 731 458; x_wconf 85' lang='grc'>1386.</span> <span class='ocrx_word' id='word_1_2' title='bbox 1180 403 1246 468; x_wconf 86' lang='grc'>597</span> 
     </span>
    </p>
   </div>
   <div class='ocr_carea' id='block_1_2' title="bbox 78 572 1246 2062">
    <p class='ocr_par' dir='ltr' id='par_1_2' title="bbox 78 572 1246 2062">
     <span class='ocr_line' id='line_1_2' title="bbox 110 572 1245 656; baseline 0.004 -18"><span class='ocrx_word' id='word_1_3' title='bbox 110 595 183 638; x_wconf 90' lang='lat' dir='ltr'>mus</span> <span class='ocrx_word' id='word_1_4' title='bbox 199 579 281 652; x_wconf 77' lang='lat' dir='ltr'>rata,</span> <span class='ocrx_word' id='word_1_5' title='bbox 298 579 395 656; x_wconf 83' lang='lat' dir='ltr'>gruta</span> <span class='ocrx_word' id='word_1_6' title='bbox 411 579 444 636; x_wconf 86' lang='lat' dir='ltr'>et</span> <span class='ocrx_word' id='word_1_7' title='bbox 459 572 696 639; x_wconf 86' lang='lat' dir='ltr'>inuiolabiliter</span> <span class='ocrx_word' id='word_1_8' title='bbox 710 573 781 639; x_wconf 86' lang='lat' dir='ltr'>sore</span> <span class='ocrx_word' id='word_1_9' title='bbox 793 573 1025 640; x_wconf 78' lang='lat' dir='ltr'>conseruando.</span> <span class='ocrx_word' id='word_1_10' title='bbox 1042 575 1156 641; x_wconf 83' lang='lat' dir='ltr'>Eciam</span> <span class='ocrx_word' id='word_1_11' title='bbox 1174 601 1245 643; x_wconf 89' lang='lat' dir='ltr'>oum</span> 
     </span>
     <span class='ocr_line' id='line_1_3' title="bbox 78 678 1246 768; baseline 0.005 -22"><span class='ocrx_word' id='word_1_12' title='bbox 78 681 225 764; x_wconf 72' lang='lat' dir='ltr'>,eodem</span> <span class='ocrx_word' id='word_1_13' title='bbox 251 681 382 748; x_wconf 89' lang='lat' dir='ltr'>domino</span> <span class='ocrx_word' id='word_1_14' title='bbox 407 678 573 765; x_wconf 82' lang='lat' dir='ltr'>Jagalone</span> <span class='ocrx_word' id='word_1_15' title='bbox 599 678 731 748; x_wconf 87' lang='lat' dir='ltr'>Summo</span> <span class='ocrx_word' id='word_1_16' title='bbox 756 683 851 749; x_wconf 82' lang='lat' dir='ltr'>Duce</span> <span class='ocrx_word' id='word_1_17' title='bbox 876 684 1043 766; x_wconf 87' lang='lat' dir='ltr'>premisso,</span> <span class='ocrx_word' id='word_1_18' title='bbox 1069 686 1180 768; x_wconf 89' lang='lat' dir='ltr'>vigore</span> <span class='ocrx_word' id='word_1_19' title='bbox 1212 693 1246 752; x_wconf 90' lang='lat' dir='ltr'>et</span> 
     </span>
     <span class='ocr_line' id='line_1_4' title="bbox 107 788 1246 878; baseline 0.004 -25"><span class='ocrx_word' id='word_1_20' title='bbox 107 791 240 854; x_wconf 85' lang='lat' dir='ltr'>nomine</span> <span class='ocrx_word' id='word_1_21' title='bbox 256 788 477 873; x_wconf 84' lang='lat' dir='ltr'>predictorum</span> <span class='ocrx_word' id='word_1_22' title='bbox 502 788 769 876; x_wconf 86' lang='lat' dir='ltr'>Regnieolarum‚</span> <span class='ocrx_word' id='word_1_23' title='bbox 784 791 1038 858; x_wconf 85' lang='lat' dir='ltr'>eonueuoionem</span> <span class='ocrx_word' id='word_1_24' title='bbox 1065 795 1246 878; x_wconf 82' lang='lat' dir='ltr'>composui-</span> 
     </span>
     <span class='ocr_line' id='line_1_5' title="bbox 108 896 1246 979; baseline 0.006 -19"><span class='ocrx_word' id='word_1_25' title='bbox 108 918 192 979; x_wconf 87' lang='lat' dir='ltr'>mus,</span> <span class='ocrx_word' id='word_1_26' title='bbox 210 896 467 963; x_wconf 85' lang='lat' dir='ltr'>condiotauimus</span> <span class='ocrx_word' id='word_1_27' title='bbox 493 904 527 963; x_wconf 90' lang='lat' dir='ltr'>et</span> <span class='ocrx_word' id='word_1_28' title='bbox 552 897 749 964; x_wconf 84' lang='lat' dir='ltr'>dictauimus</span> <span class='ocrx_word' id='word_1_29' title='bbox 765 901 798 964; x_wconf 91' lang='lat' dir='ltr'>in</span> <span class='ocrx_word' id='word_1_30' title='bbox 815 898 988 965; x_wconf 84' lang='lat' dir='ltr'>Lublinin</span> <span class='ocrx_word' id='word_1_31' title='bbox 1005 899 1058 966; x_wconf 89' lang='lat' dir='ltr'>die</span> <span class='ocrx_word' id='word_1_32' title='bbox 1084 900 1246 967; x_wconf 85' lang='lat' dir='ltr'>Purifica-</span> 
     </span>
     <span class='ocr_line' id='line_1_6' title="bbox 108 1005 1243 1094; baseline 0.004 -22"><span class='ocrx_word' id='word_1_33' title='bbox 108 1006 213 1072; x_wconf 88' lang='lat' dir='ltr'>cionis</span> <span class='ocrx_word' id='word_1_34' title='bbox 246 1005 352 1072; x_wconf 81' lang='lat' dir='ltr'>Marie</span> <span class='ocrx_word' id='word_1_35' title='bbox 383 1008 529 1090; x_wconf 81' lang='lat' dir='ltr'>proxime</span> <span class='ocrx_word' id='word_1_36' title='bbox 553 1005 731 1073; x_wconf 86' lang='lat' dir='ltr'>affuturam</span> <span class='ocrx_word' id='word_1_37' title='bbox 757 1007 825 1073; x_wconf 87' lang='lat' dir='ltr'>iore</span> <span class='ocrx_word' id='word_1_38' title='bbox 850 1010 1043 1092; x_wconf 80' lang='lat' dir='ltr'>generalem,</span> <span class='ocrx_word' id='word_1_39' title='bbox 1069 1010 1112 1075; x_wconf 82' lang='lat' dir='ltr'>ed</span> <span class='ocrx_word' id='word_1_40' title='bbox 1145 1031 1243 1094; x_wconf 86' lang='lat' dir='ltr'>quam</span> 
     </span>
     <span class='ocr_line' id='line_1_7' title="bbox 105 1111 1244 1199; baseline 0.005 -21"><span class='ocrx_word' id='word_1_41' title='bbox 105 1115 196 1181; x_wconf 86' lang='lat' dir='ltr'>idem</span> <span class='ocrx_word' id='word_1_42' title='bbox 213 1115 362 1182; x_wconf 86' lang='lat' dir='ltr'>dominus</span> <span class='ocrx_word' id='word_1_43' title='bbox 388 1112 511 1199; x_wconf 86' lang='lat' dir='ltr'>Jagalo</span> <span class='ocrx_word' id='word_1_44' title='bbox 539 1111 615 1179; x_wconf 86' lang='lat' dir='ltr'>Dux</span> <span class='ocrx_word' id='word_1_45' title='bbox 633 1116 818 1199; x_wconf 80' lang='lat' dir='ltr'><strong>sepedictus</strong></span> <span class='ocrx_word' id='word_1_46' title='bbox 838 1137 910 1181; x_wconf 87' lang='lat' dir='ltr'>oum</span> <span class='ocrx_word' id='word_1_47' title='bbox 926 1115 1085 1182; x_wconf 86' lang='lat' dir='ltr'>fratribus</span> <span class='ocrx_word' id='word_1_48' title='bbox 1101 1123 1133 1182; x_wconf 90' lang='lat' dir='ltr'>et</span> <span class='ocrx_word' id='word_1_49' title='bbox 1150 1121 1244 1184; x_wconf 89' lang='lat' dir='ltr'>terri-</span> 
     </span>
     <span class='ocr_line' id='line_1_8' title="bbox 105 1223 1244 1308; baseline 0.006 -21"><span class='ocrx_word' id='word_1_50' title='bbox 105 1223 204 1307; x_wconf 83' lang='lat' dir='ltr'>genis</span> <span class='ocrx_word' id='word_1_51' title='bbox 220 1226 295 1305; x_wconf 86' lang='lat' dir='ltr'>suis,</span> <span class='ocrx_word' id='word_1_52' title='bbox 312 1223 529 1308; x_wconf 82' lang='lat' dir='ltr'>cuiuscunque</span> <span class='ocrx_word' id='word_1_53' title='bbox 546 1225 690 1290; x_wconf 73' lang='lat' dir='ltr'>existant</span> <span class='ocrx_word' id='word_1_54' title='bbox 706 1225 910 1307; x_wconf 81' lang='lat' dir='ltr'>conditionis,</span> <span class='ocrx_word' id='word_1_55' title='bbox 926 1230 997 1291; x_wconf 86' lang='lat' dir='ltr'>tute</span> <span class='ocrx_word' id='word_1_56' title='bbox 1014 1231 1046 1290; x_wconf 91' lang='lat' dir='ltr'>et</span> <span class='ocrx_word' id='word_1_57' title='bbox 1064 1247 1176 1292; x_wconf 86' lang='lat' dir='ltr'>secure</span> <span class='ocrx_word' id='word_1_58' title='bbox 1193 1249 1244 1294; x_wconf 84' lang='lat' dir='ltr'>ve-</span> 
     </span>
     <span class='ocr_line' id='line_1_9' title="bbox 105 1329 1243 1414; baseline 0.004 -19"><span class='ocrx_word' id='word_1_59' title='bbox 105 1333 180 1396; x_wconf 88' lang='lat' dir='ltr'>nire</span> <span class='ocrx_word' id='word_1_60' title='bbox 198 1331 349 1414; x_wconf 86' lang='lat' dir='ltr'>debebit;</span> <span class='ocrx_word' id='word_1_61' title='bbox 367 1333 495 1398; x_wconf 85' lang='lat' dir='ltr'>interim</span> <span class='ocrx_word' id='word_1_62' title='bbox 512 1339 544 1398; x_wconf 89' lang='lat' dir='ltr'>et</span> <span class='ocrx_word' id='word_1_63' title='bbox 560 1329 811 1399; x_wconf 86' lang='lat' dir='ltr'>Ambasiatores</span> <span class='ocrx_word' id='word_1_64' title='bbox 829 1355 885 1398; x_wconf 87' lang='lat' dir='ltr'>seu</span> <span class='ocrx_word' id='word_1_65' title='bbox 896 1334 1040 1401; x_wconf 89' lang='lat' dir='ltr'>Nunoios</span> <span class='ocrx_word' id='word_1_66' title='bbox 1051 1356 1124 1400; x_wconf 89' lang='lat' dir='ltr'>suos</span> <span class='ocrx_word' id='word_1_67' title='bbox 1136 1335 1243 1400; x_wconf 86' lang='lat' dir='ltr'>immo·</span> 
     </span>
     <span class='ocr_line' id='line_1_10' title="bbox 104 1439 1240 1525; baseline 0.003 -21"><span class='ocrx_word' id='word_1_68' title='bbox 104 1439 200 1506; x_wconf 89' lang='lat' dir='ltr'>diato</span> <span class='ocrx_word' id='word_1_69' title='bbox 217 1446 363 1524; x_wconf 88' lang='lat' dir='ltr'>tempore</span> <span class='ocrx_word' id='word_1_70' title='bbox 379 1463 438 1525; x_wconf 89' lang='lat' dir='ltr'>per</span> <span class='ocrx_word' id='word_1_71' title='bbox 454 1441 622 1507; x_wconf 84' lang='lat' dir='ltr'>uniuersos</span> <span class='ocrx_word' id='word_1_72' title='bbox 638 1441 779 1507; x_wconf 84' lang='lat' dir='ltr'>confines</span> <span class='ocrx_word' id='word_1_73' title='bbox 796 1440 902 1525; x_wconf 81' lang='lat' dir='ltr'>Regni</span> <span class='ocrx_word' id='word_1_74' title='bbox 922 1441 1059 1508; x_wconf 84' lang='lat' dir='ltr'>Potonie</span> <span class='ocrx_word' id='word_1_75' title='bbox 1070 1464 1141 1508; x_wconf 83' lang='lat' dir='ltr'>curn</span> <span class='ocrx_word' id='word_1_76' title='bbox 1154 1445 1240 1509; x_wconf 89' lang='lat' dir='ltr'>omni</span> 
     </span>
     <span class='ocr_line' id='line_1_11' title="bbox 104 1547 1243 1633; baseline 0.004 -21"><span class='ocrx_word' id='word_1_77' title='bbox 104 1547 287 1616; x_wconf 75' lang='lat' dir='ltr'>securitate</span> <span class='ocrx_word' id='word_1_78' title='bbox 306 1549 435 1614; x_wconf 88' lang='lat' dir='ltr'>mittere</span> <span class='ocrx_word' id='word_1_79' title='bbox 453 1571 513 1615; x_wconf 90' lang='lat' dir='ltr'>sua</span> <span class='ocrx_word' id='word_1_80' title='bbox 528 1551 665 1633; x_wconf 84' lang='lat' dir='ltr'>negocia</span> <span class='ocrx_word' id='word_1_81' title='bbox 679 1549 779 1615; x_wconf 87' lang='lat' dir='ltr'>libere</span> <span class='ocrx_word' id='word_1_82' title='bbox 797 1549 1004 1616; x_wconf 86' lang='lat' dir='ltr'>ordinandos.</span> <span class='ocrx_word' id='word_1_83' title='bbox 1021 1551 1068 1616; x_wconf 83' lang='lat' dir='ltr'>Et</span> <span class='ocrx_word' id='word_1_84' title='bbox 1084 1573 1143 1616; x_wconf 90' lang='lat' dir='ltr'>nos</span> <span class='ocrx_word' id='word_1_85' title='bbox 1155 1550 1243 1616; x_wconf 90' lang='lat' dir='ltr'>Mili·</span> 
     </span>
     <span class='ocr_line' id='line_1_12' title="bbox 105 1657 1243 1742; baseline 0.003 -21"><span class='ocrx_word' id='word_1_86' title='bbox 105 1664 157 1721; x_wconf 88' lang='lat' dir='ltr'>tes</span> <span class='ocrx_word' id='word_1_87' title='bbox 175 1657 361 1740; x_wconf 84' lang='lat' dir='ltr'>prenarrati</span> <span class='ocrx_word' id='word_1_88' title='bbox 378 1658 598 1741; x_wconf 86' lang='lat' dir='ltr'>promittimus</span> <span class='ocrx_word' id='word_1_89' title='bbox 624 1657 699 1722; x_wconf 91' lang='lat' dir='ltr'>fidei</span> <span class='ocrx_word' id='word_1_90' title='bbox 727 1664 837 1725; x_wconf 89' lang='lat' dir='ltr'>nostre</span> <span class='ocrx_word' id='word_1_91' title='bbox 855 1657 914 1723; x_wconf 85' lang='lat' dir='ltr'>sub</span> <span class='ocrx_word' id='word_1_92' title='bbox 930 1657 1036 1724; x_wconf 85' lang='lat' dir='ltr'>edicto</span> <span class='ocrx_word' id='word_1_93' title='bbox 1053 1665 1086 1722; x_wconf 87' lang='lat' dir='ltr'>et</span> <span class='ocrx_word' id='word_1_94' title='bbox 1100 1658 1243 1742; x_wconf 86' lang='lat' dir='ltr'>honoris,</span> 
     </span>
     <span class='ocr_line' id='line_1_13' title="bbox 103 1763 1241 1849; baseline 0.003 -21"><span class='ocrx_word' id='word_1_95' title='bbox 103 1763 150 1828; x_wconf 81' lang='lat' dir='ltr'>ab</span> <span class='ocrx_word' id='word_1_96' title='bbox 167 1763 319 1832; x_wconf 89' lang='lat' dir='ltr'>omnibus</span> <span class='ocrx_word' id='word_1_97' title='bbox 335 1763 526 1849; x_wconf 88' lang='lat' dir='ltr'>Regnicolis</span> <span class='ocrx_word' id='word_1_98' title='bbox 543 1763 649 1849; x_wconf 86' lang='lat' dir='ltr'>Regni</span> <span class='ocrx_word' id='word_1_99' title='bbox 667 1765 807 1830; x_wconf 88' lang='lat' dir='ltr'>Polooie</span> <span class='ocrx_word' id='word_1_100' title='bbox 825 1766 930 1830; x_wconf 89' lang='lat' dir='ltr'>eidem</span> <span class='ocrx_word' id='word_1_101' title='bbox 949 1765 1079 1830; x_wconf 90' lang='lat' dir='ltr'>domino</span> <span class='ocrx_word' id='word_1_102' title='bbox 1096 1765 1130 1832; x_wconf 89' lang='lat' dir='ltr'>J.</span> <span class='ocrx_word' id='word_1_103' title='bbox 1149 1764 1241 1831; x_wconf 88' lang='lat' dir='ltr'>Sum·</span> 
     </span>
     <span class='ocr_line' id='line_1_14' title="bbox 102 1869 1242 1954; baseline 0.001 -17"><span class='ocrx_word' id='word_1_104' title='bbox 102 1894 159 1937; x_wconf 90' lang='lat' dir='ltr'>mo</span> <span class='ocrx_word' id='word_1_105' title='bbox 187 1869 272 1934; x_wconf 85' lang='lat' dir='ltr'>Duci</span> <span class='ocrx_word' id='word_1_106' title='bbox 298 1869 472 1954; x_wconf 85' lang='lat' dir='ltr'>prelibato,</span> <span class='ocrx_word' id='word_1_107' title='bbox 496 1893 568 1936; x_wconf 90' lang='lat' dir='ltr'>cum</span> <span class='ocrx_word' id='word_1_108' title='bbox 585 1870 734 1937; x_wconf 89' lang='lat' dir='ltr'>omnibus</span> <span class='ocrx_word' id='word_1_109' title='bbox 751 1871 910 1938; x_wconf 86' lang='lat' dir='ltr'>fratribus</span> <span class='ocrx_word' id='word_1_110' title='bbox 926 1873 992 1937; x_wconf 86' lang='lat' dir='ltr'>suis</span> <span class='ocrx_word' id='word_1_111' title='bbox 1009 1879 1042 1937; x_wconf 90' lang='lat' dir='ltr'>et</span> <span class='ocrx_word' id='word_1_112' title='bbox 1059 1873 1242 1940; x_wconf 86' lang='lat' dir='ltr'>hominibus</span> 
     </span>
     <span class='ocr_line' id='line_1_15' title="bbox 102 1978 1240 2062; baseline 0.004 -20"><span class='ocrx_word' id='word_1_113' title='bbox 102 1978 267 2045; x_wconf 82' lang='lat' dir='ltr'>uniuersis</span> <span class='ocrx_word' id='word_1_114' title='bbox 284 1978 317 2043; x_wconf 91' lang='lat' dir='ltr'>in</span> <span class='ocrx_word' id='word_1_115' title='bbox 333 1979 552 2044; x_wconf 85' lang='lat' dir='ltr'>conuenoione</span> <span class='ocrx_word' id='word_1_116' title='bbox 577 1978 690 2044; x_wconf 83' lang='lat' dir='ltr'>eadem</span> <span class='ocrx_word' id='word_1_117' title='bbox 708 1979 933 2062; x_wconf 64' lang='lat' dir='ltr'>existentibus</span> <span class='ocrx_word' id='word_1_118' title='bbox 950 2001 988 2045; x_wconf 87' lang='lat' dir='ltr'>ao</span> <span class='ocrx_word' id='word_1_119' title='bbox 1005 1979 1143 2046; x_wconf 88' lang='lat' dir='ltr'>Nunoiis</span> <span class='ocrx_word' id='word_1_120' title='bbox 1159 1984 1240 2047; x_wconf 87' lang='lat' dir='ltr'>eius-</span> 
     </span>
    </p>
   </div>
   <div class='ocr_carea' id='block_1_3' title="bbox 1 2086 1240 2172">
    <p class='ocr_par' dir='ltr' id='par_1_3' title="bbox 1 2086 1240 2172">
     <span class='ocr_line' id='line_1_16' title="bbox 1 2086 1240 2172; baseline 0.002 -20"><span class='ocrx_word' id='word_1_121' title='bbox 1 2153 2 2157; x_wconf 61' lang='lat'>,</span> <span class='ocrx_word' id='word_1_122' title='bbox 104 2086 182 2152; x_wconf 86' lang='lat' dir='ltr'>dem</span> <span class='ocrx_word' id='word_1_123' title='bbox 206 2091 284 2152; x_wconf 85' lang='lat' dir='ltr'>anto</span> <span class='ocrx_word' id='word_1_124' title='bbox 309 2086 558 2151; x_wconf 82' lang='lat' dir='ltr'>conuentionem</span> <span class='ocrx_word' id='word_1_125' title='bbox 584 2095 810 2170; x_wconf 84' lang='lat' dir='ltr'>prenarratam</span> <span class='ocrx_word' id='word_1_126' title='bbox 843 2109 902 2172; x_wconf 92' lang='lat' dir='ltr'>per</span> <span class='ocrx_word' id='word_1_127' title='bbox 934 2087 1071 2154; x_wconf 79' lang='lat' dir='ltr'>Terram</span> <span class='ocrx_word' id='word_1_128' title='bbox 1102 2089 1240 2156; x_wconf 89' lang='lat' dir='ltr'>Polonie</span> 
     </span>
    </p>
   </div>
   <div class='ocr_carea' id='block_1_4' title="bbox 97 2191 1239 2712">
    <p class='ocr_par' dir='ltr' id='par_1_4' title="bbox 97 2191 1239 2712">
     <span class='ocr_line' id='line_1_17' title="bbox 102 2191 1239 2278; baseline 0.002 -18"><span class='ocrx_word' id='word_1_129' title='bbox 102 2191 356 2274; x_wconf 62' lang='lat' dir='ltr'>trementibus,</span> <span class='ocrx_word' id='word_1_130' title='bbox 373 2194 422 2258; x_wconf 86' lang='lat' dir='ltr'>vel</span> <span class='ocrx_word' id='word_1_131' title='bbox 440 2195 473 2258; x_wconf 93' lang='lat' dir='ltr'>in</span> <span class='ocrx_word' id='word_1_132' title='bbox 489 2215 527 2260; x_wconf 87' lang='lat' dir='ltr'>ea</span> <span class='ocrx_word' id='word_1_133' title='bbox 542 2195 760 2278; x_wconf 86' lang='lat' dir='ltr'>manentibus,</span> <span class='ocrx_word' id='word_1_134' title='bbox 778 2217 900 2278; x_wconf 82' lang='lat' dir='ltr'>secure,</span> <span class='ocrx_word' id='word_1_135' title='bbox 917 2219 955 2262; x_wconf 85' lang='lat' dir='ltr'>ao</span> <span class='ocrx_word' id='word_1_136' title='bbox 971 2198 1122 2263; x_wconf 84' lang='lat' dir='ltr'>uniuersa</span> <span class='ocrx_word' id='word_1_137' title='bbox 1133 2199 1239 2264; x_wconf 87' lang='lat' dir='ltr'>etsin-</span> 
     </span>
     <span class='ocr_line' id='line_1_18' title="bbox 100 2300 1238 2388; baseline 0.005 -20"><span class='ocrx_word' id='word_1_138' title='bbox 100 2301 186 2388; x_wconf 87' lang='lat' dir='ltr'>gula</span> <span class='ocrx_word' id='word_1_139' title='bbox 210 2319 318 2386; x_wconf 79' lang='lat' dir='ltr'>agere,</span> <span class='ocrx_word' id='word_1_140' title='bbox 342 2300 419 2366; x_wconf 87' lang='lat' dir='ltr'>doio</span> <span class='ocrx_word' id='word_1_141' title='bbox 449 2307 482 2367; x_wconf 87' lang='lat' dir='ltr'>et</span> <span class='ocrx_word' id='word_1_142' title='bbox 507 2302 622 2368; x_wconf 85' lang='lat' dir='ltr'>fraude</span> <span class='ocrx_word' id='word_1_143' title='bbox 650 2302 819 2386; x_wconf 84' lang='lat' dir='ltr'>quibusuis</span> <span class='ocrx_word' id='word_1_144' title='bbox 839 2305 952 2388; x_wconf 85' lang='lat' dir='ltr'>procul</span> <span class='ocrx_word' id='word_1_145' title='bbox 968 2306 1074 2370; x_wconf 89' lang='lat' dir='ltr'>motis.</span> <span class='ocrx_word' id='word_1_146' title='bbox 1092 2303 1131 2368; x_wconf 91' lang='lat' dir='ltr'>In</span> <span class='ocrx_word' id='word_1_147' title='bbox 1148 2307 1238 2374; x_wconf 87' lang='lat' dir='ltr'>cuius</span> 
     </span>
     <span class='ocr_line' id='line_1_19' title="bbox 100 2410 1237 2496; baseline 0.003 -20"><span class='ocrx_word' id='word_1_148' title='bbox 100 2413 152 2477; x_wconf 88' lang='lat' dir='ltr'>rei</span> <span class='ocrx_word' id='word_1_149' title='bbox 169 2410 389 2481; x_wconf 89' lang='lat' dir='ltr'>testimonium</span> <span class='ocrx_word' id='word_1_150' title='bbox 406 2414 439 2474; x_wconf 91' lang='lat' dir='ltr'>et</span> <span class='ocrx_word' id='word_1_151' title='bbox 455 2411 656 2476; x_wconf 84' lang='lat' dir='ltr'>euidenoiam</span> <span class='ocrx_word' id='word_1_152' title='bbox 674 2411 783 2494; x_wconf 89' lang='lat' dir='ltr'>sigilla</span> <span class='ocrx_word' id='word_1_153' title='bbox 799 2418 912 2478; x_wconf 88' lang='lat' dir='ltr'>nostra</span> <span class='ocrx_word' id='word_1_154' title='bbox 922 2413 1127 2496; x_wconf 86' lang='lat' dir='ltr'>presentibus</span> <span class='ocrx_word' id='word_1_155' title='bbox 1144 2413 1237 2479; x_wconf 87' lang='lat' dir='ltr'>iussi·</span> 
     </span>
     <span class='ocr_line' id='line_1_20' title="bbox 99 2518 1237 2606; baseline 0.005 -21"><span class='ocrx_word' id='word_1_156' title='bbox 99 2542 176 2586; x_wconf 88' lang='lat' dir='ltr'>mue</span> <span class='ocrx_word' id='word_1_157' title='bbox 192 2520 261 2592; x_wconf 87' lang='lat' dir='ltr'>iore</span> <span class='ocrx_word' id='word_1_158' title='bbox 277 2520 501 2605; x_wconf 84' lang='lat' dir='ltr'>appendenda.</span> <span class='ocrx_word' id='word_1_159' title='bbox 528 2518 649 2586; x_wconf 87' lang='lat' dir='ltr'>Aotum</span> <span class='ocrx_word' id='word_1_160' title='bbox 666 2527 699 2586; x_wconf 91' lang='lat' dir='ltr'>et</span> <span class='ocrx_word' id='word_1_161' title='bbox 715 2521 828 2587; x_wconf 88' lang='lat' dir='ltr'>datum</span> <span class='ocrx_word' id='word_1_162' title='bbox 845 2524 878 2586; x_wconf 90' lang='lat' dir='ltr'>in</span> <span class='ocrx_word' id='word_1_163' title='bbox 898 2520 1125 2606; x_wconf 82' lang='lat' dir='ltr'>Volkouigzko</span> <span class='ocrx_word' id='word_1_164' title='bbox 1152 2546 1237 2591; x_wconf 90' lang='lat' dir='ltr'>anno</span> 
     </span>
     <span class='ocr_line' id='line_1_21' title="bbox 97 2626 413 2712; baseline 0 -18"><span class='ocrx_word' id='word_1_165' title='bbox 97 2635 135 2694; x_wconf 90' lang='lat' dir='ltr'>et</span> <span class='ocrx_word' id='word_1_166' title='bbox 151 2626 205 2692; x_wconf 91' lang='lat' dir='ltr'>die</span> <span class='ocrx_word' id='word_1_167' title='bbox 222 2648 286 2712; x_wconf 92' lang='lat' dir='ltr'>quo</span> <span class='ocrx_word' id='word_1_168' title='bbox 303 2650 413 2712; x_wconf 89' lang='lat' dir='ltr'>supra.</span> 
     </span>
    </p>
   </div>
   <div class='ocr_carea' id='block_1_5' title="bbox 96 2774 1236 2928">
    <p class='ocr_par' dir='ltr' id='par_1_5' title="bbox 96 2774 1236 2928">
     <span class='ocr_line' id='line_1_22' title="bbox 96 2774 1236 2845; baseline 0.003 -20"><span class='ocrx_word' id='word_1_169' title='bbox 96 2775 137 2838; x_wconf 82' lang='grc' dir='ltr'>(Δ</span> <span class='ocrx_word' id='word_1_170' title='bbox 152 2775 272 2842; x_wconf 81' lang='lat' dir='ltr'>herczeg</span> <span class='ocrx_word' id='word_1_171' title='bbox 285 2774 506 2828; x_wconf 57' lang='lat' dir='ltr'>&amp;eminati-iile</span> <span class='ocrx_word' id='word_1_172' title='bbox 520 2777 625 2828; x_wconf 74' lang='lat' dir='ltr'>intezet</span> <span class='ocrx_word' id='word_1_173' title='bbox 638 2776 755 2828; x_wconf 71' lang='lat' dir='ltr'>ktziruti</span> <span class='ocrx_word' id='word_1_174' title='bbox 778 2777 1022 2844; x_wconf 73' lang='lat' dir='ltr'>gyujtemenyebul</span> <span class='ocrx_word' id='word_1_175' title='bbox 1037 2779 1236 2845; x_wconf 82' lang='lat' dir='ltr'>Lerrrbergbeu,</span> 
     </span>
     <span class='ocr_line' id='line_1_23' title="bbox 554 2865 781 2928; baseline 0.009 -14"><span class='ocrx_word' id='word_1_176' title='bbox 554 2865 590 2916; x_wconf 91' lang='lat'>11.</span> <span class='ocrx_word' id='word_1_177' title='bbox 603 2866 661 2916; x_wconf 77' lang='lat' dir='ltr'>not.</span> <span class='ocrx_word' id='word_1_178' title='bbox 677 2873 736 2918; x_wconf 80' lang='lat'>311.</span> <span class='ocrx_word' id='word_1_179' title='bbox 752 2868 781 2928; x_wconf 87' lang='lat' dir='ltr'>l.)</span> 
     </span>
    </p>
   </div>
   <div class='ocr_carea' id='block_1_6' title="bbox 289 3191 1052 3436">
    <p class='ocr_par' dir='ltr' id='par_1_6' title="bbox 289 3191 1052 3436">
     <span class='ocr_line' id='line_1_24' title="bbox 630 3191 702 3253; baseline 0 -3"><span class='ocrx_word' id='word_1_180' title='bbox 630 3191 702 3253; x_wconf 86' lang='lat'>336.</span> 
     </span>
     <span class='ocr_line' id='line_1_25' title="bbox 289 3349 1052 3436; baseline 0.004 -24"><span class='ocrx_word' id='word_1_181' title='bbox 289 3349 497 3414; x_wconf 73' lang='lat' dir='ltr'>Velenczenek</span> <span class='ocrx_word' id='word_1_182' title='bbox 513 3349 717 3414; x_wconf 70' lang='lat' dir='ltr'>kereskedtee</span> <span class='ocrx_word' id='word_1_183' title='bbox 734 3351 937 3436; x_wconf 75' lang='lat' dir='ltr'>Rapuzrtoai.</span> <span class='ocrx_word' id='word_1_184' title='bbox 957 3356 1052 3417; x_wconf 73' lang='lat'><strong><em>1386.</em></strong></span> 
     </span>
    </p>
   </div>
   <div class='ocr_carea' id='block_1_7' title="bbox 92 3505 1233 4678">
    <p class='ocr_par' dir='ltr' id='par_1_7' title="bbox 92 3505 1233 4678">
     <span class='ocr_line' id='line_1_26' title="bbox 209 3505 1232 3600; baseline 0.008 -28"><span class='ocrx_word' id='word_1_185' title='bbox 209 3506 307 3574; x_wconf 88' lang='lat' dir='ltr'>Anno</span> <span class='ocrx_word' id='word_1_186' title='bbox 317 3505 635 3579; x_wconf 79' lang='lat' dir='ltr'>MOOOLXXXV.</span> <span class='ocrx_word' id='word_1_187' title='bbox 647 3511 700 3576; x_wconf 90' lang='lat' dir='ltr'>die</span> <span class='ocrx_word' id='word_1_188' title='bbox 710 3510 889 3593; x_wconf 89' lang='lat' dir='ltr'>penultimo</span> <span class='ocrx_word' id='word_1_189' title='bbox 899 3509 1061 3579; x_wconf 84' lang='lat' dir='ltr'>Januarii.</span> <span class='ocrx_word' id='word_1_190' title='bbox 1080 3513 1232 3600; x_wconf 84' lang='lat' dir='ltr'>Capta.</span> 
     </span>
     <span class='ocr_line' id='line_1_27' title="bbox 92 3615 1233 3701; baseline 0.005 -19"><span class='ocrx_word' id='word_1_191' title='bbox 92 3615 183 3682; x_wconf 86' lang='lat' dir='ltr'>Cum</span> <span class='ocrx_word' id='word_1_192' title='bbox 200 3615 318 3682; x_wconf 86' lang='lat' dir='ltr'>nobilis</span> <span class='ocrx_word' id='word_1_193' title='bbox 344 3617 392 3682; x_wconf 87' lang='lat' dir='ltr'>vir</span> <span class='ocrx_word' id='word_1_194' title='bbox 408 3637 459 3682; x_wconf 90' lang='lat' dir='ltr'>ser</span> <span class='ocrx_word' id='word_1_195' title='bbox 476 3618 624 3684; x_wconf 88' lang='lat' dir='ltr'>Marinus</span> <span class='ocrx_word' id='word_1_196' title='bbox 641 3616 788 3684; x_wconf 87' lang='lat' dir='ltr'>Storlato</span> <span class='ocrx_word' id='word_1_197' title='bbox 804 3619 883 3683; x_wconf 85' lang='lat' dir='ltr'>civis</span> <span class='ocrx_word' id='word_1_198' title='bbox 908 3627 1019 3685; x_wconf 87' lang='lat' dir='ltr'>noster</span> <span class='ocrx_word' id='word_1_199' title='bbox 1045 3619 1176 3701; x_wconf 79' lang='lat' dir='ltr'>habeat,</span> <span class='ocrx_word' id='word_1_200' title='bbox 1194 3625 1233 3688; x_wconf 90' lang='lat' dir='ltr'>si-</span> 
     </span>
     <span class='ocr_line' id='line_1_28' title="bbox 94 3723 1232 3812; baseline 0.004 -20"><span class='ocrx_word' id='word_1_201' title='bbox 94 3732 156 3792; x_wconf 85' lang='lat' dir='ltr'>cut</span> <span class='ocrx_word' id='word_1_202' title='bbox 171 3724 297 3806; x_wconf 84' lang='lat' dir='ltr'>asserit,</span> <span class='ocrx_word' id='word_1_203' title='bbox 312 3728 346 3789; x_wconf 95' lang='lat' dir='ltr'>in</span> <span class='ocrx_word' id='word_1_204' title='bbox 364 3723 514 3810; x_wconf 84' lang='lat' dir='ltr'>partibus</span> <span class='ocrx_word' id='word_1_205' title='bbox 540 3725 681 3812; x_wconf 83' lang='lat' dir='ltr'>Rugusii</span> <span class='ocrx_word' id='word_1_206' title='bbox 707 3728 794 3792; x_wconf 82' lang='lat' dir='ltr'>cirea</span> <span class='ocrx_word' id='word_1_207' title='bbox 819 3728 973 3794; x_wconf 89' lang='lat' dir='ltr'>milliaria</span> <span class='ocrx_word' id='word_1_208' title='bbox 1000 3729 1074 3794; x_wconf 90' lang='lat' dir='ltr'>XX</span> <span class='ocrx_word' id='word_1_209' title='bbox 1100 3729 1172 3812; x_wconf 87' lang='lat' dir='ltr'>olei,</span> <span class='ocrx_word' id='word_1_210' title='bbox 1199 3739 1232 3797; x_wconf 93' lang='lat' dir='ltr'>et</span> 
     </span>
     <span class='ocr_line' id='line_1_29' title="bbox 93 3831 1231 3919; baseline 0.005 -21"><span class='ocrx_word' id='word_1_211' title='bbox 93 3831 240 3912; x_wconf 86' lang='lat' dir='ltr'>dubitat,</span> <span class='ocrx_word' id='word_1_212' title='bbox 257 3833 345 3916; x_wconf 85' lang='lat' dir='ltr'>quod</span> <span class='ocrx_word' id='word_1_213' title='bbox 363 3833 496 3916; x_wconf 89' lang='lat' dir='ltr'>quidam</span> <span class='ocrx_word' id='word_1_214' title='bbox 514 3835 582 3900; x_wconf 79' lang='lat' dir='ltr'>eius</span> <span class='ocrx_word' id='word_1_215' title='bbox 599 3834 704 3900; x_wconf 84' lang='lat' dir='ltr'>iactor</span> <span class='ocrx_word' id='word_1_216' title='bbox 724 3837 914 3919; x_wconf 88' lang='lat' dir='ltr'>ignoranter</span> <span class='ocrx_word' id='word_1_217' title='bbox 939 3837 1098 3902; x_wconf 86' lang='lat' dir='ltr'>oaricauit</span> <span class='ocrx_word' id='word_1_218' title='bbox 1114 3836 1163 3900; x_wconf 89' lang='lat' dir='ltr'>vel</span> <span class='ocrx_word' id='word_1_219' title='bbox 1180 3860 1231 3904; x_wconf 89' lang='lat' dir='ltr'>oa-</span> 
     </span>
     <span class='ocr_line' id='line_1_30' title="bbox 92 3939 1228 4028; baseline 0.003 -21"><span class='ocrx_word' id='word_1_220' title='bbox 92 3943 181 4007; x_wconf 87' lang='lat' dir='ltr'>rieet</span> <span class='ocrx_word' id='word_1_221' title='bbox 197 3939 319 4010; x_wconf 82' lang='lat' dir='ltr'>dictum</span> <span class='ocrx_word' id='word_1_222' title='bbox 335 3940 442 4006; x_wconf 90' lang='lat' dir='ltr'>oleum</span> <span class='ocrx_word' id='word_1_223' title='bbox 461 3963 557 4026; x_wconf 87' lang='lat' dir='ltr'>super</span> <span class='ocrx_word' id='word_1_224' title='bbox 576 3943 707 4026; x_wconf 88' lang='lat' dir='ltr'>nauigio</span> <span class='ocrx_word' id='word_1_225' title='bbox 733 3942 906 4008; x_wconf 79' lang='lat' dir='ltr'>forensium</span> <span class='ocrx_word' id='word_1_226' title='bbox 932 3963 992 4028; x_wconf 87' lang='lat' dir='ltr'>pro</span> <span class='ocrx_word' id='word_1_227' title='bbox 1018 3945 1228 4011; x_wconf 82' lang='lat' dir='ltr'>conducendo</span> 
     </span>
     <span class='ocr_line' id='line_1_31' title="bbox 93 4045 1231 4132; baseline 0.005 -18"><span class='ocrx_word' id='word_1_228' title='bbox 93 4047 179 4114; x_wconf 87' lang='lat' dir='ltr'>illud</span> <span class='ocrx_word' id='word_1_229' title='bbox 196 4045 374 4130; x_wconf 76' lang='lat' dir='ltr'>Veneoimt3</span> <span class='ocrx_word' id='word_1_230' title='bbox 399 4048 486 4132; x_wconf 87' lang='lat' dir='ltr'>quod</span> <span class='ocrx_word' id='word_1_231' title='bbox 505 4051 532 4113; x_wconf 83' lang='lat' dir='ltr'>si</span> <span class='ocrx_word' id='word_1_232' title='bbox 548 4051 669 4116; x_wconf 86' lang='lat' dir='ltr'>sactum</span> <span class='ocrx_word' id='word_1_233' title='bbox 688 4059 774 4116; x_wconf 86' lang='lat' dir='ltr'>esset</span> <span class='ocrx_word' id='word_1_234' title='bbox 800 4054 851 4118; x_wconf 82' lang='lat' dir='ltr'>uel</span> <span class='ocrx_word' id='word_1_235' title='bbox 876 4051 977 4132; x_wconf 85' lang='lat' dir='ltr'>tieret,</span> <span class='ocrx_word' id='word_1_236' title='bbox 1003 4059 1089 4118; x_wconf 82' lang='lat' dir='ltr'>esset</span> <span class='ocrx_word' id='word_1_237' title='bbox 1114 4061 1231 4120; x_wconf 83' lang='lat' dir='ltr'>eontra</span> 
     </span>
     <span class='ocr_line' id='line_1_32' title="bbox 93 4156 1230 4244; baseline 0.005 -23"><span class='ocrx_word' id='word_1_238' title='bbox 93 4156 237 4221; x_wconf 83' lang='lat' dir='ltr'>formam</span> <span class='ocrx_word' id='word_1_239' title='bbox 255 4156 422 4221; x_wconf 85' lang='lat' dir='ltr'>cuiusdam</span> <span class='ocrx_word' id='word_1_240' title='bbox 439 4158 546 4240; x_wconf 86' lang='lat' dir='ltr'>partis</span> <span class='ocrx_word' id='word_1_241' title='bbox 562 4158 774 4243; x_wconf 76' lang='lat' dir='ltr'>prohibentia,</span> <span class='ocrx_word' id='word_1_242' title='bbox 792 4161 877 4243; x_wconf 86' lang='lat' dir='ltr'>quod</span> <span class='ocrx_word' id='word_1_243' title='bbox 898 4181 962 4224; x_wconf 91' lang='lat' dir='ltr'>non</span> <span class='ocrx_word' id='word_1_244' title='bbox 989 4161 1115 4244; x_wconf 86' lang='lat' dir='ltr'>possint</span> <span class='ocrx_word' id='word_1_245' title='bbox 1141 4161 1230 4227; x_wconf 91' lang='lat' dir='ltr'>intra</span> 
     </span>
     <span class='ocr_line' id='line_1_33' title="bbox 94 4262 1229 4352; baseline 0.006 -23"><span class='ocrx_word' id='word_1_246' title='bbox 94 4262 263 4348; x_wconf 85' lang='lat' dir='ltr'>Oulphum</span> <span class='ocrx_word' id='word_1_247' title='bbox 281 4264 418 4330; x_wconf 83' lang='lat' dir='ltr'>conduci</span> <span class='ocrx_word' id='word_1_248' title='bbox 436 4265 598 4332; x_wconf 86' lang='lat' dir='ltr'>Veneoias</span> <span class='ocrx_word' id='word_1_249' title='bbox 612 4287 684 4332; x_wconf 91' lang='lat' dir='ltr'>oum</span> <span class='ocrx_word' id='word_1_250' title='bbox 694 4268 827 4350; x_wconf 84' lang='lat' dir='ltr'>nauigio</span> <span class='ocrx_word' id='word_1_251' title='bbox 839 4267 1014 4332; x_wconf 84' lang='lat' dir='ltr'>sorensium</span> <span class='ocrx_word' id='word_1_252' title='bbox 1025 4268 1136 4352; x_wconf 86' lang='lat' dir='ltr'>alique</span> <span class='ocrx_word' id='word_1_253' title='bbox 1147 4290 1229 4336; x_wconf 83' lang='lat' dir='ltr'>mer·</span> 
     </span>
     <span class='ocr_line' id='line_1_34' title="bbox 94 4373 1227 4463; baseline 0.004 -27"><span class='ocrx_word' id='word_1_254' title='bbox 94 4373 253 4454; x_wconf 80' lang='lat' dir='ltr'>cationes,</span> <span class='ocrx_word' id='word_1_255' title='bbox 270 4373 332 4438; x_wconf 84' lang='lat' dir='ltr'>nisi</span> <span class='ocrx_word' id='word_1_256' title='bbox 350 4375 494 4458; x_wconf 84' lang='lat' dir='ltr'>quedam</span> <span class='ocrx_word' id='word_1_257' title='bbox 512 4384 679 4460; x_wconf 84' lang='lat' dir='ltr'>exeeptnte</span> <span class='ocrx_word' id='word_1_258' title='bbox 696 4377 726 4440; x_wconf 92' lang='lat' dir='ltr'>in</span> <span class='ocrx_word' id='word_1_259' title='bbox 744 4384 837 4460; x_wconf 79' lang='lat' dir='ltr'>parte</span> <span class='ocrx_word' id='word_1_260' title='bbox 853 4378 1018 4460; x_wconf 83' lang='lat' dir='ltr'>prediotn;</span> <span class='ocrx_word' id='word_1_261' title='bbox 1043 4385 1075 4441; x_wconf 87' lang='lat' dir='ltr'>et</span> <span class='ocrx_word' id='word_1_262' title='bbox 1100 4386 1227 4463; x_wconf 82' lang='lat' dir='ltr'>propte-</span> 
     </span>
     <span class='ocr_line' id='line_1_35' title="bbox 94 4470 1226 4570; baseline 0 -22"><span class='ocrx_word' id='word_1_263' title='bbox 94 4503 155 4548; x_wconf 83' lang='lat' dir='ltr'>rea</span> <span class='ocrx_word' id='word_1_264' title='bbox 172 4483 410 4567; x_wconf 82' lang='lat' dir='ltr'>supplioauerit</span> <span class='ocrx_word' id='word_1_265' title='bbox 426 4470 590 4570; x_wconf 67' lang='lat' dir='ltr'>Dominio,</span> <span class='ocrx_word' id='word_1_266' title='bbox 607 4491 768 4570; x_wconf 80' lang='lat' dir='ltr'>quotenus</span> <span class='ocrx_word' id='word_1_267' title='bbox 780 4484 984 4550; x_wconf 82' lang='lat' dir='ltr'>considerato</span> <span class='ocrx_word' id='word_1_268' title='bbox 997 4507 1073 4550; x_wconf 77' lang='lat' dir='ltr'>mrsu</span> <span class='ocrx_word' id='word_1_269' title='bbox 1091 4493 1124 4551; x_wconf 83' lang='lat' dir='ltr'>et</span> <span class='ocrx_word' id='word_1_270' title='bbox 1140 4488 1226 4568; x_wconf 84' lang='lat' dir='ltr'>igno·</span> 
     </span>
     <span class='ocr_line' id='line_1_36' title="bbox 92 4589 1225 4678; baseline 0.005 -23"><span class='ocrx_word' id='word_1_271' title='bbox 92 4590 212 4661; x_wconf 71' lang='lat' dir='ltr'>louein</span> <span class='ocrx_word' id='word_1_272' title='bbox 229 4589 307 4655; x_wconf 87' lang='lat' dir='ltr'>dicti</span> <span class='ocrx_word' id='word_1_273' title='bbox 324 4589 469 4677; x_wconf 84' lang='lat' dir='ltr'>factoris,</span> <span class='ocrx_word' id='word_1_274' title='bbox 488 4593 572 4678; x_wconf 79' lang='lat' dir='ltr'>quor]</span> <span class='ocrx_word' id='word_1_275' title='bbox 591 4592 803 4660; x_wconf 75' lang='lat' dir='ltr'>sitbveniatur</span> <span class='ocrx_word' id='word_1_276' title='bbox 821 4594 849 4658; x_wconf 87' lang='lat' dir='ltr'>oi</span> <span class='ocrx_word' id='word_1_277' title='bbox 870 4591 909 4656; x_wconf 84' lang='lat' dir='ltr'>de</span> <span class='ocrx_word' id='word_1_278' title='bbox 926 4613 990 4662; x_wconf 88' lang='lat' dir='ltr'>nou</span> <span class='ocrx_word' id='word_1_279' title='bbox 1007 4592 1177 4660; x_wconf 78' lang='lat' dir='ltr'>incidendo</span> <span class='ocrx_word' id='word_1_280' title='bbox 1193 4594 1225 4661; x_wconf 88' lang='lat' dir='ltr'>iu</span> 
     </span>
    </p>
   </div>
   <div class='ocr_carea' id='block_1_8' title="bbox 0 0 1612 5250">
    <p class='ocr_par' dir='ltr' id='par_1_8' title="bbox 0 0 1612 5250">
     <span class='ocr_line' id='line_1_37' title="bbox 0 0 1612 5250; baseline 0 6"><span class='ocrx_word' id='word_1_281' title='bbox 0 0 1612 5250; x_wconf 95' lang='lat' dir='ltr'> </span> 
     </span>
    </p>
   </div>
  </div>
 </body>
</html>
