<?xml version="1.0" encoding="UTF-8"?>
<!DOCTYPE html PUBLIC "-//W3C//DTD XHTML 1.0 Transitional//EN"
    "http://www.w3.org/TR/xhtml1/DTD/xhtml1-transitional.dtd">
<html xmlns="http://www.w3.org/1999/xhtml" xml:lang="en" lang="en">
 <head>
  <title>
</title>
<meta http-equiv="Content-Type" content="text/html;charset=utf-8" />
  <meta name='ocr-system' content='tesseract 3.04.00' />
  <meta name='ocr-capabilities' content='ocr_page ocr_carea ocr_par ocr_line ocrx_word'/>
</head>
<body>
  <div class='ocr_page' id='page_1' title='image "./magyardiplomacz00wenzgoog_0327.png"; bbox 0 0 3134 5254; ppageno 0'>
   <div class='ocr_carea' id='block_1_1' title="bbox 1 605 1188 1456">
    <p class='ocr_par' dir='ltr' id='par_1_1' title="bbox 1 605 1188 1456">
     <span class='ocr_line' id='line_1_1' title="bbox 1 605 1186 702; baseline 0.005 -25"><span class='ocrx_word' id='word_1_1' title='bbox 1 684 2 689; x_wconf 8' lang='grc' dir='ltr'>γ</span> <span class='ocrx_word' id='word_1_2' title='bbox 74 605 221 680; x_wconf 75' lang='lat' dir='ltr'><strong>mittemus</strong></span> <span class='ocrx_word' id='word_1_3' title='bbox 234 608 329 682; x_wconf 88' lang='lat' dir='ltr'>hodie</span> <span class='ocrx_word' id='word_1_4' title='bbox 346 609 418 681; x_wconf 89' lang='lat' dir='ltr'>Bun</span> <span class='ocrx_word' id='word_1_5' title='bbox 436 615 623 682; x_wconf 81' lang='lat' dir='ltr'>Jnlrunnem</span> <span class='ocrx_word' id='word_1_6' title='bbox 640 615 818 682; x_wconf 83' lang='lat' dir='ltr'>Notarium</span> <span class='ocrx_word' id='word_1_7' title='bbox 831 613 871 684; x_wconf 81' lang='lat' dir='ltr'>ud</span> <span class='ocrx_word' id='word_1_8' title='bbox 883 638 1042 702; x_wconf 79' lang='lat' dir='ltr'>eampum.</span> <span class='ocrx_word' id='word_1_9' title='bbox 1060 619 1186 685; x_wconf 83' lang='lat' dir='ltr'>Etcum</span> 
     </span>
     <span class='ocr_line' id='line_1_2' title="bbox 73 723 1188 809; baseline 0.007 -25"><span class='ocrx_word' id='word_1_10' title='bbox 73 723 189 792; x_wconf 75' lang='lat' dir='ltr'>uenerit.</span> <span class='ocrx_word' id='word_1_11' title='bbox 205 724 315 790; x_wconf 80' lang='lat' dir='ltr'>statim</span> <span class='ocrx_word' id='word_1_12' title='bbox 332 725 461 808; x_wconf 81' lang='lat' dir='ltr'>cupium</span> <span class='ocrx_word' id='word_1_13' title='bbox 488 725 630 808; x_wconf 89' lang='lat' dir='ltr'>ipsorum</span> <span class='ocrx_word' id='word_1_14' title='bbox 657 725 873 809; x_wconf 78' lang='lat' dir='ltr'>capitulorum</span> <span class='ocrx_word' id='word_1_15' title='bbox 898 726 1015 794; x_wconf 84' lang='lat' dir='ltr'>Vestre</span> <span class='ocrx_word' id='word_1_16' title='bbox 1033 725 1188 792; x_wconf 87' lang='lat' dir='ltr'>Dominu-</span> 
     </span>
     <span class='ocr_line' id='line_1_3' title="bbox 1 830 1187 919; baseline 0.007 -27"><span class='ocrx_word' id='word_1_17' title='bbox 1 849 2 867; x_wconf 62' lang='lat'>¹</span> <span class='ocrx_word' id='word_1_18' title='bbox 70 830 139 894; x_wconf 88' lang='lat' dir='ltr'>tiuni</span> <span class='ocrx_word' id='word_1_19' title='bbox 161 833 344 899; x_wconf 82' lang='lat' dir='ltr'><strong>curabimus</strong></span> <span class='ocrx_word' id='word_1_20' title='bbox 370 832 545 898; x_wconf 79' lang='lat' dir='ltr'>destinare.</span> <span class='ocrx_word' id='word_1_21' title='bbox 573 831 696 900; x_wconf 86' lang='lat' dir='ltr'>Verum</span> <span class='ocrx_word' id='word_1_22' title='bbox 725 835 800 917; x_wconf 79' lang='lat' dir='ltr'>quis</span> <span class='ocrx_word' id='word_1_23' title='bbox 826 834 953 899; x_wconf 81' lang='lat' dir='ltr'>uidetur</span> <span class='ocrx_word' id='word_1_24' title='bbox 981 833 1083 916; x_wconf 81' lang='lat' dir='ltr'>nobie,</span> <span class='ocrx_word' id='word_1_25' title='bbox 1099 835 1187 919; x_wconf 89' lang='lat' dir='ltr'>quod</span> 
     </span>
     <span class='ocr_line' id='line_1_4' title="bbox 1 938 1185 1026; baseline 0.008 -27"><span class='ocrx_word' id='word_1_26' title='bbox 1 953 3 1026; x_wconf 44' lang='grc' dir='ltr'>ᾗ</span> <span class='ocrx_word' id='word_1_27' title='bbox 69 938 121 1020; x_wconf 93' lang='lat' dir='ltr'>ipsi</span> <span class='ocrx_word' id='word_1_28' title='bbox 136 939 336 1005; x_wconf 77' lang='lat' dir='ltr'>delectentur</span> <span class='ocrx_word' id='word_1_29' title='bbox 361 941 424 1006; x_wconf 87' lang='lat' dir='ltr'>istu</span> <span class='ocrx_word' id='word_1_30' title='bbox 451 939 536 1006; x_wconf 83' lang='lat' dir='ltr'>fucta</span> <span class='ocrx_word' id='word_1_31' title='bbox 562 941 679 1005; x_wconf 86' lang='lat' dir='ltr'>ducere</span> <span class='ocrx_word' id='word_1_32' title='bbox 697 943 729 1006; x_wconf 92' lang='lat' dir='ltr'>in</span> <span class='ocrx_word' id='word_1_33' title='bbox 747 941 889 1026; x_wconf 83' lang='lat' dir='ltr'>longum,</span> <span class='ocrx_word' id='word_1_34' title='bbox 906 949 939 1006; x_wconf 89' lang='lat' dir='ltr'>et</span> <span class='ocrx_word' id='word_1_35' title='bbox 955 942 1116 1006; x_wconf 89' lang='lat' dir='ltr'>nescimus</span> <span class='ocrx_word' id='word_1_36' title='bbox 1144 943 1185 1008; x_wconf 83' lang='lat' dir='ltr'>ed</span> 
     </span>
     <span class='ocr_line' id='line_1_5' title="bbox 69 1047 1187 1132; baseline 0.007 -24"><span class='ocrx_word' id='word_1_37' title='bbox 69 1067 150 1127; x_wconf 86' lang='lat' dir='ltr'>quem</span> <span class='ocrx_word' id='word_1_38' title='bbox 176 1047 290 1128; x_wconf 83' lang='lat' dir='ltr'>tinenr3</span> <span class='ocrx_word' id='word_1_39' title='bbox 314 1048 526 1113; x_wconf 73' lang='lat' dir='ltr'>recordamur</span> <span class='ocrx_word' id='word_1_40' title='bbox 552 1047 777 1113; x_wconf 78' lang='lat' dir='ltr'>Domina-tium</span> <span class='ocrx_word' id='word_1_41' title='bbox 803 1048 932 1130; x_wconf 83' lang='lat' dir='ltr'>Vestre‚</span> <span class='ocrx_word' id='word_1_42' title='bbox 959 1049 1046 1132; x_wconf 87' lang='lat' dir='ltr'>quod</span> <span class='ocrx_word' id='word_1_43' title='bbox 1068 1058 1115 1114; x_wconf 86' lang='lat' dir='ltr'>est</span> <span class='ocrx_word' id='word_1_44' title='bbox 1131 1050 1187 1116; x_wconf 89' lang='lat' dir='ltr'>bo·</span> 
     </span>
     <span class='ocr_line' id='line_1_6' title="bbox 1 1144 1186 1241; baseline 0.004 -26"><span class='ocrx_word' id='word_1_45' title='bbox 1 1179 2 1184; x_wconf 44' lang='lat'>¹</span> <span class='ocrx_word' id='word_1_46' title='bbox 70 1173 143 1236; x_wconf 89' lang='lat' dir='ltr'>num,</span> <span class='ocrx_word' id='word_1_47' title='bbox 160 1157 245 1238; x_wconf 86' lang='lat' dir='ltr'>quod</span> <span class='ocrx_word' id='word_1_48' title='bbox 262 1156 305 1220; x_wconf 83' lang='lat' dir='ltr'>ud</span> <span class='ocrx_word' id='word_1_49' title='bbox 321 1154 410 1221; x_wconf 83' lang='lat' dir='ltr'>facta</span> <span class='ocrx_word' id='word_1_50' title='bbox 427 1144 545 1220; x_wconf 86' lang='lat' dir='ltr'>deinde</span> <span class='ocrx_word' id='word_1_51' title='bbox 566 1156 636 1221; x_wconf 86' lang='lat' dir='ltr'>sitis</span> <span class='ocrx_word' id='word_1_52' title='bbox 653 1157 804 1222; x_wconf 86' lang='lat' dir='ltr'>continue</span> <span class='ocrx_word' id='word_1_53' title='bbox 820 1161 867 1222; x_wconf 85' lang='lat' dir='ltr'>ita</span> <span class='ocrx_word' id='word_1_54' title='bbox 884 1159 1011 1241; x_wconf 86' lang='lat' dir='ltr'>prerisi,</span> <span class='ocrx_word' id='word_1_55' title='bbox 1028 1158 1115 1241; x_wconf 86' lang='lat' dir='ltr'>quod</span> <span class='ocrx_word' id='word_1_56' title='bbox 1131 1159 1186 1222; x_wconf 85' lang='lat' dir='ltr'>hu-</span> 
     </span>
     <span class='ocr_line' id='line_1_7' title="bbox 1 1247 1184 1346; baseline 0.006 -23"><span class='ocrx_word' id='word_1_57' title='bbox 1 1247 2 1316; x_wconf 71' lang='grc' dir='ltr'>Ϊ</span> <span class='ocrx_word' id='word_1_58' title='bbox 67 1282 117 1325; x_wconf 90' lang='lat' dir='ltr'>nor</span> <span class='ocrx_word' id='word_1_59' title='bbox 140 1261 249 1331; x_wconf 82' lang='lat' dir='ltr'>Vestri</span> <span class='ocrx_word' id='word_1_60' title='bbox 276 1263 423 1346; x_wconf 84' lang='lat' dir='ltr'>Dominij</span> <span class='ocrx_word' id='word_1_61' title='bbox 450 1271 667 1330; x_wconf 80' lang='lat' dir='ltr'>couiseruetur.</span> <span class='ocrx_word' id='word_1_62' title='bbox 696 1264 785 1332; x_wconf 81' lang='lat' dir='ltr'>Date</span> <span class='ocrx_word' id='word_1_63' title='bbox 811 1264 938 1330; x_wconf 89' lang='lat' dir='ltr'>Mestre</span> <span class='ocrx_word' id='word_1_64' title='bbox 965 1265 1008 1331; x_wconf 87' lang='lat' dir='ltr'>X.</span> <span class='ocrx_word' id='word_1_65' title='bbox 1032 1264 1184 1332; x_wconf 76' lang='lat' dir='ltr'><strong>Octobris</strong></span> 
     </span>
     <span class='ocr_line' id='line_1_8' title="bbox 1 1369 1137 1456; baseline 0.006 -24"><span class='ocrx_word' id='word_1_66' title='bbox 1 1447 2 1456; x_wconf 9' lang='grc' dir='ltr'>ἵ</span> <span class='ocrx_word' id='word_1_67' title='bbox 68 1369 138 1435; x_wconf 87' lang='lat' dir='ltr'>hors</span> <span class='ocrx_word' id='word_1_68' title='bbox 153 1373 254 1455; x_wconf 83' lang='lat' dir='ltr'>prima</span> <span class='ocrx_word' id='word_1_69' title='bbox 271 1373 346 1455; x_wconf 86' lang='lat' dir='ltr'>diei,</span> <span class='ocrx_word' id='word_1_70' title='bbox 363 1373 537 1439; x_wconf 84' lang='lat' dir='ltr'>indictione</span> <span class='ocrx_word' id='word_1_71' title='bbox 554 1373 623 1439; x_wconf 88' lang='lat' dir='ltr'><strong>III.</strong></span> <span class='ocrx_word' id='word_1_72' title='bbox 760 1373 1010 1440; x_wconf 82' lang='lat' dir='ltr'>Arnbusiatores</span> <span class='ocrx_word' id='word_1_73' title='bbox 1027 1374 1137 1439; x_wconf 79' lang='lat' dir='ltr'>uestri.</span> 
     </span>
    </p>
   </div>
   <div class='ocr_carea' id='block_1_2' title="bbox 185 1569 1049 1656">
    <p class='ocr_par' dir='ltr' id='par_1_2' title="bbox 185 1569 1049 1656">
     <span class='ocr_line' id='line_1_9' title="bbox 185 1569 1049 1656; baseline 0.003 -21"><span class='ocrx_word' id='word_1_74' title='bbox 185 1571 245 1656; x_wconf 77' lang='grc'>46)</span> <span class='ocrx_word' id='word_1_75' title='bbox 271 1569 302 1635; x_wconf 84' lang='lat' dir='ltr'>A</span> <span class='ocrx_word' id='word_1_76' title='bbox 329 1571 560 1636; x_wconf 85' lang='lat' dir='ltr'>relenczei</span> <span class='ocrx_word' id='word_1_77' title='bbox 585 1571 784 1652; x_wconf 63' lang='lat' dir='ltr'>‹luigenek</span> <span class='ocrx_word' id='word_1_78' title='bbox 810 1595 829 1637; x_wconf 86' lang='lat' dir='ltr'>a</span> <span class='ocrx_word' id='word_1_79' title='bbox 852 1571 1049 1639; x_wconf 76' lang='lat' dir='ltr'>kitvetek.</span> 
     </span>
    </p>
   </div>
   <div class='ocr_carea' id='block_1_3' title="bbox 1 1694 1183 4594">
    <p class='ocr_par' dir='ltr' id='par_1_3' title="bbox 1 1694 1183 4594">
     <span class='ocr_line' id='line_1_10' title="bbox 159 1694 1182 1768; baseline 0.002 -6"><span class='ocrx_word' id='word_1_80' title='bbox 159 1694 369 1762; x_wconf 85' lang='lat' dir='ltr'>Serenissime</span> <span class='ocrx_word' id='word_1_81' title='bbox 385 1698 525 1762; x_wconf 86' lang='lat' dir='ltr'>Domine</span> <span class='ocrx_word' id='word_1_82' title='bbox 543 1704 661 1764; x_wconf 83' lang='lat' dir='ltr'>nester.</span> <span class='ocrx_word' id='word_1_83' title='bbox 688 1697 826 1763; x_wconf 77' lang='lat' dir='ltr'><strong>Noverit</strong></span> <span class='ocrx_word' id='word_1_84' title='bbox 855 1699 975 1765; x_wconf 84' lang='lat' dir='ltr'>Vestra</span> <span class='ocrx_word' id='word_1_85' title='bbox 992 1700 1182 1768; x_wconf 84' lang='lat' dir='ltr'>Dumiuatiu</span> 
     </span>
     <span class='ocr_line' id='line_1_11' title="bbox 1 1805 1183 1892; baseline 0.008 -28"><span class='ocrx_word' id='word_1_86' title='bbox 1 1845 2 1864; x_wconf 44' lang='lat' dir='ltr'>i</span> <span class='ocrx_word' id='word_1_87' title='bbox 64 1823 115 1886; x_wconf 90' lang='lat' dir='ltr'>per</span> <span class='ocrx_word' id='word_1_88' title='bbox 130 1813 300 1888; x_wconf 72' lang='lat' dir='ltr'>presentes,</span> <span class='ocrx_word' id='word_1_89' title='bbox 327 1807 413 1888; x_wconf 88' lang='lat' dir='ltr'>quod</span> <span class='ocrx_word' id='word_1_90' title='bbox 440 1805 615 1872; x_wconf 86' lang='lat' dir='ltr'>secundum</span> <span class='ocrx_word' id='word_1_91' title='bbox 633 1807 778 1871; x_wconf 84' lang='lat' dir='ltr'>ordinem</span> <span class='ocrx_word' id='word_1_92' title='bbox 797 1807 867 1871; x_wconf 85' lang='lat' dir='ltr'>heri</span> <span class='ocrx_word' id='word_1_93' title='bbox 884 1806 977 1872; x_wconf 89' lang='lat' dir='ltr'>nohis</span> <span class='ocrx_word' id='word_1_94' title='bbox 996 1807 1106 1874; x_wconf 82' lang='lat' dir='ltr'>dutum</span> <span class='ocrx_word' id='word_1_95' title='bbox 1124 1829 1183 1892; x_wconf 92' lang='lat' dir='ltr'>per</span> 
     </span>
     <span class='ocr_line' id='line_1_12' title="bbox 1 1911 1181 1998; baseline 0.008 -24"><span class='ocrx_word' id='word_1_96' title='bbox 1 1913 2 1958; x_wconf 59' lang='grc' dir='ltr'>ἶ</span> <span class='ocrx_word' id='word_1_97' title='bbox 62 1911 212 1978; x_wconf 86' lang='lat' dir='ltr'>dominum</span> <span class='ocrx_word' id='word_1_98' title='bbox 229 1913 394 1980; x_wconf 73' lang='lat' dir='ltr'>Rutulum</span> <span class='ocrx_word' id='word_1_99' title='bbox 411 1922 443 1980; x_wconf 86' lang='lat' dir='ltr'>et</span> <span class='ocrx_word' id='word_1_100' title='bbox 459 1916 615 1994; x_wconf 77' lang='lat' dir='ltr'>Berones,</span> <span class='ocrx_word' id='word_1_101' title='bbox 632 1923 729 1998; x_wconf 84' lang='lat' dir='ltr'>prout</span> <span class='ocrx_word' id='word_1_102' title='bbox 746 1915 843 1981; x_wconf 86' lang='lat' dir='ltr'>hodie</span> <span class='ocrx_word' id='word_1_103' title='bbox 860 1916 1046 1998; x_wconf 77' lang='lat' dir='ltr'>scripsimus</span> <span class='ocrx_word' id='word_1_104' title='bbox 1062 1915 1181 1984; x_wconf 84' lang='lat' dir='ltr'>Vestre</span> 
     </span>
     <span class='ocr_line' id='line_1_13' title="bbox 63 2016 1182 2102; baseline 0.008 -21.475"><span class='ocrx_word' id='word_1_105' title='bbox 63 2016 286 2102; x_wconf 79' lang='lat' dir='ltr'>Duminstipni,</span> <span class='ocrx_word' id='word_1_106' title='bbox 311 2023 457 2089; x_wconf 89' lang='lat' dir='ltr'>misimus</span> <span class='ocrx_word' id='word_1_107' title='bbox 484 2024 581 2089; x_wconf 89' lang='lat' dir='ltr'>hcdie</span> <span class='ocrx_word' id='word_1_108' title='bbox 606 2023 679 2088; x_wconf 87' lang='lat' dir='ltr'>Bon</span> <span class='ocrx_word' id='word_1_109' title='bbox 705 2022 891 2090; x_wconf 82' lang='lat' dir='ltr'>Johnnnem</span> <span class='ocrx_word' id='word_1_110' title='bbox 920 2024 1089 2089; x_wconf 84' lang='lat' dir='ltr'>Notarium</span> <span class='ocrx_word' id='word_1_111' title='bbox 1110 2047 1182 2090; x_wconf 87' lang='lat' dir='ltr'>uos·</span> 
     </span>
     <span class='ocr_line' id='line_1_14' title="bbox 1 2117 1178 2216; baseline 0.006 -26"><span class='ocrx_word' id='word_1_112' title='bbox 1 2117 2 2154; x_wconf 67' lang='lat'><em>³</em></span> <span class='ocrx_word' id='word_1_113' title='bbox 60 2133 135 2192; x_wconf 87' lang='lat' dir='ltr'>trum</span> <span class='ocrx_word' id='word_1_114' title='bbox 151 2129 191 2194; x_wconf 82' lang='lat' dir='ltr'>ed</span> <span class='ocrx_word' id='word_1_115' title='bbox 209 2151 368 2214; x_wconf 81' lang='lat' dir='ltr'>campum,</span> <span class='ocrx_word' id='word_1_116' title='bbox 385 2131 426 2196; x_wconf 86' lang='lat' dir='ltr'>ud</span> <span class='ocrx_word' id='word_1_117' title='bbox 444 2131 640 2214; x_wconf 78' lang='lat' dir='ltr'>portandum</span> <span class='ocrx_word' id='word_1_118' title='bbox 667 2131 860 2197; x_wconf 85' lang='lat' dir='ltr'>sindicutum</span> <span class='ocrx_word' id='word_1_119' title='bbox 879 2153 951 2196; x_wconf 86' lang='lat' dir='ltr'>cum</span> <span class='ocrx_word' id='word_1_120' title='bbox 968 2133 1070 2216; x_wconf 81' lang='lat' dir='ltr'>copia,</span> <span class='ocrx_word' id='word_1_121' title='bbox 1086 2139 1117 2197; x_wconf 87' lang='lat' dir='ltr'>et</span> <span class='ocrx_word' id='word_1_122' title='bbox 1135 2132 1178 2197; x_wconf 86' lang='lat' dir='ltr'>ad</span> 
     </span>
     <span class='ocr_line' id='line_1_15' title="bbox 1 2239 1179 2325; baseline 0.006 -27"><span class='ocrx_word' id='word_1_123' title='bbox 1 2243 2 2314; x_wconf 46' lang='grc' dir='ltr'>ᾗ</span> <span class='ocrx_word' id='word_1_124' title='bbox 60 2239 271 2320; x_wconf 80' lang='lat' dir='ltr'>accipiendum</span> <span class='ocrx_word' id='word_1_125' title='bbox 289 2239 434 2323; x_wconf 79' lang='lat' dir='ltr'>capitula</span> <span class='ocrx_word' id='word_1_126' title='bbox 451 2261 570 2321; x_wconf 73' lang='lat' dir='ltr'>eorum,</span> <span class='ocrx_word' id='word_1_127' title='bbox 582 2262 644 2323; x_wconf 87' lang='lat' dir='ltr'>que</span> <span class='ocrx_word' id='word_1_128' title='bbox 655 2240 803 2306; x_wconf 80' lang='lat' dir='ltr'>(lominus</span> <span class='ocrx_word' id='word_1_129' title='bbox 820 2240 891 2306; x_wconf 85' lang='lat' dir='ltr'>Rex</span> <span class='ocrx_word' id='word_1_130' title='bbox 911 2249 945 2307; x_wconf 90' lang='lat' dir='ltr'>et</span> <span class='ocrx_word' id='word_1_131' title='bbox 959 2241 1014 2325; x_wconf 84' lang='lat' dir='ltr'>ulij</span> <span class='ocrx_word' id='word_1_132' title='bbox 1033 2241 1179 2324; x_wconf 80' lang='lat' dir='ltr'>colligati</span> 
     </span>
     <span class='ocr_line' id='line_1_16' title="bbox 1 2346 1179 2431; baseline 0.004 -23"><span class='ocrx_word' id='word_1_133' title='bbox 1 2361 2 2408; x_wconf 69' lang='grc' dir='ltr'>ἒ</span> <span class='ocrx_word' id='word_1_134' title='bbox 61 2351 164 2425; x_wconf 88' lang='lat' dir='ltr'>petunt</span> <span class='ocrx_word' id='word_1_135' title='bbox 180 2367 236 2412; x_wconf 86' lang='lat' dir='ltr'>seu</span> <span class='ocrx_word' id='word_1_136' title='bbox 253 2353 363 2431; x_wconf 88' lang='lat' dir='ltr'>petere</span> <span class='ocrx_word' id='word_1_137' title='bbox 380 2348 502 2430; x_wconf 87' lang='lat' dir='ltr'>velunt,</span> <span class='ocrx_word' id='word_1_138' title='bbox 520 2347 742 2412; x_wconf 81' lang='lat' dir='ltr'>Dominationi</span> <span class='ocrx_word' id='word_1_139' title='bbox 760 2346 889 2415; x_wconf 87' lang='lat' dir='ltr'>Vestre.</span> <span class='ocrx_word' id='word_1_140' title='bbox 910 2349 955 2415; x_wconf 86' lang='lat' dir='ltr'>Et</span> <span class='ocrx_word' id='word_1_141' title='bbox 973 2350 1055 2415; x_wconf 84' lang='lat' dir='ltr'>sicut</span> <span class='ocrx_word' id='word_1_142' title='bbox 1073 2350 1179 2414; x_wconf 81' lang='lat' dir='ltr'>dictus</span> 
     </span>
     <span class='ocr_line' id='line_1_17' title="bbox 1 2447 1179 2540; baseline 0.01 -29"><span class='ocrx_word' id='word_1_143' title='bbox 1 2447 2 2530; x_wconf 84' lang='lat' dir='ltr'>j</span> <span class='ocrx_word' id='word_1_144' title='bbox 59 2447 122 2516; x_wconf 89' lang='lat' dir='ltr'>Bun</span> <span class='ocrx_word' id='word_1_145' title='bbox 138 2452 308 2520; x_wconf 79' lang='lat' dir='ltr'>dchunnes</span> <span class='ocrx_word' id='word_1_146' title='bbox 324 2455 388 2520; x_wconf 78' lang='lat' dir='ltr'>fuit</span> <span class='ocrx_word' id='word_1_147' title='bbox 405 2456 445 2520; x_wconf 80' lang='lat' dir='ltr'>ud</span> <span class='ocrx_word' id='word_1_148' title='bbox 463 2477 620 2539; x_wconf 79' lang='lat' dir='ltr'>eanrpnm,</span> <span class='ocrx_word' id='word_1_149' title='bbox 637 2456 705 2540; x_wconf 88' lang='lat' dir='ltr'>ipse</span> <span class='ocrx_word' id='word_1_150' title='bbox 722 2456 858 2537; x_wconf 79' lang='lat' dir='ltr'>inuenit,</span> <span class='ocrx_word' id='word_1_151' title='bbox 874 2457 961 2540; x_wconf 85' lang='lat' dir='ltr'>quod</span> <span class='ocrx_word' id='word_1_152' title='bbox 979 2462 1045 2522; x_wconf 89' lang='lat' dir='ltr'>tres</span> <span class='ocrx_word' id='word_1_153' title='bbox 1059 2457 1179 2523; x_wconf 72' lang='lat' dir='ltr'>Ambu-</span> 
     </span>
     <span class='ocr_line' id='line_1_18' title="bbox 58 2558 1179 2645; baseline 0.01 -27.419"><span class='ocrx_word' id='word_1_154' title='bbox 58 2558 183 2627; x_wconf 84' lang='lat' dir='ltr'>siutcres</span> <span class='ocrx_word' id='word_1_155' title='bbox 199 2562 424 2645; x_wconf 75' lang='lat' dir='ltr'>dannensium,</span> <span class='ocrx_word' id='word_1_156' title='bbox 442 2561 692 2630; x_wconf 85' lang='lat' dir='ltr'>Ambasiutores</span> <span class='ocrx_word' id='word_1_157' title='bbox 709 2562 832 2630; x_wconf 91' lang='lat' dir='ltr'>domini</span> <span class='ocrx_word' id='word_1_158' title='bbox 851 2563 1045 2630; x_wconf 86' lang='lat' dir='ltr'>Putriurche</span> <span class='ocrx_word' id='word_1_159' title='bbox 1063 2570 1096 2630; x_wconf 87' lang='lat' dir='ltr'>et</span> <span class='ocrx_word' id='word_1_160' title='bbox 1112 2563 1179 2629; x_wconf 83' lang='lat' dir='ltr'>Du·</span> 
     </span>
     <span class='ocr_line' id='line_1_19' title="bbox 58 2667 1178 2756; baseline 0.007 -27.613"><span class='ocrx_word' id='word_1_161' title='bbox 58 2667 126 2733; x_wconf 92' lang='lat' dir='ltr'>mini</span> <span class='ocrx_word' id='word_1_162' title='bbox 143 2669 257 2736; x_wconf 87' lang='lat' dir='ltr'>Puduc</span> <span class='ocrx_word' id='word_1_163' title='bbox 274 2672 440 2737; x_wconf 83' lang='lat' dir='ltr'>redierant</span> <span class='ocrx_word' id='word_1_164' title='bbox 456 2671 497 2736; x_wconf 87' lang='lat' dir='ltr'>ud</span> <span class='ocrx_word' id='word_1_165' title='bbox 515 2693 671 2756; x_wconf 82' lang='lat' dir='ltr'>eampum.</span> <span class='ocrx_word' id='word_1_166' title='bbox 689 2671 785 2736; x_wconf 86' lang='lat' dir='ltr'>Unde</span> <span class='ocrx_word' id='word_1_167' title='bbox 803 2672 952 2738; x_wconf 87' lang='lat' dir='ltr'>dominus</span> <span class='ocrx_word' id='word_1_168' title='bbox 968 2671 1115 2738; x_wconf 83' lang='lat' dir='ltr'>Karolus</span> <span class='ocrx_word' id='word_1_169' title='bbox 1132 2671 1178 2736; x_wconf 91' lang='lat' dir='ltr'>di·</span> 
     </span>
     <span class='ocr_line' id='line_1_20' title="bbox 1 2765 1178 2863; baseline 0.005 -25"><span class='ocrx_word' id='word_1_170' title='bbox 1 2765 2 2828; x_wconf 40' lang='lat' dir='ltr'>t</span> <span class='ocrx_word' id='word_1_171' title='bbox 56 2777 96 2841; x_wconf 81' lang='lat' dir='ltr'>xit</span> <span class='ocrx_word' id='word_1_172' title='bbox 120 2777 191 2843; x_wconf 86' lang='lat' dir='ltr'>Bon</span> <span class='ocrx_word' id='word_1_173' title='bbox 217 2779 366 2846; x_wconf 80' lang='lat' dir='ltr'>Johanni</span> <span class='ocrx_word' id='word_1_174' title='bbox 391 2781 549 2863; x_wconf 80' lang='lat' dir='ltr'>predietc,</span> <span class='ocrx_word' id='word_1_175' title='bbox 577 2779 663 2862; x_wconf 88' lang='lat' dir='ltr'>quod</span> <span class='ocrx_word' id='word_1_176' title='bbox 689 2779 834 2862; x_wconf 82' lang='lat' dir='ltr'>colligati</span> <span class='ocrx_word' id='word_1_177' title='bbox 852 2781 971 2846; x_wconf 84' lang='lat' dir='ltr'>reversi</span> <span class='ocrx_word' id='word_1_178' title='bbox 989 2780 1119 2847; x_wconf 81' lang='lat' dir='ltr'>suerunt</span> <span class='ocrx_word' id='word_1_179' title='bbox 1135 2779 1178 2845; x_wconf 86' lang='lat' dir='ltr'>ud</span> 
     </span>
     <span class='ocr_line' id='line_1_21' title="bbox 1 2870 1177 2972; baseline 0.003 -25"><span class='ocrx_word' id='word_1_180' title='bbox 1 2870 2 2938; x_wconf 56' lang='lat' dir='ltr'>r</span> <span class='ocrx_word' id='word_1_181' title='bbox 56 2905 193 2969; x_wconf 83' lang='lat' dir='ltr'>cumpum</span> <span class='ocrx_word' id='word_1_182' title='bbox 221 2888 376 2969; x_wconf 68' lang='lat' dir='ltr'>dieentes</span> <span class='ocrx_word' id='word_1_183' title='bbox 402 2887 489 2972; x_wconf 88' lang='lat' dir='ltr'>quud</span> <span class='ocrx_word' id='word_1_184' title='bbox 516 2895 587 2954; x_wconf 84' lang='lat' dir='ltr'>erat</span> <span class='ocrx_word' id='word_1_185' title='bbox 614 2889 817 2970; x_wconf 81' lang='lat' dir='ltr'>conveniens,</span> <span class='ocrx_word' id='word_1_186' title='bbox 846 2889 931 2972; x_wconf 85' lang='lat' dir='ltr'>quud</span> <span class='ocrx_word' id='word_1_187' title='bbox 950 2888 991 2954; x_wconf 82' lang='lat' dir='ltr'>ed</span> <span class='ocrx_word' id='word_1_188' title='bbox 1009 2889 1095 2954; x_wconf 83' lang='lat' dir='ltr'>istud</span> <span class='ocrx_word' id='word_1_189' title='bbox 1112 2889 1177 2970; x_wconf 88' lang='lat' dir='ltr'>pri-</span> 
     </span>
     <span class='ocr_line' id='line_1_22' title="bbox 56 2993 1175 3080; baseline 0.006 -25"><span class='ocrx_word' id='word_1_190' title='bbox 56 3011 132 3058; x_wconf 90' lang='lat' dir='ltr'>mum</span> <span class='ocrx_word' id='word_1_191' title='bbox 149 3002 268 3076; x_wconf 82' lang='lat' dir='ltr'>actum,</span> <span class='ocrx_word' id='word_1_192' title='bbox 283 2995 433 3061; x_wconf 79' lang='lat' dir='ltr'>uidelicet</span> <span class='ocrx_word' id='word_1_193' title='bbox 450 2997 493 3060; x_wconf 84' lang='lat' dir='ltr'>ad</span> <span class='ocrx_word' id='word_1_194' title='bbox 511 2993 743 3080; x_wconf 77' lang='lat' dir='ltr'>porrigendum</span> <span class='ocrx_word' id='word_1_195' title='bbox 769 2995 924 3080; x_wconf 79' lang='lat' dir='ltr'>capitula,</span> <span class='ocrx_word' id='word_1_196' title='bbox 940 3002 1051 3079; x_wconf 86' lang='lat' dir='ltr'>partes</span> <span class='ocrx_word' id='word_1_197' title='bbox 1068 3004 1175 3062; x_wconf 83' lang='lat' dir='ltr'>essent</span> 
     </span>
     <span class='ocr_line' id='line_1_23' title="bbox 55 3102 1176 3186; baseline 0.003 -21.862"><span class='ocrx_word' id='word_1_198' title='bbox 55 3109 220 3182; x_wconf 79' lang='lat' dir='ltr'>presentes,</span> <span class='ocrx_word' id='word_1_199' title='bbox 238 3102 418 3168; x_wconf 76' lang='lat' dir='ltr'>ordinando</span> <span class='ocrx_word' id='word_1_200' title='bbox 436 3102 539 3168; x_wconf 84' lang='lat' dir='ltr'>eidem</span> <span class='ocrx_word' id='word_1_201' title='bbox 557 3104 630 3169; x_wconf 89' lang='lat' dir='ltr'>Bou</span> <span class='ocrx_word' id='word_1_202' title='bbox 646 3105 800 3184; x_wconf 70' lang='lat' dir='ltr'>Juhmmi,</span> <span class='ocrx_word' id='word_1_203' title='bbox 818 3103 904 3186; x_wconf 86' lang='lat' dir='ltr'>quud</span> <span class='ocrx_word' id='word_1_204' title='bbox 922 3103 1078 3168; x_wconf 84' lang='lat' dir='ltr'>velociter</span> <span class='ocrx_word' id='word_1_205' title='bbox 1093 3103 1176 3168; x_wconf 87' lang='lat' dir='ltr'>redi·</span> 
     </span>
     <span class='ocr_line' id='line_1_24' title="bbox 53 3210 1175 3296; baseline 0 -21"><span class='ocrx_word' id='word_1_206' title='bbox 53 3215 96 3273; x_wconf 90' lang='lat' dir='ltr'>ret</span> <span class='ocrx_word' id='word_1_207' title='bbox 119 3232 178 3294; x_wconf 89' lang='lat' dir='ltr'>pru</span> <span class='ocrx_word' id='word_1_208' title='bbox 202 3211 304 3293; x_wconf 84' lang='lat' dir='ltr'>nubis,</span> <span class='ocrx_word' id='word_1_209' title='bbox 329 3212 415 3295; x_wconf 84' lang='lat' dir='ltr'>quud</span> <span class='ocrx_word' id='word_1_210' title='bbox 442 3213 561 3276; x_wconf 85' lang='lat' dir='ltr'>ircunrs</span> <span class='ocrx_word' id='word_1_211' title='bbox 578 3212 620 3277; x_wconf 82' lang='lat' dir='ltr'>sd</span> <span class='ocrx_word' id='word_1_212' title='bbox 637 3234 797 3296; x_wconf 81' lang='lat' dir='ltr'>currrpum.</span> <span class='ocrx_word' id='word_1_213' title='bbox 822 3213 873 3278; x_wconf 86' lang='lat' dir='ltr'>Ex</span> <span class='ocrx_word' id='word_1_214' title='bbox 900 3233 965 3294; x_wconf 84' lang='lat' dir='ltr'>quo</span> <span class='ocrx_word' id='word_1_215' title='bbox 981 3211 1087 3276; x_wconf 88' lang='lat' dir='ltr'>dictus</span> <span class='ocrx_word' id='word_1_216' title='bbox 1103 3210 1175 3275; x_wconf 84' lang='lat' dir='ltr'>Bon</span> 
     </span>
     <span class='ocr_line' id='line_1_25' title="bbox 1 3316 1175 3404; baseline 0.003 -26"><span class='ocrx_word' id='word_1_217' title='bbox 1 3336 2 3366; x_wconf 71' lang='lat'>1</span> <span class='ocrx_word' id='word_1_218' title='bbox 53 3316 468 3404; x_wconf 76' lang='lat' dir='ltr'>.10hannesredijtutest1e</span> <span class='ocrx_word' id='word_1_219' title='bbox 486 3321 597 3404; x_wconf 78' lang='lat' dir='ltr'>elapsu</span> <span class='ocrx_word' id='word_1_220' title='bbox 614 3321 695 3387; x_wconf 85' lang='lat' dir='ltr'>hura</span> <span class='ocrx_word' id='word_1_221' title='bbox 712 3321 798 3386; x_wconf 81' lang='lat' dir='ltr'><strong>IIII.</strong></span> <span class='ocrx_word' id='word_1_222' title='bbox 815 3320 886 3400; x_wconf 66' lang='lat' dir='ltr'>diei</span> <span class='ocrx_word' id='word_1_223' title='bbox 903 3328 933 3385; x_wconf 89' lang='lat' dir='ltr'>et</span> <span class='ocrx_word' id='word_1_224' title='bbox 953 3319 1068 3386; x_wconf 87' lang='lat' dir='ltr'>retulit</span> <span class='ocrx_word' id='word_1_225' title='bbox 1083 3319 1175 3384; x_wconf 87' lang='lat' dir='ltr'>nobis</span> 
     </span>
     <span class='ocr_line' id='line_1_26' title="bbox 1 3427 1174 3512; baseline 0.006 -25"><span class='ocrx_word' id='word_1_226' title='bbox 1 3433 2 3440; x_wconf 77' lang='grc'>’</span> <span class='ocrx_word' id='word_1_227' title='bbox 53 3427 151 3493; x_wconf 85' lang='lat' dir='ltr'>omniu</span> <span class='ocrx_word' id='word_1_228' title='bbox 176 3427 376 3512; x_wconf 78' lang='lat' dir='ltr'>supradicte,</span> <span class='ocrx_word' id='word_1_229' title='bbox 401 3451 463 3511; x_wconf 85' lang='lat' dir='ltr'>que</span> <span class='ocrx_word' id='word_1_230' title='bbox 495 3427 556 3492; x_wconf 85' lang='lat' dir='ltr'>sibi</span> <span class='ocrx_word' id='word_1_231' title='bbox 582 3431 711 3494; x_wconf 81' lang='lat' dir='ltr'>dixerat</span> <span class='ocrx_word' id='word_1_232' title='bbox 730 3430 836 3494; x_wconf 87' lang='lat' dir='ltr'>dictus</span> <span class='ocrx_word' id='word_1_233' title='bbox 853 3429 1001 3494; x_wconf 78' lang='lat' dir='ltr'>denrinus</span> <span class='ocrx_word' id='word_1_234' title='bbox 1018 3427 1174 3494; x_wconf 79' lang='lat' dir='ltr'>Kurolus</span> 
     </span>
     <span class='ocr_line' id='line_1_27' title="bbox 54 3531 1175 3621; baseline 0 -23"><span class='ocrx_word' id='word_1_235' title='bbox 54 3531 168 3616; x_wconf 80' lang='lat' dir='ltr'>Quibus</span> <span class='ocrx_word' id='word_1_236' title='bbox 185 3536 309 3602; x_wconf 77' lang='lat' dir='ltr'>uuetitis</span> <span class='ocrx_word' id='word_1_237' title='bbox 336 3537 455 3618; x_wconf 83' lang='lat' dir='ltr'>statim,</span> <span class='ocrx_word' id='word_1_238' title='bbox 473 3537 713 3603; x_wconf 87' lang='lat' dir='ltr'>conserentibus</span> <span class='ocrx_word' id='word_1_239' title='bbox 729 3537 834 3621; x_wconf 90' lang='lat' dir='ltr'>primo</span> <span class='ocrx_word' id='word_1_240' title='bbox 852 3535 945 3601; x_wconf 85' lang='lat' dir='ltr'>nobis</span> <span class='ocrx_word' id='word_1_241' title='bbox 962 3535 1111 3601; x_wconf 81' lang='lat' dir='ltr'>uniriibus</span> <span class='ocrx_word' id='word_1_242' title='bbox 1127 3537 1175 3600; x_wconf 92' lang='lat' dir='ltr'>in·</span> 
     </span>
     <span class='ocr_line' id='line_1_28' title="bbox 52 3642 1174 3726; baseline 0.003 -22.87"><span class='ocrx_word' id='word_1_243' title='bbox 52 3642 218 3724; x_wconf 66' lang='lat' dir='ltr'>simetrius</span> <span class='ocrx_word' id='word_1_244' title='bbox 236 3645 396 3711; x_wconf 87' lang='lat' dir='ltr'>Nieuluus</span> <span class='ocrx_word' id='word_1_245' title='bbox 414 3646 623 3726; x_wconf 79' lang='lat' dir='ltr'>Muurccenc,</span> <span class='ocrx_word' id='word_1_246' title='bbox 640 3645 785 3710; x_wconf 81' lang='lat' dir='ltr'>Jasouus</span> <span class='ocrx_word' id='word_1_247' title='bbox 801 3644 841 3710; x_wconf 89' lang='lat' dir='ltr'>de</span> <span class='ocrx_word' id='word_1_248' title='bbox 858 3643 987 3722; x_wconf 85' lang='lat' dir='ltr'>Priulis,</span> <span class='ocrx_word' id='word_1_249' title='bbox 1006 3642 1174 3709; x_wconf 69' lang='lat' dir='ltr'>‚iulienses</span> 
     </span>
     <span class='ocr_line' id='line_1_29' title="bbox 1 3744 1172 3834; baseline 0.004 -22"><span class='ocrx_word' id='word_1_250' title='bbox 1 3744 3 3753; x_wconf 81' lang='lat'>&#39;</span> <span class='ocrx_word' id='word_1_251' title='bbox 52 3746 228 3819; x_wconf 80' lang='lat' dir='ltr'>Gradunien</span> <span class='ocrx_word' id='word_1_252' title='bbox 254 3760 286 3818; x_wconf 88' lang='lat' dir='ltr'>et</span> <span class='ocrx_word' id='word_1_253' title='bbox 313 3753 458 3818; x_wconf 86' lang='lat' dir='ltr'>Miehuel</span> <span class='ocrx_word' id='word_1_254' title='bbox 474 3754 674 3819; x_wconf 82' lang='lat' dir='ltr'>Meurocenu</span> <span class='ocrx_word' id='word_1_255' title='bbox 694 3753 811 3818; x_wconf 75' lang='lat' dir='ltr'>ivimus</span> <span class='ocrx_word' id='word_1_256' title='bbox 829 3752 870 3816; x_wconf 84' lang='lat' dir='ltr'>ud</span> <span class='ocrx_word' id='word_1_257' title='bbox 888 3773 1046 3834; x_wconf 63' lang='lat' dir='ltr'>(eampum,</span> <span class='ocrx_word' id='word_1_258' title='bbox 1064 3758 1094 3816; x_wconf 87' lang='lat' dir='ltr'>et</span> <span class='ocrx_word' id='word_1_259' title='bbox 1113 3750 1172 3817; x_wconf 85' lang='lat' dir='ltr'>fui·</span> 
     </span>
     <span class='ocr_line' id='line_1_30' title="bbox 1 3853 1172 3944; baseline 0.003 -24"><span class='ocrx_word' id='word_1_260' title='bbox 1 3853 2 3898; x_wconf 68' lang='lat' dir='ltr'>t</span> <span class='ocrx_word' id='word_1_261' title='bbox 51 3861 167 3925; x_wconf 83' lang='lat' dir='ltr'>eiusad</span> <span class='ocrx_word' id='word_1_262' title='bbox 185 3863 385 3944; x_wconf 85' lang='lat' dir='ltr'>presentium</span> <span class='ocrx_word' id='word_1_263' title='bbox 414 3861 535 3926; x_wconf 87' lang='lat' dir='ltr'>demini</span> <span class='ocrx_word' id='word_1_264' title='bbox 561 3861 680 3928; x_wconf 82' lang='lat' dir='ltr'>Kuroti</span> <span class='ocrx_word' id='word_1_265' title='bbox 699 3867 730 3926; x_wconf 84' lang='lat' dir='ltr'>et</span> <span class='ocrx_word' id='word_1_266' title='bbox 747 3862 883 3926; x_wconf 79' lang='lat' dir='ltr'>eliorum</span> <span class='ocrx_word' id='word_1_267' title='bbox 901 3860 1075 3943; x_wconf 76' lang='lat' dir='ltr'>Beronum,</span> <span class='ocrx_word' id='word_1_268' title='bbox 1092 3862 1172 3924; x_wconf 82' lang='lat' dir='ltr'>exis-</span> 
     </span>
     <span class='ocr_line' id='line_1_31' title="bbox 1 3968 1172 4038; baseline 0.003 -8"><span class='ocrx_word' id='word_1_269' title='bbox 1 4035 2 4038; x_wconf 48' lang='lat'>,</span> <span class='ocrx_word' id='word_1_270' title='bbox 51 3968 184 4033; x_wconf 84' lang='lat' dir='ltr'>tentibus</span> <span class='ocrx_word' id='word_1_271' title='bbox 199 3991 270 4034; x_wconf 85' lang='lat' dir='ltr'>cunr</span> <span class='ocrx_word' id='word_1_272' title='bbox 289 3972 335 4034; x_wconf 85' lang='lat' dir='ltr'>eis</span> <span class='ocrx_word' id='word_1_273' title='bbox 352 3969 448 4036; x_wconf 83' lang='lat' dir='ltr'>dictis</span> <span class='ocrx_word' id='word_1_274' title='bbox 466 3971 571 4036; x_wconf 89' lang='lat' dir='ltr'>tribus</span> <span class='ocrx_word' id='word_1_275' title='bbox 590 3969 792 4036; x_wconf 83' lang='lat' dir='ltr'>Ambusiutis</span> <span class='ocrx_word' id='word_1_276' title='bbox 809 3968 1027 4034; x_wconf 83' lang='lat' dir='ltr'>Januensium</span> <span class='ocrx_word' id='word_1_277' title='bbox 1044 3974 1076 4032; x_wconf 86' lang='lat' dir='ltr'>et-</span> <span class='ocrx_word' id='word_1_278' title='bbox 1092 3969 1172 4033; x_wconf 81' lang='lat' dir='ltr'>stic-</span> 
     </span>
     <span class='ocr_line' id='line_1_32' title="bbox 1 4077 1170 4167; baseline 0.005 -32"><span class='ocrx_word' id='word_1_279' title='bbox 1 4098 2 4167; x_wconf 18' lang='grc' dir='ltr'>ᾖ</span> <span class='ocrx_word' id='word_1_280' title='bbox 51 4094 113 4140; x_wconf 90' lang='lat' dir='ltr'>rum</span> <span class='ocrx_word' id='word_1_281' title='bbox 129 4079 367 4163; x_wconf 79' lang='lat' dir='ltr'>colligatorum.</span> <span class='ocrx_word' id='word_1_282' title='bbox 393 4080 439 4145; x_wconf 76' lang='lat' dir='ltr'>Er.</span> <span class='ocrx_word' id='word_1_283' title='bbox 456 4079 533 4144; x_wconf 91' lang='lat' dir='ltr'>dum</span> <span class='ocrx_word' id='word_1_284' title='bbox 559 4101 701 4144; x_wconf 83' lang='lat' dir='ltr'>essemus</span> <span class='ocrx_word' id='word_1_285' title='bbox 718 4080 760 4144; x_wconf 82' lang='lat' dir='ltr'>ud</span> <span class='ocrx_word' id='word_1_286' title='bbox 777 4079 973 4162; x_wconf 83' lang='lat' dir='ltr'>presentium</span> <span class='ocrx_word' id='word_1_287' title='bbox 992 4099 1092 4157; x_wconf 82' lang='lat' dir='ltr'>suurn,</span> <span class='ocrx_word' id='word_1_288' title='bbox 1109 4077 1170 4161; x_wconf 83' lang='lat' dir='ltr'>ipsi</span> 
     </span>
     <span class='ocr_line' id='line_1_33' title="bbox 1 4184 1171 4270; baseline 0.002 -24"><span class='ocrx_word' id='word_1_289' title='bbox 1 4198 2 4246; x_wconf 56' lang='grc' dir='ltr'>ἰ</span> <span class='ocrx_word' id='word_1_290' title='bbox 53 4185 147 4264; x_wconf 84' lang='lat' dir='ltr'>primu</span> <span class='ocrx_word' id='word_1_291' title='bbox 173 4187 284 4252; x_wconf 80' lang='lat' dir='ltr'>ridere</span> <span class='ocrx_word' id='word_1_292' title='bbox 310 4187 483 4252; x_wconf 78' lang='lat' dir='ltr'>uetuerunt</span> <span class='ocrx_word' id='word_1_293' title='bbox 510 4188 706 4252; x_wconf 82' lang='lat' dir='ltr'>sindieutum</span> <span class='ocrx_word' id='word_1_294' title='bbox 733 4193 888 4266; x_wconf 65' lang='lat' dir='ltr'>nostrum,</span> <span class='ocrx_word' id='word_1_295' title='bbox 914 4187 968 4270; x_wconf 81' lang='lat' dir='ltr'>qui</span> <span class='ocrx_word' id='word_1_296' title='bbox 993 4187 1095 4250; x_wconf 86' lang='lat' dir='ltr'>lectus</span> <span class='ocrx_word' id='word_1_297' title='bbox 1111 4184 1171 4249; x_wconf 85' lang='lat' dir='ltr'>fuit</span> 
     </span>
     <span class='ocr_line' id='line_1_34' title="bbox 1 4291 1172 4382; baseline 0.004 -30"><span class='ocrx_word' id='word_1_298' title='bbox 1 4377 2 4382; x_wconf 7' lang='grc' dir='ltr'>η</span> <span class='ocrx_word' id='word_1_299' title='bbox 52 4291 78 4356; x_wconf 92' lang='lat' dir='ltr'>in</span> <span class='ocrx_word' id='word_1_300' title='bbox 93 4301 261 4380; x_wconf 76' lang='lat' dir='ltr'>conspeetu</span> <span class='ocrx_word' id='word_1_301' title='bbox 279 4296 430 4360; x_wconf 86' lang='lat' dir='ltr'>omnium.</span> <span class='ocrx_word' id='word_1_302' title='bbox 449 4297 493 4361; x_wconf 76' lang='lat' dir='ltr'>Et</span> <span class='ocrx_word' id='word_1_303' title='bbox 510 4297 594 4361; x_wconf 84' lang='lat' dir='ltr'>lectu</span> <span class='ocrx_word' id='word_1_304' title='bbox 621 4295 783 4360; x_wconf 88' lang='lat' dir='ltr'>sindieutu</span> <span class='ocrx_word' id='word_1_305' title='bbox 812 4317 869 4378; x_wconf 91' lang='lat' dir='ltr'>per</span> <span class='ocrx_word' id='word_1_306' title='bbox 886 4294 1032 4360; x_wconf 78' lang='lat' dir='ltr'>Berones</span> <span class='ocrx_word' id='word_1_307' title='bbox 1049 4292 1172 4357; x_wconf 80' lang='lat' dir='ltr'>‹lunriri</span> 
     </span>
     <span class='ocr_line' id='line_1_35' title="bbox 1 4397 1171 4487; baseline 0.001 -23"><span class='ocrx_word' id='word_1_308' title='bbox 1 4399 2 4406; x_wconf 61' lang='lat'><em>&#39;</em></span> <span class='ocrx_word' id='word_1_309' title='bbox 51 4397 139 4485; x_wconf 85' lang='lat' dir='ltr'>Regis</span> <span class='ocrx_word' id='word_1_310' title='bbox 164 4412 281 4487; x_wconf 78' lang='lat' dir='ltr'>paratu</span> <span class='ocrx_word' id='word_1_311' title='bbox 309 4403 369 4468; x_wconf 83' lang='lat' dir='ltr'>fuit</span> <span class='ocrx_word' id='word_1_312' title='bbox 396 4403 489 4469; x_wconf 86' lang='lat' dir='ltr'>nubis</span> <span class='ocrx_word' id='word_1_313' title='bbox 514 4405 619 4487; x_wconf 87' lang='lat' dir='ltr'>primu</span> <span class='ocrx_word' id='word_1_314' title='bbox 646 4425 712 4469; x_wconf 86' lang='lat' dir='ltr'>unu</span> <span class='ocrx_word' id='word_1_315' title='bbox 737 4403 853 4467; x_wconf 84' lang='lat' dir='ltr'>eedulu</span> <span class='ocrx_word' id='word_1_316' title='bbox 877 4401 1090 4484; x_wconf 72' lang='lat' dir='ltr'>uuunder-um</span> <span class='ocrx_word' id='word_1_317' title='bbox 1108 4423 1171 4484; x_wconf 87' lang='lat' dir='ltr'>que</span> 
     </span>
     <span class='ocr_line' id='line_1_36' title="bbox 1 4491 1170 4594; baseline 0.001 -22"><span class='ocrx_word' id='word_1_318' title='bbox 1 4491 2 4572; x_wconf 67' lang='lat'><em>]</em></span> <span class='ocrx_word' id='word_1_319' title='bbox 51 4511 120 4588; x_wconf 86' lang='lat' dir='ltr'>petit</span> <span class='ocrx_word' id='word_1_320' title='bbox 146 4510 296 4576; x_wconf 88' lang='lat' dir='ltr'>dominus</span> <span class='ocrx_word' id='word_1_321' title='bbox 323 4511 414 4591; x_wconf 81' lang='lat' dir='ltr'>Rex3</span> <span class='ocrx_word' id='word_1_322' title='bbox 438 4511 577 4577; x_wconf 81' lang='lat' dir='ltr'>secunde</span> <span class='ocrx_word' id='word_1_323' title='bbox 603 4533 660 4594; x_wconf 86' lang='lat' dir='ltr'>per</span> <span class='ocrx_word' id='word_1_324' title='bbox 687 4509 938 4576; x_wconf 82' lang='lat' dir='ltr'>Ambusietores</span> <span class='ocrx_word' id='word_1_325' title='bbox 954 4506 1170 4574; x_wconf 78' lang='lat' dir='ltr'>dunueusium</span> 
     </span>
    </p>
   </div>
   <div class='ocr_carea' id='block_1_4' title="bbox 51 4614 1169 4790">
    <p class='ocr_par' dir='ltr' id='par_1_4' title="bbox 1 4607 1169 4790">
     <span class='ocr_line' id='line_1_37' title="bbox 51 4614 1169 4704; baseline 0.004 -24.786"><span class='ocrx_word' id='word_1_326' title='bbox 51 4614 192 4686; x_wconf 81' lang='lat' dir='ltr'>hebentes</span> <span class='ocrx_word' id='word_1_327' title='bbox 211 4621 361 4704; x_wconf 73' lang='lat' dir='ltr'>capitula</span> <span class='ocrx_word' id='word_1_328' title='bbox 377 4623 409 4685; x_wconf 90' lang='lat' dir='ltr'>in</span> <span class='ocrx_word' id='word_1_329' title='bbox 427 4622 585 4700; x_wconf 84' lang='lat' dir='ltr'>munibus,</span> <span class='ocrx_word' id='word_1_330' title='bbox 611 4623 733 4686; x_wconf 86' lang='lat' dir='ltr'>dietum</span> <span class='ocrx_word' id='word_1_331' title='bbox 751 4621 811 4686; x_wconf 82' lang='lat' dir='ltr'>t&#39;uit</span> <span class='ocrx_word' id='word_1_332' title='bbox 830 4620 931 4702; x_wconf 75' lang='lat' dir='ltr'>nubis,</span> <span class='ocrx_word' id='word_1_333' title='bbox 949 4617 1091 4699; x_wconf 80' lang='lat' dir='ltr'>qualiter</span> <span class='ocrx_word' id='word_1_334' title='bbox 1108 4620 1169 4703; x_wconf 88' lang='lat' dir='ltr'>ipsi</span> 
     </span>
     <span class='ocr_line' id='line_1_38' title="bbox 1001 4723 1061 4790; baseline 0 0"><span class='ocrx_word' id='word_1_335' title='bbox 1001 4723 1061 4790; x_wconf 78' lang='lat'>20*</span> 
     </span>
    </p>
   </div>
   <div class='ocr_carea' id='block_1_5' title="bbox 0 0 1572 5254">
    <p class='ocr_par' dir='ltr' id='par_1_5' title="bbox 0 0 1572 5254">
     <span class='ocr_line' id='line_1_39' title="bbox 0 0 1572 5254; baseline 0 6"><span class='ocrx_word' id='word_1_336' title='bbox 0 0 1572 5254; x_wconf 95' lang='lat' dir='ltr'> </span> 
     </span>
    </p>
   </div>
  </div>
 </body>
</html>
