3134 5254
407 366 472 428 224
763 381 994 427 uurromucauur
1012 369 1180 426 naumann.

406 541 494 607 tibus
510 541 603 608 nobis
620 541 653 606 in
670 539 743 607 istis
768 540 926 620 terminis,
952 541 1027 624 quic
1048 539 1139 606 aliud
1157 539 1264 606 facere
1281 561 1345 606 non
1362 559 1516 624 possemus,

407 672 466 715 nec
481 650 581 716 etiam
604 649 770 715 videretur
796 649 889 714 nobis
914 647 1108 728 faciendum,
1125 649 1194 732 ipse
1209 647 1394 715 licenciabit
1417 669 1477 726 nos
1491 655 1515 710 et

407 757 544 824 indicto
560 778 636 828 casu
662 779 723 842 pro
749 779 842 841 posse
860 758 1059 823 conabamur
1076 763 1188 840 petere
1204 756 1346 841 aliquem
1363 755 1516 822 terminum

406 867 544 950 abipso
570 865 700 932 domino
727 863 866 946 Karolo,
892 872 929 930 ut
962 865 1195 949 predictaper
1220 887 1279 931 nos
1307 863 1358 931 vel
1390 865 1517 950 aliquem

406 982 551 1041 nostrum
568 975 618 1042 uel
634 975 732 1042 aliter
748 975 909 1058 possimus
925 973 1094 1040 notificare
1115 972 1271 1041 Dominio
1287 973 1417 1054 Vestro,
1432 981 1462 1039 ct
1475 994 1517 1036 er·
1565 967 1566 970 ’

406 1089 537 1168 pectere
561 1083 801 1168 responsionem
826 1104 936 1163 suam;
960 1090 1154 1164 asserentes,
1170 1082 1317 1167 predicta
1342 1081 1382 1148 de
1398 1080 1517 1148 necessi·

405 1199 474 1261 tate
491 1201 641 1281 oportere
657 1200 735 1260 nota
761 1193 867 1259 facere
893 1191 1116 1259 Dominationi
1144 1193 1275 1276 Vestre,
1291 1213 1355 1278 que
1371 1211 1516 1276 nunquam

406 1322 542 1386 pensare
558 1303 726 1388 potuisset,
745 1301 805 1367 hec
828 1301 993 1368 devenisse
1021 1301 1062 1366 ad
1082 1301 1238 1368 terminos
1255 1300 1427 1388 predictos.
1441 1299 1517 1364 Bene

406 1411 491 1475 enim
516 1412 638 1495 pluries
663 1410 757 1476 nobis
784 1410 867 1475 dixit
893 1411 1042 1475 dominus
1068 1410 1214 1476 Karalus
1240 1411 1418 1496 predictus,
1445 1407 1518 1493 quod

407 1521 590 1585 ‚lanuenses
606 1520 759 1585 dicebant
775 1520 913 1585 tractari
930 1518 1048 1584 debere
1065 1518 1105 1585 de
1121 1541 1200 1604 pace
1215 1541 1276 1603 pro
1293 1519 1417 1585 honore
1427 1516 1517 1600 Regio

407 1647 503 1710 super
520 1626 614 1692 litore'
641 1634 673 1693 et
699 1634 818 1693 catena
841 1634 975 1707 restra3
1001 1625 1205 1710 concludens,
1222 1627 1389 1711 quodnisi
1406 1627 1460 1692 hec
1473 1622 1517 1688 fie-

405 1742 482 1801 rent
498 1736 560 1816 hic,
577 1737 621 1802 ibi
638 1735 723 1802 male
733 1735 805 1804 fieri
820 1740 994 1820 poterunt;
1020 1737 1098 1820 quia
1115 1758 1223 1803 omnes
1240 1741 1336 1803 erunt
1352 1738 1412 1802 sub
1427 1733 1519 1811 armis,

406 1847 439 1908 et
455 1846 574 1909 attenti
601 1843 644 1910 ad
669 1844 736 1910 alia
761 1864 858 1929 qoam
884 1845 927 1909 ad
943 1866 1066 1929 pacem.
1083 1841 1317 1912 Concludimus
1334 1864 1413 1928 ergo
1428 1863 1463 1908 ex
1478 1839 1519 1904 bis

406 1951 787 2033 omnibus,oonsiderata
812 1974 932 2036 magna
957 1975 1023 2037 spe,
1048 1974 1146 2038 quam
1171 1951 1355 2019 Janucnses
1375 1949 1518 2018 dederunt

405 2059 476 2124 istis
492 2059 533 2126 de
550 2061 727 2127 obtinendo
742 2059 930 2128 fortiliciam
957 2059 1072 2128 Sancti
1096 2063 1130 2129 N
1132 2062 1238 2145 icolni,
1254 2062 1344 2144 quod
1361 2061 1470 2126 habito
1482 2057 1520 2120 in·

406 2165 598 2235 formatione
638 2191 779 2251 suorum,
805 2171 858 2252 qui
900 2170 1030 2235 iverunt
1055 2170 1098 2234 ad
1125 2168 1398 2253 supervidendum
1428 2166 1517 2233 locum

405 2275 596 2358 predictum,
612 2299 675 2360 que
693 2278 763 2358 erit,
779 2285 817 2343 ut
831 2283 994 2360 putamus,
1011 2277 1187 2342 secundum
1202 2277 1415 2342 intentionem
1428 2275 1453 2341 J
1454 2293 1520 2341 anu-

406 2383 549 2466 ensium;
566 2384 680 2450 habito
696 2390 842 2468 respectu
860 2385 1013 2451 etiamad
1025 2385 1238 2470 cupiditatem
1249 2383 1332 2450 lucri
1348 2411 1354 2451 :
1371 2381 1455 2468 quod
1468 2381 1520 2464 ipsi

405 2491 600 2575 immediate,
626 2515 660 2558 se
685 2491 904 2559 transferrent
927 2493 971 2560 ad
996 2493 1102 2560 locum
1129 2493 1321 2578 predictum.
1347 2491 1418 2558 Nec
1433 2487 1520 2557 credi·

405 2621 486 2682 mus,
502 2600 589 2686 quod
605 2601 822 2668 effectualiter
833 2602 876 2667 ad
887 2600 1029 2686 aliquem
1055 2607 1232 2668 tractatum
1249 2602 1341 2686 pacis
1357 2598 1522 2684 procedant

403 2709 492 2775 ultra
521 2709 654 2776 modum
679 2710 934 2794 suprascriptum
960 2711 1099 2794 petitum
1129 2732 1187 2795 per
1219 2731 1283 2792 cos,
1314 2710 1377 2774 nisi
1408 2705 1519 2789 experi-

406 2825 504 2882 antur
520 2816 683 2900 quomodo
709 2839 742 2883 se
768 2817 932 2882 invenient
956 2818 990 2881 iu
1015 2817 1192 2902 pugnanda
1207 2817 1363 2883 fortilicia
1378 2814 1520 2900 predicta.

406 2923 502 3008 Quod
518 2927 618 2992 etiam
635 2927 716 2992 satis
743 2947 893 3010 expresse
918 2925 1067 2992 dominus
1093 2926 1238 2992 Karolus
1268 2925 1364 2992 nobis
1380 2925 1469 3004 dixit,
1483 2921 1521 2986 di·

405 3033 519 3116 cando,
552 3034 639 3116 quod
666 3055 730 3100 non
765 3033 928 3118 putabant
957 3035 1063 3119 decipi
1089 3057 1109 3100 a
1133 3034 1375 3116 Janueusibus3
1407 3041 1438 3098 et
1462 3037 1521 3097 esto

405 3142 493 3226 quod
518 3151 650 3228 possent
676 3142 791 3227 decipi,
815 3143 923 3210 facere
948 3144 1100 3211 volebant
1121 3145 1265 3212 debitum
1287 3165 1390 3210 suum.
1413 3143 1458 3208 Et
1472 3160 1522 3224 pro

403 3256 497 3317 tanto
522 3274 594 3317 cum
620 3254 708 3318 omni
732 3254 911 3320 reverentia
936 3259 970 3319 et
994 3251 1153 3320 fidelitate
1178 3253 1332 3320 Dominio
1354 3252 1470 3321 Vestro
1484 3248 1522 3310 in·

406 3359 604 3427 stantissime
621 3361 851 3446 supplicamus,
877 3367 1039 3445 quatenus
1066 3362 1220 3446 dignetur
1241 3359 1391 3427 omnibus
1405 3365 1524 3443 postpo-

406 3467 477 3534 sitis
494 3468 660 3535 attendere
676 3475 710 3535 et
726 3467 855 3536 attendi
880 3469 987 3535 facere
1014 3468 1101 3535 circa
1128 3490 1255 3535 omnem
1271 3468 1521 3535 fortificationem

405 3576 594 3660 possibilem
610 3576 761 3644 fortilicie
777 3577 933 3662 predicte,
949 3583 1017 3643 tam
1033 3600 1054 3644 a
1068 3585 1162 3662 parte
1178 3579 1278 3646 maris
1289 3599 1387 3662 quam
1403 3600 1424 3644 a
1439 3579 1523 3660 parte

404 3689 501 3764 terre,
517 3685 669 3750 aretiam
684 3691 799 3752 catone
824 3691 938 3769 portus
957 3687 1067 3767 vestri,
1100 3692 1133 3751 et
1162 3685 1313 3768 quodibi
1344 3685 1410 3750 sint
1425 3689 1525 3768 gentes

405 3793 565 3876 armigera
581 3798 614 3858 et
629 3792 809 3876 balistrarij
836 3792 870 3856 in
895 3813 994 3876 quam
1020 3793 1140 3878 majori
1165 3814 1302 3859 numero
1319 3791 1390 3859 fieri
1405 3790 1524 3876 poterit,

406 3921 479 3965 cum
495 3900 553 3966 isti
570 3899 735 3968 confidant
759 3901 898 3967 multum
924 3920 1022 3985 posse
1048 3900 1196 3967 obtinere
1213 3902 1428 3968 intentionem
1444 3918 1524 3964 suam

407 4030 465 4093 per
490 4031 529 4076 ea
555 4030 619 4093 que
643 4010 797 4091 videmus,
828 4015 964 4095 propter
995 4009 1236 4075 multitudinem
1267 3997 1526 4076 balistrariorum.

405 4138 504 4201 quam
520 4117 644 4184 habent
658 4118 851 4198 J'anuenses,
878 4125 912 4184 ct
938 4116 1159 4200 ungarorum,
1186 4117 1524 4196 theutonicorum

406 4225 570 4291 hominum
580 4226 825 4310 armigerorum,
842 4247 924 4309 quos
941 4247 1062 4309 ponere
1076 4224 1252 4291 intendunt
1262 4246 1361 4309 super
1370 4225 1449 4290 litus
1464 4242 1525 4306 pro·

405 4332 538 4400 dictum.
566 4335 691 4400 Dicunt
716 4335 811 4418 enim,
839 4334 1087 4419 quodpropter
1113 4334 1354 4402 multitudinem
1385 4331 1526 4417 gentium,

405 4463 504 4525 quam
528 4441 704 4526 habebunt,
730 4442 855 4509 dabunt
880 4445 966 4508 omni
994 4441 1045 4508 die
1071 4441 1175 4509 multa
1191 4447 1225 4508 et
1241 4442 1410 4528 sepissima
1425 4439 1526 4525 prelia,

404 4571 467 4634 que
483 4549 624 4616 finaliter
634 4558 744 4632 gentes
770 4558 875 4617 vestre
886 4552 1068 4618 substinere
1085 4572 1149 4616 non
1166 4556 1328 4634 poterunt.
1345 4549 1521 4617 Habuimus
