3190 5252
621 333 715 394 1382.
1167 333 1232 394 463

96 501 385 574 CCCLXXXII.
411 506 464 571 die
487 505 593 572 XIII.
609 508 728 572 mensis
743 508 769 573 J
771 506 900 591 anuarij
920 507 1031 590 quinte
1048 506 1233 573 indictionis

1 645 2 648 ¹
96 613 289 696 Regnorum
305 621 492 680 nostrorum
510 636 595 680 auno
612 616 729 698 primo.

1 727 2 730 ¹
97 739 283 806 (Ugyanazon
296 741 436 794 Durazzoi
450 743 501 792 111.
512 743 620 808 Karoly
632 742 780 805 kirtlynak
794 745 870 793 1382.
885 741 1003 792 martius
1016 742 1092 792 13-ki
1104 749 1228 806 megertt·

424 832 553 883 sitesebol
567 831 639 882 mint
652 832 735 882 alabb
749 836 808 883 230.
822 847 859 882 ez.
874 835 910 894 a.)

631 1125 705 1185 226.

96 1281 160 1343 III.
177 1283 348 1347 Duraazoi
372 1283 498 1369 Kdroly
522 1281 648 1346 sicilici
677 1283 859 1368 kirdtynak
875 1287 1136 1348 dsszeczdnar'tdca
1152 1283 1234 1348 bizo-

95 1413 175 1476 nyos
192 1391 443 1472 icereekedt'kkel,
472 1391 784 1478 Magyaroreadqbdl
811 1393 991 1456 altdoozcsu
1007 1396 1060 1458 ota
1077 1404 1130 1458 tett
1147 1394 1226 1456 autr-

486 1499 615 1584 sdyekre
631 1500 732 1562 ne‘zve.
753 1500 846 1564 1382.

317 1659 422 1726 Certis
438 1660 682 1727 mercatoribus
880 1735 887 1750 ι

206 1762 436 1848 Significamus
470 1768 569 1849 vobis,
595 1768 682 1851 quod
713 1768 804 1833 iuxta
829 1767 1092 1834 informationem
1118 1767 1233 1835 datam

96 1879 209 1937 nostre
226 1870 325 1940 Curie
351 1897 408 1960 per
423 1884 455 1940 te
482 1875 648 1957 Angelum
665 1899 724 1959 pro
741 1882 812 1941 toto
828 1877 987 1959 preterito
1004 1882 1159 1962 tempore,
1175 1901 1234 1941 nu-

1 2046 2 2052 *
95 1980 256 2046 merendo
282 1982 386 2048 silicet
412 2005 432 2049 a
457 1984 561 2068 primo
588 1983 641 2047 die
662 1983 809 2048 redditus
825 1983 928 2048 nostri
943 1984 983 2048 de
1000 1984 1150 2069 Vngaria
1167 2007 1231 2068 quo

1 2078 2 2083 ¹
95 2088 128 2152 in
144 2090 216 2154 alio
232 2096 324 2154 statu
334 2111 473 2172 eramus
484 2091 540 2174 qui
556 2091 618 2155 fuit
633 2090 720 2154 infra
736 2112 857 2156 annum
874 2093 1116 2175 quartodecimo
1129 2091 1231 2157 indic-

95 2197 196 2261 tionis
214 2199 361 2279 proximo
377 2201 544 2282 preterito,
554 2205 587 2263 et
603 2221 704 2282 usque
720 2219 778 2282 per
795 2205 900 2264 totum
916 2221 1059 2266 mensem
1075 2199 1100 2265 J
1101 2202 1230 2285 anuarij

1 2287 2 2292 ἵ
95 2307 175 2370 anni
202 2313 319 2388 quarte
343 2306 532 2373 indictionis
558 2329 662 2391 nuper
689 2307 809 2390 elapse,
834 2309 936 2373 visam
963 2316 995 2373 et
1012 2311 1234 2374 examinatam

93 2435 152 2497 per
169 2411 430 2480 Thesaurarium
444 2423 592 2480 nostrum
611 2416 777 2480 invenitur
791 2421 825 2480 te
841 2418 1002 2499 recepisse
1019 2454 1062 2463 -
1076 2455 1118 2463 -
1131 2455 1172 2463 —
1190 2453 1233 2463 -

1 2605 2 2608 Ἴ
95 2529 157 2588 etc.
172 2521 242 2586 Die
269 2521 394 2588 XXII.
409 2522 564 2607 Januarij
593 2524 635 2593 V.
659 2523 847 2589 indictionis
872 2523 1062 2606 Regnorum
1087 2533 1233 2593 nostrum

1 2663 2 2666 ¹
96 2651 185 2696 anno
211 2651 325 2713 primo.

96 2739 132 2800 (A
157 2739 300 2804 ›Registri
323 2739 474 2805 Angioini«
501 2745 560 2791 358.
584 2741 679 2792 azimis
703 2741 853 2802 noteteuol,
876 2742 944 2807 Reg.
958 2742 1050 2793 Caroli
1063 2743 1115 2793 III.
1134 2745 1191 2793 loo.
1206 2745 1236 2804 l.)

594 2903 747 2914 ,μη-ἠ

629 3033 702 3096 227.

96 3190 125 3256 A
142 3191 300 3256 veieaczei
316 3194 590 3279 naqytandcsnak
605 3193 740 3257 calana
766 3191 796 3259 I.
812 3191 914 3280 Lajoa
939 3215 1081 3282 maqyar
1112 3195 1144 3261 c's
1170 3193 1235 3260 len·

359 3302 429 3386 ppei
450 3302 635 3388 kirdlyaak
653 3301 855 3386 kevetedqdre.
876 3305 971 3367 1382.

208 3459 308 3525 Anno
325 3457 621 3526 MOOOLXXXI.
632 3460 809 3528 indictione
825 3457 867 3530 V.
877 3459 930 3528 die
940 3461 1056 3530 XXX.
1069 3461 1235 3533 Januarii.

100 3565 192 3654 Cap
205 3575 251 3634 ta
267 3596 273 3634 :
291 3569 372 3636 Cum
390 3555 622 3637 serenissimus
639 3571 788 3638 dominus
804 3571 876 3638 Rex
901 3572 1074 3657 Hungarie
1090 3597 1149 3659 per
1178 3573 1234 3640 Se-

99 3677 276 3772 cretarium
293 3678 581 3745 Prothonotarium
609 3702 703 3746 suum
729 3681 931 3764 Stephanum
957 3705 1031 3748 cum
1057 3686 1123 3751 suis
1148 3685 1235 3750 litte·

98 3789 143 3851 ris
160 3787 372 3854 credulitatis
388 3789 482 3855 nobis
499 3790 616 3873 exponi
633 3789 745 3855 fecerit
761 3789 980 3856 ambaxiatam
999 3793 1141 3857 suumin
1158 3793 1231 3858 hac·

99 3893 217 3977 forma,
234 3896 386 3962 videlicet
403 3921 410 3964 τ

209 4001 296 4087 Quia
311 4006 379 4089 ipse
396 4006 547 4073 dominus
563 4007 636 4074 Rex
646 4015 696 4074 est
708 4006 885 4092 Magnifice
896 4008 1037 4074 Domino
1054 4009 1168 4075 Padue
1180 4011 1235 4076 ob·

99 4107 224 4196 ligatus
239 4113 274 4177 in
291 4117 527 4199 quinquaginta
544 4116 633 4181 mille
651 4117 782 4182 florenis
798 4119 850 4182 vel
865 4117 963 4201 paulo
990 4118 1071 4200 plus,
1099 4117 1139 4182 de
1165 4118 1235 4200 qui-

100 4217 161 4286 bus
178 4221 328 4286 dominus
344 4221 417 4289 Ren
433 4225 502 4306 ipse
527 4231 577 4290 est
593 4227 724 4290 omnino
751 4225 928 4309 dispositus
954 4224 1144 4290 satisfacere
1170 4227 1233 4310 ipsi

102 4327 248 4394 Domino
266 4329 399 4412 Padue3
416 4331 626 4399 considerans
637 4335 707 4417 ipse
718 4332 867 4399 dominus
879 4333 960 4414 Rex,
976 4332 1063 4416 quod
1073 4333 1234 4400 Dominus

103 4433 218 4501 Padue
236 4443 285 4502 est
300 4439 393 4504 nobis
410 4435 577 4524 obligatus
594 4443 628 4506 in
644 4448 735 4507 certa
751 4443 960 4526 pecuniarum
976 4443 1160 4523 quantitate
1177 4464 1235 4526 per

103 4541 241 4612 formam
259 4547 360 4630 pacis,
376 4554 409 4616 et
425 4547 512 4632 quod
529 4571 588 4615 nos
604 4556 638 4616 et
654 4547 836 4616 Commune
852 4557 999 4616 nostrum
1017 4548 1235 4618 Veneciarum
