3172 5254
593 376 687 437 1376.
1141 377 1202 440 137

85 554 249 635 colligatos,
265 553 463 618 adherentes
480 557 512 615 et
529 575 682 636 sequaces
699 553 815 634 vbiqne
827 553 1010 633 existentes,
1027 561 1058 618 et
1075 553 1203 636 predic·

1 654 2 726 ζ
87 667 146 724 turn
161 659 333 726 Dominum
350 660 477 740 Padue,
494 665 527 725 et
544 659 692 726 subditos
715 659 792 743 ejus,
816 658 937 742 fideles,
954 659 1133 745 colligatos,
1148 664 1203 729 atl-

1 767 3 842 ᾗ
86 766 219 834 herentes
235 775 268 833 et
285 789 448 852 sequaces,
475 768 592 852 vbique
618 769 795 834 existentes
812 767 1203 856 exalte1·e,quacumque

1 881 2 908 ³
86 875 199 940 ratione
215 876 264 940 rol
281 897 389 942 causa.
406 875 497 960 Quas
508 876 639 958 quidem
660 883 794 961 treugas
818 875 905 942 bona
922 877 985 942 fide
1001 878 1070 943 sine
1086 877 1203 944 frende

1 1018 2 1021 ¹
86 983 305 1049 inuiolabiliter
330 1005 462 1051 seruare
489 985 719 1068 promittimus
735 992 769 1049 et
785 991 932 1052 tenemur
958 1007 1058 1070 reque
1083 986 1202 1052 festum

1 1088 2 1098 ’
86 1090 287 1156 Pentecosten
313 1091 458 1176 proxime
483 1098 663 1172 venturum,
689 1096 722 1156 et
738 1090 782 1158 ab
798 1095 869 1175 ipso
884 1091 967 1158 sesto
984 1114 1084 1178 rsque
1101 1116 1195 1159 vnum

88 1219 190 1262 annum
215 1205 292 1264 tunc
318 1205 513 1285 sequentem.
541 1199 616 1284 Hijs
633 1201 738 1283 pactis
755 1207 786 1265 et
804 1200 1070 1279 condicionibus;
1097 1202 1203 1286 primo

1 1313 3 1382 l

90 1304 232 1386 videlicet,
249 1307 337 1390 quod
355 1306 488 1372 interim
506 1327 606 1389 vsque
618 1307 740 1372 dictum
756 1309 929 1374 torminum
947 1317 1072 1374 cessent
1089 1317 1121 1374 et
1138 1331 1203 1375 ces·

1 1485 2 1488 ¹
90 1436 150 1480 aare
165 1414 304 1480 debeant
321 1413 487 1480 hincinde
504 1417 607 1480 omnis
624 1437 758 1498 gwerra,
774 1417 913 1497 nouitas,
923 1417 1052 1483 iniuria.
1063 1416 1204 1502 dernpna

1 1514 3 1578 l
90 1531 115 1587 et
137 1522 287 1604 molestie,
313 1523 417 1588 realia
433 1530 466 1588 et
484 1523 677 1608 personalia.
704 1524 789 1588 Item
806 1522 892 1608 quod
912 1532 1048 1607 rtraque
1065 1546 1142 1608 pars
1158 1531 1204 1590 te·

1 1653 2 1656 *
90 1637 156 1695 neat
179 1637 211 1696 et
235 1632 400 1715 possideat
425 1631 561 1716 pacifico
578 1638 610 1697 et
628 1633 744 1715 quiete,
761 1637 793 1696 et
809 1633 932 1716 absque
959 1633 1107 1698 molestia
1123 1632 1203 1698 alte·

90 1740 147 1802 rins
169 1741 283 1822 partis,
300 1741 410 1804 omnia
427 1747 459 1805 et
485 1741 614 1823 singula
639 1746 756 1823 castre,
772 1740 942 1820 fortalicia,
958 1749 991 1806 et
1006 1741 1086 1820 loce,
1104 1763 1156 1806 res
1172 1751 1204 1806 et

1 1837 2 1861 ¹
89 1845 169 1927 bola,
193 1849 428 1934 centesimae*
446 1850 798 1934 acquisitaingwerra
823 1851 975 1934 presenti.
1003 1851 1088 1915 ltcm
1116 1849 1204 1934 quod

19 1985 22 1988 ·
89 1954 171 2036 eines,
186 1957 308 2023 subditi
326 1966 358 2023 et
375 1964 572 2024 mercatores
584 1959 755 2042 utriusque
765 1963 871 2044 partis
881 1959 1009 2044 possint
1024 1979 1096 2024 cum
1108 1959 1204 2043 plena

88 2066 246 2130 securitate
272 2065 316 2131 ad
343 2063 513 2147 Ciuitates,
540 2066 663 2132 'l'erras
688 2074 722 2132 et
738 2068 811 2132 loca
836 2068 1005 2151 utriusque
1031 2070 1133 2150 partis
1147 2069 1204 2150 ire,

88 2177 172 2254 stare,
195 2173 346 2240 recedere
371 2181 404 2240 et
425 2173 542 2258 redire,
568 2197 639 2240 cum
658 2175 814 2258 persenia
830 2173 1083 2242 mercationibus
1099 2183 1132 2241 et
1147 2175 1204 2242 bo-

89 2279 130 2344 nis
152 2301 270 2360 eorum,
294 2288 327 2347 et
341 2281 451 2348 iecere
476 2283 564 2348 lacta
590 2303 666 2361 sua;
691 2281 815 2367 absque
841 2282 988 2348 molestie
1014 2283 1064 2348 rel
1080 2284 1204 2367 inpedi-

89 2394 191 2470 mento,
215 2389 372 2455 soluendo
398 2389 501 2472 dacia,
527 2397 558 2455 et
585 2390 744 2457 seruando
770 2391 899 2456 ordines
917 2392 1031 2457 solitos
1057 2399 1204 2475 tempore

87 2495 175 2576 pacis
199 2495 284 2561 Item
310 2498 399 2579 quod
431 2499 582 2564 interium
609 2499 749 2564 durante
781 2499 867 2564 dicto
898 2501 1037 2565 termino
1071 2506 1204 2584 utraque

87 2621 155 2684 pars
177 2607 328 2669 teneatur
344 2605 473 2670 mittere
490 2605 738 2672 Arnbassiatem
765 2628 856 2679 suem
873 2607 914 2673 ad
933 2606 1132 2690 prelibatum
1150 2606 1204 2672 do·

87 2711 197 2776 minum
222 2711 346 2795 Regem
373 2713 521 2798 Vngarie
551 2737 611 2799 pre
642 2721 788 2782 tractatu
815 2723 848 2781 et
874 2716 1079 2781 conclusione
1104 2717 1204 2800 pacis,

87 2819 205 2900 qnando
229 2821 317 2886 idern
343 2820 491 2888 dominus
516 2824 587 2888 Rex
611 2825 767 2907 requiret.
793 2827 837 2889 Et
865 2823 1015 2907 predicta
1039 2825 1148 2893 omnia
1172 2831 1205 2889 et

86 2929 204 3011 singule
222 2933 293 2997 Nos
310 2929 470 2998 Albertus
496 2933 574 2998 Dux
592 2932 739 3015 prelatus
765 2932 948 3000 nominibus
974 2932 1204 3017 suprascriptis

85 3039 297 3118 promittimus
328 3061 429 3124 reque
460 3042 633 3106 terminum
665 3040 887 3125 supradictum
920 3047 1002 3121 rata,
1045 3040 1141 3104 firma
1171 3046 1205 3105 et

85 3150 172 3226 grata
196 3147 320 3214 habere
334 3156 366 3214 et
381 3157 500 3231 tenere,
525 3157 556 3215 et
572 3149 808 3217 inuiolabiliter
825 3150 1016 3228 observare;
1042 3155 1073 3212 et
1090 3153 1205 3213 contra

85 3274 127 3334 ea,
137 3255 183 3320 vel
199 3256 312 3340 aliqua
328 3279 439 3322 eornm
457 3257 657 3324 nullomodo
673 3259 723 3322 vel
743 3259 872 3340 ingenio
888 3258 1072 3337 facereret
1089 3257 1205 3337 venire,

84 3362 138 3426 sub
153 3385 235 3446 pena
252 3363 444 3433 ducatorum
461 3367 701 3451 quinquaginta
711 3366 800 3431 milia
817 3367 888 3432 auri
906 3363 1103 3449 applicanda
1118 3366 1206 3448 parti

84 3469 281 3552 obseruanti3
308 3494 373 3556 qna
399 3473 508 3539 solnta
533 3475 583 3539 vel
620 3496 683 3540 non
717 3473 865 3558 predicta
890 3473 998 3538 omnia
1024 3479 1057 3538 et
1076 3473 1206 3554 singula

85 3576 216 3644 debeant
250 3581 438 3660 obseruari3
482 3589 516 3646 et
548 3583 606 3648 sub
637 3581 838 3666 obligatione
870 3581 1013 3647 omnium
1045 3581 1204 3646 honorum

85 3693 274 3768 nostrornm,
299 3687 468 3755 mobilium
487 3697 516 3754 et
534 3688 724 3772 imobilium,
752 3690 948 3772 presentium
967 3695 1000 3753 et
1015 3688 1205 3754 futurorum.

83 3793 118 3857 lu
143 3798 373 3879 premissorum
398 3802 507 3862 autem
533 3796 629 3862 fidem
647 3805 678 3862 et
696 3797 892 3863 euidentiam
919 3798 1108 3881 pleniorem,
1136 3819 1206 3880 pre-

85 3910 186 3969 sentes
203 3905 333 3969 litteras
351 3901 420 3970 fieri
437 3904 671 3987 mandarimus,
689 3911 723 3969 et
737 3912 850 3970 nostre
867 3905 973 3986 sigillo
990 3905 1121 3988 pellenti
1138 3927 1206 3970 mu·

82 4010 155 4095 niry.
177 4012 302 4078 Datum
320 4011 451 4077 Bellnni
467 4013 519 4078 die
536 4015 675 4096 septima
691 4014 809 4077 niensis
827 4011 1025 4077 Nouembris
1042 4033 1128 4078 anno
1140 4012 1205 4077 Do·

83 4119 154 4184 mini
170 4121 344 4186 millesimo
362 4121 589 4186 trecentesimo
607 4121 844 4205 septuagesimo
861 4127 961 4185 sexto.

82 4243 215 4309 (Eredetie
229 4247 404 4310 berhertyrin
418 4263 434 4295 a
449 4248 621 4312 herczegnek
635 4247 720 4311 liiggd
739 4248 857 4312 pecsetje
880 4249 958 4308 elati,
973 4263 989 4295 a
1002 4246 1073 4295 becci
1088 4247 1206 4296 csasztri

83 4339 160 4388 titkos
181 4340 363 4390 lereltrirban.
386 4339 471 4402 Iripot
493 4339 609 4388 aristi-iai
623 4339 795 4402 herczegnek
816 4353 908 4402 rigran
922 4353 991 4388 ozon
1007 4337 1106 4400 helyen
1120 4338 1148 4386 es
1158 4351 1205 4386 ns·

84 4443 131 4490 pon
152 4445 279 4496 ugyazon
303 4430 442 4493 targyban
464 4430 574 4480 kiarlott
593 4429 748 4491 okmrinyrit
769 4429 828 4478 laod
853 4431 876 4478 b.
890 4429 1031 4490 Horrnayr
1052 4428 1206 4490 domestici,

19 4565 25 4572 .
84 4517 239 4571 Geschiclrte
259 4521 310 4570 der
323 4521 497 4585 geffirsteten
510 4521 671 4569 erarscnan
692 4518 768 4567 'l'irol
792 4520 812 4566 l..
828 4519 884 4568 kbt.
900 4527 923 4568 2.
938 4533 959 4566 ι·.
984 4517 1113 4582 'l'tibiuga
1129 4522 1205 4568 laon.

84 4611 138 4657 360.
162 4611 196 4674 1.;
215 4627 232 4660 a
258 4610 397 4662 relenczei
420 4611 600 4672 kliztrirsasag
622 4609 771 4672 oknninya'rt
797 4608 1019 4672 perligVerrinel
1034 4609 1206 4660 marianeno

393 4701 483 4751 Murra
497 4701 658 4764 'Priviginna
671 4700 731 4749 XV.
744 4700 802 4750 ker.
819 4706 857 4748 lo.
872 4699 901 4760 1.)
